1081 1825
209 144 42 21 672
466 142 184 22 Talonpoikaissääty
662 142 50 17 1897.

181 215 62 21 lande
266 214 167 27 tjenstemännen
456 213 68 21 skulle
545 213 66 21 blifva
633 214 80 20 utsatta
730 212 33 21 för
778 218 80 15 samma
872 211 71 27 skymf
956 217 45 15 som

180 250 30 15 nu
224 244 97 20 kommer
336 242 26 22 de
378 242 177 22 svenskatalande
570 242 168 21 enbetsmännen
753 240 33 22 till
801 241 40 21 del.

249 272 111 21 Edusmies
382 270 54 23 Näs:
459 269 135 24 Beträffande
618 270 69 22 denna
708 269 60 27 fråga
791 269 94 22 ansluter
906 268 36 28 jag
957 268 43 27 mig

180 301 32 22 till
234 302 115 21 utskottets
371 300 142 26 betänkande,
536 299 86 22 hvarom
642 299 38 27 jag
701 299 46 21 icke
762 298 73 22 vidare
850 299 76 20 tänker
942 297 58 26 orda,

181 331 88 20 emedan
289 329 37 27 jag
348 335 62 16 anser
424 328 58 22 såväl
497 329 151 26 motiveringen
670 333 45 16 som
731 327 65 22 också
810 327 49 22 dess
874 327 58 22 kläm
948 328 52 19 rätt-

179 359 32 21 vis
233 359 39 21 och
291 358 69 21 tillika
377 358 27 27 på
423 357 39 22 sak
476 357 88 27 gående.
593 357 94 21 Emedan
700 357 36 26 jag
751 356 54 21 dock
820 356 39 21 har
874 355 68 27 ordet,
957 355 41 21 kan

178 387 38 28 jag
240 387 18 27 ej
282 387 111 22 underlåta
410 388 32 20 att
458 386 96 27 begagna
568 386 42 27 mig
626 385 22 22 af
662 385 92 22 tillfället
768 387 33 20 att
814 387 58 25 yttra
886 384 66 27 några
966 391 36 14 an-

180 416 121 27 språkslösa
316 415 39 22 ord
370 415 39 22 och
424 415 69 22 uttala
508 421 25 15 en
549 415 101 21 reflexion
666 415 49 21 med
730 414 115 27 anledning
860 413 23 22 af
897 413 103 22 nästföre-

180 445 80 27 gående
275 445 92 27 plenum,
384 445 26 21 då
426 445 68 21 denna
504 444 61 27 fråga
572 450 38 15 var
618 443 67 22 under
695 443 127 27 diskussion,
832 449 47 15 men
888 442 113 22 bordlades

181 475 32 20 till
228 474 41 26 dag
284 480 45 15 som
344 475 30 20 är.

248 503 34 20 Då
296 504 77 19 tvenne
388 507 92 22 grannar
494 502 27 26 på
536 501 131 22 landbacken
682 501 85 22 komma
782 502 32 20 att
828 501 27 21 bo
866 500 135 27 tillsamman,

180 531 89 22 likasom
291 531 141 26 landtdagsm.
455 530 111 21 Meurman
585 530 39 21 och
636 529 37 28 jag
688 531 52 20 sitta
755 530 7 21 i
776 529 92 26 ståndet,
884 529 23 22 så
922 529 80 21 händer

181 560 36 21 det
236 559 70 28 någon
324 559 61 27 gång,
401 561 32 20 att
447 560 21 20 vi
483 559 37 21 der
535 559 28 27 på
577 557 106 26 ,backen*
698 559 84 21 komma
797 559 7 20 i
820 558 118 27 opposition
954 558 48 21 med

180 589 126 21 hvarandra.
343 588 27 22 Sä
393 588 79 22 skedde
494 588 40 21 ock
556 588 67 21 under
644 586 176 28 nästföregäende
842 587 93 27 plenum.
970 587 32 20 Hr

181 618 110 21 Meurman
310 617 51 22 sade
376 617 8 21 i
398 616 74 28 början
488 616 23 22 af
525 616 36 22 det
575 616 105 27 föredrag,
696 622 45 16 som
756 616 42 22 han
813 616 45 21 höll
873 616 7 21 i
894 615 107 28 språkfrå-

180 652 47 21 gan,
250 646 85 27 mycket
356 645 76 22 sådant
446 652 46 15 som
508 645 17 27 ej
541 648 25 18 är
580 645 62 22 värdt
656 646 32 20 att
703 645 103 27 bemötas,
821 644 86 22 hvarför
920 644 37 27 jag
971 644 31 22 äf-

180 681 40 15 ven
242 675 81 21 lemnar
348 674 36 22 det
410 674 87 22 derhän.
533 674 50 22 Men
605 673 53 22 efter
680 676 33 19 att
735 673 64 22 hafva
819 674 80 21 uttalat
922 673 79 22 önskan

181 710 34 15 om
233 704 151 21 kadettkårens
402 702 140 28 förfinskning
558 702 110 22 fortsätter
682 702 51 22 han:
749 702 67 28 ,Från
831 702 26 22 de
873 702 61 22 civila
948 702 54 27 tjen-

180 735 81 19 stemän
290 738 45 16 som
358 733 36 20 äro
418 732 106 26 okunniga
545 732 8 21 i
572 731 68 22 finska
655 732 92 26 språket,
762 731 42 21 blir
819 730 72 22 landet
905 737 26 15 en
946 731 56 27 gång

181 762 59 26 qvitt,
264 762 27 21 då
314 761 25 21 de
362 761 58 26 sista,
442 760 72 22 hvilka
536 760 64 27 aflagt
624 766 87 16 examen
726 760 46 22 före
788 760 62 27 1867,
865 760 90 21 vandrat
969 760 33 21 till

180 790 109 22 Valhallas
304 790 63 26 salar,
383 790 37 20 der
436 789 26 21 de
477 789 46 21 icke
537 789 66 21 blifva
618 789 72 21 störda
705 789 23 21 af
741 789 69 26 någon
818 788 135 22 fennoman".
969 788 33 22 Nå

180 819 40 27 väl,
243 819 28 22 då
293 818 61 22 äfven
378 818 25 21 de
426 818 175 22 svenskatalande
623 817 109 22 bönderna
746 818 7 21 i
769 818 71 21 landet
855 818 7 21 i
877 817 42 22 allo
935 817 67 22 räkna

182 849 46 20 sina
243 853 52 16 anor
310 847 53 22 ifrån
380 847 62 21 dessa
457 847 129 26 tjenstemän
600 846 40 22 och
650 847 90 21 sålunda
750 847 66 26 enligt
826 847 25 20 hr
860 846 142 27 landtdagsm.

181 876 121 22 Meurmans
318 882 51 21 egen
384 876 111 27 anvisning
510 876 85 21 komma
609 876 33 20 att
651 875 55 21 bebo
716 875 110 22 Valhallas
836 875 63 26 salar,
910 875 24 22 så
944 875 58 21 fruk-

180 906 34 20 tar
234 905 42 27 jag,
299 906 33 20 att
354 905 20 20 vi
396 904 98 28 samtliga
512 905 54 20 både
581 904 127 27 tjenstemän
723 904 39 21 och
776 904 88 26 bönder,
879 910 46 15 som
939 903 63 22 hafva

180 933 104 22 svenskan
303 933 33 22 till
354 933 47 21 vårt
416 933 133 26 modersmål,
565 933 84 21 komma
664 934 32 19 att
711 932 64 22 också
790 934 68 20 störas
874 933 38 21 der
926 933 24 21 af
961 933 39 21 Lo-

180 963 38 21 kes
240 962 122 27 bultningar
384 961 28 28 på
432 961 77 22 dörren
532 962 99 26 antingen
650 961 42 22 han
705 963 25 20 är
744 961 98 22 anförare
858 961 33 22 för
906 961 41 22 den
962 968 40 15 ena

181 991 51 22 eller
247 991 40 22 den
303 991 66 21 andra
385 991 26 20 då
426 991 7 20 i
448 991 41 20 allo
504 991 66 20 redan
586 989 109 22 dödblifna
710 990 115 22 moraliska
838 990 162 27 rättsprincipen

180 1020 39 21 och
235 1020 47 21 dess
298 1019 94 22 väktare.
425 1019 109 22 Professor
549 1019 105 21 Ahrenius
669 1020 69 25 yttrar
752 1019 33 27 sig
799 1019 7 22 i
820 1019 32 22 sin
863 1018 137 23 landtbruks-

180 1049 100 27 praktika
302 1048 108 27 angående
433 1047 96 22 förädlad
547 1048 160 27 husdjursstam,
730 1049 32 20 att
780 1048 127 27 korsningen
922 1047 34 22 för
970 1049 32 20 att

181 1077 71 27 uppnå
274 1083 26 16 en
322 1077 66 26 något
410 1076 23 22 så
455 1079 39 19 när
515 1077 112 26 fullblodig
647 1082 34 16 ras
702 1076 39 21 bör
756 1076 110 22 fortsättas
882 1076 32 27 sju
930 1077 12 20 &
957 1076 45 22 åtta

180 1107 86 26 gånger.
296 1105 81 22 Sådant
397 1105 43 22 kan
460 1105 23 27 ju
509 1105 114 27 långtifrån
646 1105 46 21 icke
707 1105 107 27 tillämpas
828 1105 28 27 på
871 1105 130 26 menniskor;

180 1141 49 16 men
244 1135 36 21 det
296 1134 88 22 oaktadt
398 1133 80 22 känner
492 1133 36 28 jag
543 1133 48 28 sjelf
604 1134 34 21 för
652 1134 43 21 min
708 1134 97 21 enskilda
816 1134 33 21 del
860 1135 32 20 ett
902 1134 100 21 särskildt

180 1165 54 20 stort
248 1163 66 22 behof
327 1163 62 21 deraf
402 1163 39 21 och
456 1163 62 22 äfven
533 1163 33 21 för
581 1163 57 21 mina
653 1162 181 22 efterkommande
849 1162 34 22 för
897 1164 32 20 att
940 1163 61 21 desse

180 1193 54 21 efter
256 1192 43 27 mig
318 1191 102 22 särskildt
434 1191 34 22 må
482 1192 73 21 kunna
569 1191 66 22 blifva
650 1191 84 28 invigda
749 1192 7 21 i
771 1191 41 22 den
827 1191 70 22 allena
912 1192 90 27 saliggö-

180 1222 66 21 rande
268 1220 127 28 nationella
418 1220 80 22 läran".
529 1220 40 22 Om
591 1220 74 22 herrar
686 1220 73 22 ledare
780 1220 34 22 för
836 1220 40 22 den
894 1220 108 22 nationela

180 1250 94 21 rörelsen
296 1250 8 20 i
325 1249 49 21 vårt
395 1248 50 22 land
467 1249 133 21 händelsevis
618 1249 46 21 icke
680 1249 28 21 ha
723 1248 65 22 behof
802 1248 23 22 af
838 1249 67 27 något
919 1248 81 28 sådant,

180 1279 24 21 så
218 1281 24 19 är
258 1278 59 22 detta
332 1277 62 22 deras
409 1277 67 27 lycka,
492 1278 56 21 helst
562 1284 46 15 som
623 1278 26 21 de
664 1277 43 22 lärt
722 1278 32 26 sig
764 1277 45 22 tala
819 1277 37 22 det
867 1278 132 26 ,nationela*

180 1307 86 27 språket
288 1308 52 20 utan
362 1308 33 20 att
408 1306 95 22 hvarken
518 1306 90 22 behöfva
623 1308 89 20 stamma
726 1307 53 21 eller
793 1308 98 25 repetera
906 1307 35 21 vid
956 1307 45 21 sina

179 1336 162 27 uppträdanden
356 1336 7 20 i
378 1335 46 21 vårt
439 1334 69 22 stånd.
542 1346 2 2 -

248 1364 33 21 En
299 1364 69 26 logisk
385 1364 51 26 följd
451 1364 47 21 utaf
512 1364 36 20 det
562 1364 72 25 allvar,
650 1370 45 15 som
710 1364 62 21 alltid
786 1364 80 27 utgjort
881 1364 36 21 det
931 1364 70 22 finska

180 1392 164 21 bondeståndets
366 1392 66 21 kärna
455 1392 39 21 och
515 1391 86 27 stjärna,
624 1394 24 19 är
670 1393 32 20 att
716 1398 48 15 man
780 1392 67 21 sällan
862 1398 35 15 ser
911 1393 89 26 minspel

180 1421 90 21 oaktadt
295 1419 105 28 påtagliga
425 1419 77 22 brister
528 1420 35 21 vid
586 1421 25 20 de
634 1420 96 21 enskilda
752 1420 248 22 ståndsmedlemmarnas

179 1449 147 28 uppträdande
349 1450 7 20 i
374 1448 91 27 ståndet,
480 1454 26 15 en
522 1448 156 27 omständighet
692 1455 46 15 som
752 1448 36 27 jag
802 1449 19 27 ej
837 1449 117 22 underlåtit
968 1451 33 20 att

180 1478 56 22 fästa
250 1479 43 21 min
308 1477 98 22 enskilda
421 1477 187 27 uppmärksamhet
622 1477 42 27 vid,
680 1477 40 22 och
735 1483 45 16 som
795 1477 75 23 länder
884 1478 58 22 såväl
952 1478 48 22 dess

179 1507 91 22 ledande
291 1508 48 20 män
362 1506 32 22 till
416 1506 65 22 beder
500 1513 44 15 som
560 1506 61 22 äfven
637 1506 67 28 öfriga
719 1506 219 23 ståndsmedlemmar.
967 1507 33 22 Då

180 1536 96 22 finnarna
299 1535 66 22 blifva
387 1535 23 22 så
432 1535 85 22 bildade
539 1537 32 20 att
590 1536 26 21 de
631 1536 71 21 kunna
717 1536 61 21 sköta
794 1536 31 27 sig
840 1535 80 28 sjelfva,
936 1536 27 22 då
978 1536 22 21 få
