1084 1800
170 125 55 21 1126
435 123 183 23 Talonpoikaissääty
631 125 49 17 1897.

137 197 39 27 jon
198 196 50 20 kuin
270 195 41 22 sitä
333 201 28 15 on
384 195 52 21 ollut
458 195 135 22 mahdollista
616 196 64 25 ottaa,
701 202 37 15 sen
753 196 49 21 vain
818 196 141 22 valiokunnan

137 226 103 26 jäsenenä
255 225 74 20 saatan
345 229 71 15 sanoa.
446 223 169 22 Valiokunnassa
630 229 28 15 on
673 225 49 19 näet
736 224 158 26 yksimielisesti
908 224 51 22 kan-

139 254 87 21 natettu
247 252 42 22 sitä
311 253 86 25 aatetta,
420 253 44 20 että
484 251 101 27 Karjalan
607 252 66 21 radan
690 252 62 26 jatko
770 252 47 22 olisi
837 252 122 27 tutkittava,

140 284 69 20 mutta
230 281 124 21 valiokunta
373 281 20 21 ei
411 280 33 22 ole
462 280 130 22 kuitenkaan
610 282 129 20 antautunut
753 280 106 23 sellaisten
874 282 86 21 vehkei-

139 311 57 27 lyjen
212 310 105 26 alaiseksi,
333 310 44 21 että
392 315 22 15 se
429 310 92 26 rupeaisi
536 310 130 21 edistämään
682 310 67 21 toisen
760 310 66 21 radan
836 310 74 26 jatkoa
920 310 40 22 toi-

140 346 37 16 sen
192 339 66 21 radan
271 338 74 27 jatkon
359 338 183 22 kustannuksella.
572 338 128 22 Valiokunta
716 344 26 16 on
757 338 101 22 katsonut
874 340 85 20 molem-

140 370 45 20 mat
203 368 75 21 olevan
294 368 30 20 eri
339 366 82 27 asioita,
437 367 31 21 eri
482 367 79 27 ratoja;
577 367 136 21 molemmilla
727 368 60 21 niillä
802 374 27 14 on
845 369 30 21 eri
890 368 69 22 tehtä-

141 399 65 19 vänsä
219 396 22 27 ja
255 396 116 21 sentähden
387 402 26 14 on
428 396 71 21 toinen
515 396 152 22 rakennettava
682 397 59 20 ensin
754 396 23 27 ja
792 397 71 21 toinen
876 396 84 27 jälestä.

141 425 26 22 Se
183 432 26 15 on
229 424 52 22 ollut
296 424 141 22 valiokunnan
452 426 48 20 aate
514 425 22 26 ja
551 424 124 22 valiokunta
690 431 33 19 on,
738 424 66 22 kuten
820 426 79 25 sanoin,
915 427 45 20 tätä

140 455 83 21 aatetta
241 453 147 21 kannattanut.
416 453 26 20 Ei
462 453 53 21 siinä
530 453 63 26 kyllä,
609 454 45 20 että
669 453 123 21 valiokunta
807 459 27 15 on
849 455 112 25 päättänyt

140 483 66 21 radan
229 481 185 22 rakennettavaksi
436 481 114 21 Iisalmelle
572 482 50 25 asti;
645 487 23 15 se
690 487 27 15 on
738 484 88 19 astunut
844 482 116 21 ikäänkuin

140 510 102 27 Karjalan
257 511 89 20 miesten
361 510 105 21 toiveiden
480 510 124 21 mukaiselle
619 510 98 21 kannalle
732 511 151 26 päättäessään
894 511 66 21 radan

140 539 153 22 rakentamista
318 539 123 20 ainoastaan
466 538 112 21 lisalmeen
603 539 46 24 asti,
672 538 81 21 kunnes
775 539 93 21 saadaan
890 539 71 21 nähdä

140 567 133 23 minkälaisia
295 567 94 21 tuloksia
406 567 56 20 tulee
477 567 172 24 tutkimuksesta,
664 566 50 27 joka
728 567 148 21 toivottavasti
892 568 69 21 toimi-

140 599 72 19 tetaan
235 595 101 27 Karjalan
353 595 68 21 radan
437 595 75 27 jatkoa
527 597 80 25 varten,
621 595 47 27 jota
683 595 122 22 valiokunta
820 602 27 15 on
862 596 99 22 ehdotta-

141 627 38 20 nut
194 624 179 23 toimitettavaksi.
395 624 79 21 Tämän
489 624 76 22 lausun
580 624 186 27 puolueettomana
780 624 120 27 henkilönä,
909 625 52 27 jolla

140 655 20 21 ei
182 654 33 21 ole
233 652 155 22 kummankaan
407 653 67 21 radan
488 653 90 22 suhteen
593 653 161 21 minkäänlaisia
769 653 93 27 erityisiä
878 654 83 21 harras-

141 682 76 27 tuksia,
239 688 54 16 vaan
311 682 109 21 isänmaan
434 682 85 26 yleinen
535 684 36 19 etu
586 682 167 22 silmämääränä.
784 682 116 28 Kumpikin
915 686 46 18 rata

141 718 28 16 on
191 712 86 21 minulle
300 711 51 26 yhtä
373 710 68 27 kallis,
460 711 57 21 minä
532 711 43 21 kun
590 710 98 22 kaikeksi
702 711 89 21 onneksi
806 717 26 15 en
847 718 39 14 asu
900 711 61 22 kum-

140 740 107 22 mankaan
268 740 68 20 radan
356 739 98 27 varrella,
476 745 54 15 vaan
551 739 76 22 sivulla
645 739 69 22 niistä.
744 739 79 22 Tämän
842 740 47 21 olen
904 740 57 22 minä

141 770 100 21 tahtonut
262 768 88 22 mainita
373 768 139 21 valiokunnan
536 768 103 27 puolesta.
669 768 113 22 Kannatan
800 768 161 27 kysymyksessä

141 798 74 22 olevaa
229 797 80 21 kohtaa
325 797 141 21 valiokunnan
482 798 116 21 mietinnön
613 796 98 22 mukaan.

209 826 111 21 Edusmies
343 825 152 27 Lagerström:
518 825 31 22 Pä
571 826 26 20 de
619 826 79 26 tydliga
718 826 98 25 grunder,
832 832 44 15 som
892 826 69 21 landt-

142 856 142 26 dagsmännen
306 854 98 26 Neiglick
422 854 38 21 och
480 854 86 21 Eklund
583 854 122 26 framhällit,
720 856 114 20 motsätter
849 854 63 22 äfven
926 854 36 28 jag

141 884 42 27 mig
199 883 120 27 byggandet
333 882 23 22 af
369 882 229 28 Kuopio—Idensalmi
613 883 76 21 banan.

210 912 110 22 Edusmies
338 910 82 24 Slotte:
442 911 73 22 Redan
532 912 27 21 dä
575 911 41 22 den
631 911 48 21 näd.
695 912 158 26 propositionen
868 912 94 21 remitte-

140 942 63 21 rades
228 941 34 22 till
282 940 89 26 utskott,
395 940 94 22 uttalade
509 940 38 27 jag
569 940 40 22 den
631 940 55 27 äsigt
708 941 31 20 att
759 940 204 27 jernvägsutskottet

141 970 67 22 borde
227 970 52 21 söka
293 970 33 20 att
340 969 76 21 arbeta
430 970 8 20 i
453 969 42 21 den
509 969 95 27 riktning
619 970 32 20 att
664 969 114 27 jernvägen
794 969 68 21 skulle
877 969 85 21 komma

141 1001 33 20 att
189 999 26 27 gä
231 999 23 21 sä
268 998 49 22 rakt
332 1004 45 16 som
393 998 81 28 möjligt
488 998 46 22 frän
551 997 82 22 Torneä
643 998 33 21 till
686 997 30 22 St.
727 997 135 27 Petersburg.
886 998 77 22 Denna

141 1028 24 22 af
185 1028 43 27 mig
246 1026 95 23 uttalade
362 1027 54 26 äsigt
430 1027 73 26 tyckes
519 1027 46 21 icke
580 1026 39 22 alls
634 1026 62 22 hafva
711 1026 76 22 vunnit
802 1026 92 27 anklang
908 1027 6 21 i
930 1028 33 20 ut-

142 1056 87 27 skottet,
249 1057 51 21 utan
318 1056 91 20 tvärtom
424 1056 40 20 har
479 1056 105 21 utskottet
598 1055 48 21 sökt
661 1056 65 26 draga
740 1055 70 21 banan
825 1055 8 22 i
848 1055 24 22 sä
886 1056 77 26 mänga

141 1086 41 21 och
203 1086 62 20 svära
286 1084 80 22 krokar
385 1090 45 15 som
445 1084 87 26 möjligt.
563 1084 94 21 Oaktadt
672 1090 80 15 samma
766 1084 149 27 förhoppning,
930 1085 33 19 att

141 1114 106 26 nemligen
269 1120 26 15 en
315 1113 88 26 jernväg
421 1112 68 22 skulle
506 1112 78 27 dragas
599 1113 7 21 i
620 1112 24 22 sä
659 1112 39 22 rak
712 1113 94 26 riktning
821 1118 45 16 som
882 1112 81 27 möjligt

142 1142 47 22 från
211 1142 84 22 Torneå
317 1141 32 21 till
372 1141 29 21 St.
423 1140 135 27 Petersburg,
578 1140 69 22 blifvit
667 1140 82 22 uttalad
764 1141 47 21 icke
826 1141 76 21 endast
916 1140 47 22 från

142 1172 85 26 Sverige
250 1172 51 20 utan
321 1170 61 21 äfven
396 1170 48 21 från
459 1169 78 27 Norge,
553 1170 39 21 har
607 1169 110 27 utskottet,
733 1175 45 15 som
792 1170 67 26 sagdt,
874 1169 47 26 följt
936 1176 27 14 en

142 1200 45 21 helt
205 1206 69 15 annan
293 1198 88 28 princip.
410 1198 43 21 För
470 1198 43 22 min
529 1198 34 21 del
578 1198 139 22 understöder
730 1198 36 27 jag
782 1198 8 22 i
803 1198 43 21 alla
862 1198 60 21 delar
937 1198 26 21 de

142 1229 25 21 af
187 1228 204 27 landtdagsmännen
412 1227 96 27 Neiglick
530 1227 40 22 och
591 1227 85 21 Eklund
698 1227 96 21 uttalade
812 1227 151 26 påståendena,

144 1259 32 20 att
190 1257 64 26 något
269 1256 70 22 beslut
353 1256 109 27 angående
478 1256 101 22 Savolaks
594 1256 81 21 banans
689 1255 135 27 förlängning
839 1255 45 22 icke
896 1255 67 22 måtte

144 1287 62 26 göras
227 1287 64 20 innan
314 1291 25 15 en
362 1291 107 20 noggrann
493 1285 158 26 undersökning
672 1285 24 20 af
712 1284 25 21 de
757 1284 67 27 bägge
838 1283 126 28 ifrågasatta

143 1315 96 22 banorna
262 1314 120 25 verkstälts,
404 1313 116 26 hvarjemte
537 1313 37 27 jag
592 1313 68 22 skulle
678 1324 27 3 —
725 1313 23 21 så
767 1313 69 26 tokigt
851 1312 35 21 det
901 1314 27 19 än
943 1312 21 21 lå

143 1345 34 18 ter
191 1343 28 20 be
234 1342 21 20 få
270 1342 69 20 uttala
354 1341 40 21 den
407 1341 141 26 förhoppning
557 1343 33 18 att
599 1341 109 26 samtidigt
718 1341 69 20 skulle
796 1341 132 20 undersökas
937 1351 25 4 —

145 1370 105 21 huruvida
265 1370 36 20 det
316 1369 46 21 icke
377 1375 50 15 vore
441 1369 124 26 lämpligare
581 1370 32 20 att
628 1368 61 26 flytta
702 1368 82 26 Kajana
794 1368 49 21 stad
852 1368 34 20 till
896 1367 67 21 Vaala

141 1401 30 19 än
194 1400 33 20 att
246 1398 69 27 bygga
333 1397 70 21 banan
420 1397 7 21 i
445 1396 23 22 så
482 1396 77 27 många
573 1396 80 22 krokar
667 1402 45 16 som
727 1396 107 22 utskottet
848 1396 115 27 föreslagit.

145 1427 138 22 Vaalabanan
298 1426 40 22 har
350 1426 37 26 jag
401 1426 66 21 redan
481 1425 36 22 vid
532 1425 127 27 föregående
673 1424 126 27 landtdagar
813 1424 97 22 förordat
924 1424 40 22 och

146 1457 118 21 detsamma
285 1457 39 25 gör
343 1455 37 26 jag
402 1454 62 22 äfven
482 1461 35 15 nu.
547 1454 68 22 Innan
633 1460 49 16 man
700 1454 82 22 skrider
800 1454 32 21 till
847 1454 24 22 så
886 1454 78 27 vigtiga

145 1485 106 27 åtgärder,
266 1484 40 21 bör
321 1490 25 15 en
361 1489 109 21 noggrann
480 1482 159 27 undersökning
648 1482 133 27 verkställas,
792 1482 24 22 så
826 1482 83 28 mycket
920 1488 45 16 mer

146 1521 45 16 som
210 1514 36 22 det
264 1516 23 19 är
306 1513 76 27 tydligt
397 1514 31 20 att
443 1512 106 22 Karelska
563 1512 80 22 banans
659 1511 134 27 förlängning
808 1511 32 21 till
856 1510 108 28 Uleåborg
