1078 1775
195 128 41 21 694
449 127 183 23 Talonpoikaissääty
644 127 49 18 1897.

166 199 104 22 äänelläni
284 199 73 21 voinut
372 198 115 22 kannattaa
500 198 100 22 kaikkien
609 200 37 25 nyt
655 198 162 27 kysymyksessä
827 198 81 22 olevien
919 199 65 27 tyttö-

165 227 99 27 koulujen
281 227 109 22 ottamista
403 227 79 21 valtion
498 228 110 20 huostaan.

234 254 112 23 Edusmies
368 254 92 23 Eklund:
483 255 11 21 I
513 255 68 22 likhet
600 255 47 21 med
665 254 26 23 hr
709 255 96 22 Oittinen
820 256 24 20 är
857 255 37 28 jag
908 255 23 22 af
945 254 40 22 den

167 284 60 27 åsigt,
244 285 32 20 att
291 284 35 22 det
341 286 24 19 är
379 284 95 22 hvarken
488 285 80 26 nyttigt
582 283 52 22 eller
648 283 74 28 nödigt
737 283 33 22 för
785 285 70 20 staten
869 285 32 21 att
908 283 76 22 under-

166 313 63 22 stöda
250 312 162 27 ifrågavarande
430 313 51 21 eller
500 313 68 21 andra
582 313 60 21 lärda
657 313 71 21 skolor
743 313 7 21 i
765 312 66 28 högre
846 313 53 27 grad
914 314 28 20 än
957 318 28 15 nu

166 341 98 28 gällande
278 341 35 28 lag
326 341 85 22 tillåter.
434 341 46 22 Den
495 341 61 22 lärda
570 341 123 27 bildningen
708 341 39 22 bör
762 341 47 22 icke
819 341 73 22 alltför
902 341 83 27 mycket

166 370 121 27 befrämjas.
309 370 58 21 Ifrån
382 370 146 21 universitetet
543 370 39 21 och
597 370 26 21 de
638 369 60 22 lärda
713 369 100 23 skolorna
828 370 62 27 utgår
905 369 81 28 årligen

167 405 26 15 en
215 399 78 27 mängd
315 405 56 21 unga
390 401 48 20 män
457 398 39 22 och
514 399 96 26 qvinnor,
624 404 46 15 som
685 399 47 21 icke
744 398 58 22 finna
817 399 127 26 anställning
958 397 28 28 på

166 427 228 27 tjenstemannabanan
417 427 38 22 och
476 427 46 22 icke
536 427 68 22 heller
619 427 27 26 på
661 427 40 22 den
716 427 111 27 praktiska
841 429 55 20 samt
910 427 76 22 åtmin-

168 459 60 19 stone
250 457 47 20 icke
318 456 71 21 kunna
411 455 106 22 användas
539 456 35 22 vid
592 455 70 28 gröfre
677 456 95 22 arbeten.
801 456 108 22 Fortsätta
924 456 20 21 vi
959 455 27 28 på

168 485 60 22 detta
250 486 49 23 sätt,
318 485 60 22 skola
394 485 21 21 vi
430 485 69 22 såsom
515 485 138 22 annorstädes
668 484 21 22 få
704 486 32 20 ett
751 484 125 28 proletariat
890 484 22 22 af
926 485 60 21 lärda

166 516 50 19 män
238 513 40 22 och
299 514 95 27 gvinnor,
413 513 71 22 hvilka
504 514 67 26 syssla
585 513 48 22 med
647 515 32 20 att
695 519 52 16 oroa
762 513 112 22 samhället
888 513 40 22 och
943 515 43 20 sär-

167 542 65 22 skildt
247 542 100 22 vilseleda
362 543 39 20 och
417 541 80 22 förföra
512 542 191 22 arbetareklassen.
727 541 39 22 Om
782 542 81 22 således
874 542 41 21 den
926 542 60 21 lärda

167 571 121 26 bildningen
310 571 33 21 för
364 571 133 21 närvarande
519 571 46 21 icke
587 573 23 19 är
630 570 7 21 i
654 570 66 22 behof
735 571 24 21 af
771 570 123 28 understöd,
910 571 24 21 så
947 571 39 21 bör

168 600 94 21 deremot
276 599 168 27 folkbildningen
460 600 38 21 och
514 599 249 27 fackmannabildningen
778 599 121 27 befrämjas.
924 600 10 20 I
949 599 37 22 fall

167 628 42 22 alla
224 628 7 22 i
246 628 58 22 detta
318 628 51 22 land
384 628 70 22 skulle
469 628 62 22 hafva
546 629 46 26 gått
607 629 7 21 i
629 627 105 23 folkskola
748 628 39 22 och
799 628 101 27 derjemte
910 628 76 22 vistats

166 656 36 22 vid
217 656 149 28 folkhögskola
380 657 52 21 eller
446 657 122 26 genomgått
583 662 26 16 en
624 657 149 21 motsvarande
789 656 51 23 kurs
854 658 56 20 samt
920 656 66 22 sedan

167 686 72 21 vidare
260 685 93 22 utbildat
375 685 31 27 sig
425 686 7 21 i
448 685 115 27 fackskola,
578 685 70 22 skulle
663 686 46 20 vårt
724 685 46 22 folk
785 685 7 21 i
806 684 132 23 förhållande
953 685 33 21 till

167 714 48 22 dess
234 714 78 27 mängd
330 720 50 15 vara
396 714 36 21 det
446 714 79 21 rikaste
541 714 39 22 och
595 714 126 26 mäktigaste
736 714 7 20 i
758 714 49 22 hela
821 714 93 22 verlden.
943 714 43 21 Det

167 744 24 21 är
206 742 82 22 således
304 742 33 22 för
352 742 166 28 folkbildningen
530 742 39 22 och
578 742 149 22 fackskolorna
737 748 46 16 som
793 742 26 22 de
829 742 75 26 medel,
915 742 71 22 hvilka

167 771 34 22 stå
216 771 32 21 till
263 771 62 26 buds,
339 771 8 21 i
362 771 88 21 främsta
465 773 92 20 rummet
572 771 52 21 böra
637 771 114 21 användas.
776 770 41 28 Jag
831 771 99 21 förordar
943 770 43 22 för-

167 799 105 23 kastande
294 799 23 22 af
337 800 58 21 såväl
415 800 156 22 reservationen
589 806 45 15 som
649 799 153 22 betänkandet.
831 800 33 22 De
878 805 107 22 personer,

167 835 45 16 som
234 828 130 27 nödvändigt
386 828 50 27 vilja
457 828 57 27 gifva
536 835 26 15 en
583 828 46 21 lärd
653 828 96 27 bildning
771 828 22 22 åt
812 829 46 21 sina
876 829 60 26 barn,
952 829 34 21 må

167 857 75 27 sjelfva
256 857 96 22 bestrida
367 857 143 21 kostnaderna
525 857 77 21 derför.

235 885 111 22 Edusmies
370 885 110 23 Laitinen:
503 885 81 22 Käsillä
606 885 60 22 oleva
687 885 186 22 anomusmietintö
893 891 27 16 on
939 885 47 27 yksi

167 914 52 22 niitä
241 913 141 28 kysymyksiä,
399 914 67 26 joissa
486 915 70 20 tämän
572 913 78 27 säädyn
665 913 65 22 kanta
745 921 34 20 on,
794 914 44 21 niin
853 915 132 25 sanoakseni,

165 943 22 27 jo
211 942 112 22 ennakolta
342 944 112 25 määrätty,
472 943 47 21 sillä
535 942 70 22 onhan
620 943 73 26 nytkin
708 942 98 27 puheena
820 943 80 22 kansan
916 949 70 15 enem-

167 972 77 21 mistön
260 971 108 26 ,naisten"”
384 971 125 27 sivistyksen
522 971 157 22 korottaminen
689 971 78 22 valtion
778 971 108 22 runsaalla
894 971 90 26 kädellä,

168 1000 52 21 ettei
242 1000 48 21 aina
308 1000 103 21 tarvitsisi
430 1000 76 21 vedota
520 1000 143 25 armeliaiden,
676 999 152 27 jalomielisten
843 999 143 22 kansalaisten

167 1028 174 22 avuliaisuuteen.
371 1028 116 21 Vakavasti
509 1029 75 26 uskon,
604 1029 44 20 että
667 1030 60 25 sääty
741 1028 157 27 yksimielisesti
911 1028 74 27 nytkin

166 1057 126 27 puolustaisi
314 1056 124 22 mietintöön
460 1057 92 27 liitettyä
570 1057 158 26 vastalausetta,
744 1056 23 28 ja
782 1057 65 21 ilman
862 1063 38 16 sen
915 1063 71 16 enem-

167 1087 61 20 mittä
249 1085 164 22 keskusteluitta
434 1085 129 22 ehdottaisin
585 1086 160 27 kysymyksessä
763 1085 70 22 olevat
853 1085 75 22 koulut
943 1085 43 22 val-

167 1115 44 21 tion
226 1113 105 22 huostaan
346 1113 128 22 otettaviksi.

235 1143 111 21 Edusmies
365 1141 110 29 Kyander:
494 1142 58 23 Minä
566 1142 81 27 tietysti
662 1143 185 26 pyyntöesityksen
862 1142 124 27 allekirjoit-

166 1171 72 27 tajana
258 1171 58 21 tulen
339 1171 167 22 kannattamaan
527 1172 48 26 sitä,
596 1172 51 20 mitä
669 1171 242 22 anomusehdotuksessa
933 1171 52 22 esiin

166 1200 94 21 tuodaan
282 1200 65 21 ilman
370 1201 45 20 että
436 1206 80 20 rupean
533 1202 67 19 enään
616 1200 124 21 kertomaan
755 1200 49 26 sitä,
818 1200 52 22 mitä
884 1200 66 22 täällä
963 1199 22 27 jo

167 1234 27 16 on
209 1228 44 22 niin
268 1228 84 22 lavealti
367 1228 101 22 lausuttu.
498 1228 58 22 Minä
570 1228 71 28 yhdyn
657 1229 122 21 mietintöön
795 1228 105 28 liitettyyn
915 1230 70 20 vasta-

166 1257 122 21 lauseeseen
301 1256 23 27 ja
338 1257 78 26 toivon,
431 1258 45 20 että
489 1257 73 21 kaikki
576 1256 71 22 kolme
661 1258 137 20 mietinnössä
810 1257 114 21 mainittua
933 1256 53 22 kou-

166 1286 37 20 lua
222 1285 115 22 otettaisiin
355 1286 79 21 valtion
452 1285 112 22 huostaan.
580 1297 27 3 —
622 1285 87 22 Edusm.
725 1285 94 22 Oittinen
835 1292 26 15 on
876 1285 58 27 kyllä
948 1286 38 26 nyt

165 1313 176 27 poikakouluihin
364 1314 84 20 nähden
471 1314 52 21 esiin
545 1315 77 19 tuonut
641 1314 43 20 niin
699 1315 74 20 suuria
787 1314 125 26 numeroita,
927 1314 58 20 niillä

165 1342 116 21 ikäänkuin
295 1342 159 27 pelottaakseen
470 1344 79 24 säätyä.
580 1342 69 21 Mutta
663 1348 26 15 en
704 1342 64 26 luule,
784 1344 44 19 että
841 1342 53 21 niitä
909 1342 77 21 vertai-

166 1370 44 27 luja
230 1370 34 21 voi
286 1371 92 20 sovittaa
399 1370 173 27 tyttökouluihin,
590 1370 47 21 sillä
656 1371 56 21 eivät
726 1370 133 27 tyttökoulut
874 1369 111 22 ollenkaan

166 1398 34 21 ole
222 1399 44 21 niin
287 1399 83 22 kalliita
389 1398 24 28 ja
434 1400 72 21 suuria
524 1399 152 22 kustannuksia
695 1399 88 27 kysyviä
797 1398 50 23 kuin
862 1399 43 22 hän
920 1399 65 22 esitti.

166 1428 58 22 Minä
249 1427 43 28 siis,
314 1427 66 23 kuten
402 1429 94 26 sanottu,
518 1429 115 26 puolustan
654 1428 125 22 mietintöön
802 1428 91 27 liitettyä
916 1429 69 20 vasta-

165 1458 99 21 lausetta.

234 1486 111 22 Edusmies
364 1485 122 24 Kakkinen:
509 1485 59 22 Minä
582 1492 26 15 en
623 1486 104 21 suinkaan
741 1486 66 22 tahdo
823 1486 83 22 moittia
920 1485 65 22 valio-

166 1515 80 22 kuntaa.
261 1515 55 27 siitä,
332 1515 79 22 etteikö
427 1522 23 16 se
465 1515 47 22 olisi
527 1515 54 21 ollut
595 1514 94 29 kylläkin
704 1521 80 22 suopea
798 1515 117 28 Joensuun,
931 1515 53 22 Mik-
