1086 1825
186 152 43 22 812
452 150 183 22 Talonpoikaissääty
648 150 50 18 1897.

159 222 122 27 viljelyksen
301 222 25 28 ja
347 222 103 22 talouden
471 221 95 27 hyväksi.
596 220 149 23 Valiokunnan
767 221 105 22 tarkoitus
887 221 35 27 oli,
937 224 45 20 että

158 250 89 22 kaikille
268 251 65 21 näille
355 250 100 22 seuroille
473 249 120 28 jaettaisiin
613 250 122 26 valtioapua
752 249 23 27 ja
796 249 118 23 sentähden
929 256 52 21 pon-

159 286 63 15 nessä
245 279 64 22 onkin
331 281 96 20 sanottu:
450 278 143 24 hallituksen
611 278 121 22 harkinnan
747 278 93 22 mukaan
852 277 129 29 jaettavaksi

159 314 62 16 maan
236 307 170 28 talousseurojen
418 307 24 27 ja
455 307 86 22 läänien
556 306 243 28 maanviljelysseurojen
815 306 99 23 kesken*.
943 307 39 22 Jos

158 343 107 20 ponnessa
288 337 144 21 sanottaisiin:
453 336 128 27 jaettavaksi
602 336 102 22 kaikkien
726 342 62 16 maan
812 336 170 27 talousseurojen

159 365 88 27 kesken,
267 366 44 21 niin
331 366 69 21 silloin
418 364 23 27 jo
460 365 54 21 ehkä
529 366 46 20 asia
589 364 106 22 selvenisi.
723 364 105 22 Kaikessa
842 366 142 26 tapauksessa

159 394 125 22 valiokunta
296 394 59 26 juuri
369 395 47 20 tätä
431 394 65 21 onkin
511 394 148 21 tarkoittanut.

228 422 111 22 Edusmies
358 421 124 23 Riihimäki:
499 422 58 21 Minä
571 422 80 22 tahdon
666 422 97 26 myöskin
778 422 141 22 huomauttaa
934 422 49 27 sitä,

160 452 45 21 että
219 451 148 22 avunsaantiin
384 452 19 20 ei
419 451 85 22 vaikuta
520 451 79 21 mitään
613 456 23 16 se
651 450 80 27 seikka,
743 450 56 22 onko
809 456 78 16 seuran
896 451 87 21 nimenä

160 480 113 22 maamies-
287 480 31 21 tai
332 478 216 28 maanviljelysseura.
573 479 189 22 Keski-Suomessa
777 485 26 15 on
819 480 165 22 maamiesseura

159 508 30 27 yli
205 509 27 20 10
246 510 75 20 vuotta
337 507 54 23 ollut
406 508 101 22 toimessa
519 508 23 27 ja
556 514 23 16 se
595 514 27 16 on
637 510 76 19 saanut
728 514 55 21 apua
798 508 117 22 nimestään
930 509 53 21 huo-

159 537 90 21 limatta.
279 536 75 23 Onhan
373 536 113 28 jokaisella
508 536 92 22 seuralla
621 536 148 27 ohjesäännöt,
782 536 58 27 josta
854 537 67 21 näkee
936 543 48 16 seu-

159 572 38 16 ran
220 566 157 26 tarkoituksen;
399 566 45 21 kun
467 565 163 27 ohjesäännöstä
652 572 55 15 vaan
728 566 151 27 toimintatapa
897 566 85 25 selviää,

159 595 45 22 niin
219 595 20 21 ei
255 594 54 23 siinä
323 601 38 16 sen
376 595 121 26 suurempia
512 594 121 27 selvityksiä
648 595 85 21 tarvita.
759 594 54 23 Mitä
828 595 88 22 muuten
930 601 54 21 pon-

159 626 49 19 teen
224 623 103 22 tehtäviin
343 623 221 22 muutosehdotuksiin
578 623 65 26 tulee,
658 623 48 22 olisi
720 623 144 27 huomattava,
876 624 50 21 ettei
937 623 47 22 teh-

159 652 49 21 täisi
222 652 65 22 kovin
302 652 72 27 paljon
387 652 93 21 sellaisia
495 652 128 26 muutoksia,
636 652 62 27 jotka
713 652 40 21 itse
763 652 99 27 pääasiaa
872 653 110 25 koskevat,

161 681 48 22 sillä
224 687 29 16 on
267 682 154 25 tietämätöntä,
437 681 51 21 mitä
504 682 59 20 muut
578 680 75 27 säädyt
667 681 92 22 tekevät.
782 681 69 22 Kovin
866 683 72 20 monet
953 682 31 21 eri

161 709 128 22 ehdotukset
304 716 55 15 vaan
374 709 85 22 tekevät
474 709 153 22 heikommaksi
637 709 90 22 tärkeän
737 710 67 21 asian.
828 709 155 28 Valtiopäivien

159 739 132 26 loppuajalla
304 745 27 14 on
346 738 76 22 vaikea
437 738 120 27 mietintöjä
572 739 71 21 monin
653 738 86 22 kerroin
750 740 54 20 enää
814 738 93 27 paikata.
931 739 54 22 Asia

160 773 28 16 on
204 767 51 22 siksi
270 767 81 26 tärkeä,
366 768 52 20 ettei
433 767 65 26 sopisi
510 767 69 27 jättää
589 768 42 21 sitä
642 767 131 27 lepäämään.
797 767 59 22 Minä
865 767 118 22 sentähden

160 796 110 27 hyväksyn
285 796 116 21 mietinnön
416 795 175 22 semmoisenaan.

228 824 111 22 Edusmies
362 823 94 23 Eklund:
479 823 41 28 Jag
540 827 24 19 är
578 824 23 21 af
614 830 81 16 samma
710 825 55 26 åsigt
780 830 45 16 som
841 825 141 27 landtdagsm.

161 853 104 26 Haanpää
279 853 109 26 angäende
404 853 25 21 hr
444 853 99 22 Avellans
559 852 80 28 förslag
653 853 70 22 sävidt
738 853 36 22 det
789 853 67 28 gäller
870 854 67 21 första
948 854 36 21 de-

160 882 36 21 len
210 881 24 22 af
247 882 114 26 klämmen,
376 888 48 15 men
440 881 41 22 kan
497 882 96 21 deremot
607 882 46 21 icke
669 882 119 27 godkänna,
804 884 33 20 att
851 883 110 21 slutorden
976 883 8 22 i

159 910 69 22 första
250 912 116 20 momentet
384 910 66 22 borde
466 910 109 22 uteslutas.
605 910 44 22 Der
664 910 123 22 framhälles
801 911 105 27 nämligen
921 911 63 22 hvar-

160 939 34 21 till
216 939 63 21 dessa
303 939 91 26 120,000
413 940 61 20 mark
490 939 60 21 skola
564 939 114 26 användas,
694 940 39 21 och
749 940 59 21 detta
823 940 39 21 har
877 941 59 21 skett
950 940 34 22 för

161 969 33 20 att
209 968 83 21 medlen
307 968 46 21 icke
368 968 35 21 mä
417 967 107 27 begagnas
540 967 33 21 för
587 974 82 15 samma
683 968 98 22 ändamål
796 974 45 16 som
856 968 26 22 de
886 963 9 35 i
909 974 75 16 senare

161 998 116 20 momentet
299 996 122 26 föreslagna
439 996 78 26 80,000
531 996 67 21 mark.
629 996 39 21 Om
683 1003 29 14 nu
727 997 60 21 detta
803 1003 74 15 senare
891 999 93 19 moment

159 1024 71 22 skulle
252 1024 86 22 komma
359 1026 33 20 att
414 1026 89 25 antagas
525 1025 76 21 sädant
623 1025 36 21 det
676 1026 24 20 är
716 1026 39 21 och
770 1025 110 22 slutorden
895 1026 7 21 i
917 1025 68 22 första

160 1055 116 19 momentet
291 1053 81 21 lemnas
387 1053 55 25 bort,
455 1053 23 21 sä
489 1053 69 21 kunde
569 1054 37 20 det
615 1053 78 26 hända,
704 1056 33 19 att
747 1054 62 22 äfven
821 1054 62 21 dessa
894 1054 90 26 120,000

160 1082 61 20 mark
243 1082 84 21 komme
348 1083 33 19 att
400 1082 107 21 användas
527 1081 33 22 för
576 1082 127 27 premiering
718 1082 23 22 af
754 1084 132 24 nötkreatur,
901 1082 82 22 hvilket

160 1110 116 26 ingalunda
290 1112 24 20 är
329 1110 118 27 meningen.
467 1110 39 21 Om
517 1110 81 22 säledes
613 1116 74 16 senare
697 1112 115 21 momentet
821 1111 68 21 skulle
899 1112 85 20 komma

160 1141 33 19 att
214 1138 124 28 bibehällas,
357 1139 23 21 sä
395 1139 39 21 bör
448 1139 8 21 i
470 1138 67 22 första
551 1141 117 20 momentet
683 1140 121 21 ändamälet
819 1141 6 20 i
841 1146 26 15 en
882 1140 51 21 eller
948 1146 36 15 an-

160 1173 42 15 nan
224 1167 55 22 form
301 1167 103 28 angifvas.
433 1167 43 21 För
491 1168 43 22 min
549 1168 34 21 del
597 1170 24 19 är
634 1168 37 27 jag
685 1168 46 22 icke
747 1168 49 28 nöjd
810 1169 48 21 med
873 1170 33 20 att
921 1169 62 22 dessa

161 1196 93 27 120,000
268 1196 61 21 mark
344 1196 70 22 anslås
429 1196 76 23 endast
520 1196 33 22 för
564 1196 138 27 jordbrukets
717 1197 91 27 höjande
824 1198 39 21 och
879 1203 62 16 anser
950 1198 35 21 sä-

161 1225 64 25 ledes,
248 1227 32 20 att
302 1225 47 21 icke
370 1225 56 22 blott
442 1225 139 22 landtbruket
597 1225 40 21 och
652 1225 187 28 boskapsskötseln
855 1227 52 20 utan
921 1227 63 21 äfven

160 1253 212 28 trädgärdsodlingen
395 1254 39 21 och
454 1253 228 27 mejerihandteringen
703 1254 45 22 häri
769 1255 68 21 skulle
855 1255 129 27 inbegripas.

161 1282 72 27 Enligt
255 1282 43 21 min
320 1282 66 22 tanke
404 1288 51 15 vore
475 1282 36 21 det
531 1282 82 22 således
628 1281 49 23 bäst
691 1284 32 20 att
738 1283 32 22 slå
783 1283 130 22 tillsamman
930 1283 56 22 båda

160 1312 121 20 momenten
301 1311 39 21 och
355 1310 63 22 ställa
433 1310 93 26 200,000
540 1311 62 21 mark
617 1311 34 20 till
665 1311 261 28 landtbrukssällskapens
941 1312 44 21 dis-

161 1339 93 27 position
269 1339 34 22 för
318 1341 35 20 att
367 1339 22 21 af
403 1339 47 22 dem
466 1339 108 22 användas
589 1339 55 22 efter
658 1339 159 27 godtfinnande.

229 1367 112 22 Edusmies
357 1367 77 22 Roiha:
451 1368 85 20 Edusm.
552 1368 118 26 Haanpään
680 1369 83 25 puheen
771 1369 107 26 johdosta,
888 1369 44 20 kun
942 1369 41 20 hän

161 1400 72 21 sanoo,
255 1397 45 19 että
315 1395 57 22 minä
386 1395 276 27 Maanviljelyshallituksen
677 1395 171 23 kertomuksesta
863 1397 62 21 olisin
940 1397 45 21 voi-

160 1425 39 20 nut
214 1423 65 22 saada
295 1423 143 28 kaipaamiani
452 1424 142 26 perustuksia,
609 1424 79 21 tahdon
704 1425 147 27 huomauttaa,
862 1426 44 21 että
916 1425 68 22 koska

159 1453 61 20 näitä
242 1452 76 22 asioita
340 1452 102 22 koskevia
457 1452 146 27 tiedonantoja
615 1453 78 22 kerran
709 1460 27 15 on
752 1454 110 27 olemassa,
879 1454 42 22 niin
937 1453 48 23 olisi

161 1480 144 23 valiokunnan
321 1481 53 22 ollut
390 1481 51 27 yhtä
456 1481 55 27 hyvä
526 1487 36 21 syy
577 1482 77 22 viitata
668 1482 67 22 niihin
749 1482 91 23 kohtiin.
864 1483 52 22 Olen
926 1483 59 22 minä

161 1510 90 22 lukenut
266 1509 276 29 Maanviljelyshallituksen
557 1510 160 29 kertomuksen,
728 1514 69 20 mutta
807 1512 63 22 eihän
880 1513 34 21 voi
924 1512 60 22 kaik-

160 1539 41 22 kea
216 1539 91 22 muistaa
322 1540 110 21 mietintöä
446 1539 127 22 lukiessaan.
