1084 1820
200 153 40 21 762
461 150 183 23 Talonpoikaissääty
656 151 49 17 1897.

170 224 115 21 intressant
300 225 24 19 är
339 224 32 20 att
385 223 55 26 veta,
456 224 33 20 att
504 222 223 27 tuberkelsjukdomen
737 222 8 22 i
755 221 103 23 Savolaks
868 222 40 22 och
919 222 72 22 Öster-

170 252 75 22 botten
259 254 25 20 är
298 257 35 16 om
348 252 46 20 icke
409 251 45 21 helt
468 251 40 21 och
522 250 67 22 hållet
604 250 77 26 okänd,
696 250 24 22 så
735 250 54 22 dock
804 252 78 26 ytterst
895 251 94 27 sällsynt,

171 281 40 21 och
226 282 32 20 att
273 280 82 22 således
369 279 143 23 förhållandet
526 280 8 21 i
548 280 110 27 sydvestra
673 279 62 22 delen
750 279 23 22 af
785 279 80 26 landet,
880 280 39 22 der
933 280 58 27 sjuk-

171 310 75 21 domen
269 312 25 19 är
313 315 59 16 mera
390 308 78 28 spridd,
487 309 40 21 har
540 308 61 28 gifvit
616 308 114 27 anledning
744 308 33 22 till
791 309 125 26 petitionen.
946 309 45 22 Här

170 339 40 21 har
232 338 64 22 också
316 338 134 26 framhållits,
473 339 32 20 att
527 337 145 22 tuberkulinet
693 336 116 28 ingalunda
827 340 25 19 är
869 339 32 20 ett
918 338 73 21 säkert

170 367 70 21 medel
258 367 34 21 för
309 366 137 27 sjukdomens
463 366 169 27 igenkännande.
662 366 73 26 Enligt
749 366 43 22 min
807 366 64 22 tanke
886 372 51 16 vore
952 367 39 21 här

170 395 83 22 således
274 396 92 26 yttersta
388 394 136 28 försigtighet
540 394 24 22 af
577 394 77 22 nöden.
683 394 47 22 Den
745 394 63 27 kläm,
823 401 46 15 som
884 395 106 21 utskottet

169 425 40 21 har
223 424 132 26 formulerat,
370 423 68 22 skulle
452 424 100 26 möjligen
567 424 73 21 kunna
654 423 48 21 leda
717 423 86 27 derhän,
819 424 32 21 att
865 424 125 26 regeringen

170 453 28 26 på
219 454 31 20 ett
268 452 52 22 eller
335 454 64 19 annat
414 454 44 19 sätt
472 458 75 21 genom
562 452 64 27 tvång
640 451 71 22 kunde
726 452 76 26 ålägga
817 452 96 21 enskilda
928 452 61 21 krea-

169 483 111 26 tursegare
302 483 32 20 att
355 481 43 21 låta
420 480 121 22 undersöka
563 481 46 21 sina
623 480 266 27 ladugårdsbesättningar.
925 481 66 21 Detta

169 516 51 15 vore
242 510 66 27 enligt
330 509 43 22 min
392 509 136 28 uppfattning
547 509 93 22 särdeles
655 509 114 27 olyckligt?
798 509 43 21 Det
855 509 72 22 kunde
942 509 48 22 leda

170 539 32 21 till
224 539 104 26 ofantliga
349 538 139 21 trakasserier
510 538 40 21 och
572 537 138 22 ekonomiska
731 538 100 21 förluster
850 538 33 21 för
899 538 40 21 den
954 545 37 14 en-

169 567 75 22 skilde.
274 567 159 22 Tuberkulosen
455 567 39 21 har
511 567 24 26 ju
554 567 81 21 funnits
652 566 33 21 till
699 567 8 20 i
722 566 42 22 alla
778 567 57 20 tider
849 567 7 21 i
871 567 72 22 landet
957 567 33 21 så-

169 596 35 21 väl
226 596 39 21 hos
287 596 121 21 menniskor
427 601 45 16 som
493 595 54 27 djur.
577 595 47 22 Den
639 597 24 19 är
677 595 116 27 ingalunda
807 595 69 27 någon
891 602 28 20 ny
933 595 58 27 sjuk-

170 625 49 21 dom
234 625 38 22 hos
288 625 114 21 kreaturen
417 625 7 20 i
439 623 48 22 vårt
501 624 58 21 land.
589 624 41 21 Det
645 625 24 20 är
683 630 29 15 nu
727 624 28 21 50
769 624 24 21 år
809 625 64 21 sedan
889 623 101 23 Mustiala

170 653 94 22 instituts
285 653 79 22 vackra
386 653 168 26 Ayreshirestam
577 653 154 26 nedslagtades,
753 653 88 21 emedan
863 653 36 21 det
915 655 74 25 antogs

170 683 33 20 att
221 682 74 27 djuren
313 688 51 15 vore
379 681 166 27 tuberkelsjuka,
561 681 80 22 hvilket
656 681 46 21 icke
717 687 38 15 var
769 681 67 22 fallet.
865 681 125 22 Emellertid

168 711 48 20 fans
236 711 38 20 der
291 716 75 21 genom
382 710 117 21 institutets
515 710 59 27 dejas
589 709 84 26 försorg
687 715 26 16 en
727 710 36 21 hel
777 709 42 27 hop
834 716 57 20 unga
906 709 48 27 djur
968 711 24 20 af

169 745 80 15 samma
271 740 55 21 stam
349 738 165 22 undanskaffade
536 739 28 26 på
579 745 25 14 en
623 738 70 21 holme
709 739 7 20 i
731 738 116 27 Kaukjärvi
863 739 37 26 sjö,
919 738 72 22 hvilka

169 768 121 27 derigenom
305 767 107 26 undgingo
428 773 80 16 samma
524 767 47 22 öde.
595 767 68 21 Dessa
678 767 69 21 blefvo
763 767 66 21 sedan
844 769 103 20 stammen
957 767 33 22 för

168 796 118 22 institutets
308 795 111 28 ladugård.
449 795 45 22 Och
516 802 49 15 man
588 795 67 22 hörde
677 796 47 21 icke
744 802 35 15 om
796 795 70 28 någon
881 795 109 22 tuberkel-

169 825 97 26 sjukdom
288 825 39 21 hos
350 825 46 21 den.
426 823 42 28 Jag
485 824 37 22 vill
536 825 53 21 visst
602 824 47 22 icke
664 825 61 26 neka,
741 825 34 20 att
789 824 40 22 här
843 825 46 21 icke
905 824 85 28 förelig-

168 859 38 21 ger
228 860 26 15 en
272 855 76 26 ytterst
365 853 67 27 vigtig
447 853 38 21 sak
500 853 34 21 för
549 853 79 26 landet,
643 859 48 15 men
706 853 35 21 må
755 859 50 15 man
820 853 27 22 då
862 853 127 22 åtminstone

168 882 58 27 gifva
248 882 31 27 sig
297 882 34 21 till
348 882 42 21 tåls
405 882 40 21 och
460 884 97 19 närmare
571 881 110 27 begrunda
696 882 72 26 saken,
783 882 72 21 förrän
870 888 50 15 man
933 882 57 22 före-

168 911 72 26 lägger
262 910 104 28 styrelsen
388 910 114 27 uppgifter,
518 916 46 16 som
584 910 40 21 den
642 910 103 27 svårligen
764 910 43 22 kan
821 910 97 27 fullgöra.
948 911 42 21 Det

168 941 24 19 är
210 940 24 26 ju
256 939 89 27 möjligt,
367 941 33 19 att
418 945 48 15 man
481 939 36 21 vid
532 939 225 26 slagtinrättningarna
771 939 8 21 i
793 939 51 21 våra
859 939 71 21 städer
945 939 44 22 ofta

168 973 42 21 nog
225 967 103 27 upptäckt
343 967 109 22 tuberkler
466 967 58 22 såväl
539 968 7 21 i
555 967 70 27 jufren
633 974 45 15 som
686 968 79 21 också
758 963 12 36 i
777 968 103 27 lungorna
893 968 40 21 och
943 968 46 21 köt-

168 998 37 23 tet,
221 1002 48 16 men
286 996 77 22 månne
378 1002 48 16 man
441 1002 29 16 nu
485 996 62 21 deraf
561 996 42 22 kan
618 996 58 21 sluta
690 996 33 21 till
738 998 32 20 att
783 996 60 22 faran
859 998 24 20 är
898 996 23 22 så
937 998 52 20 stor.

168 1024 43 22 Det
232 1027 24 19 är
278 1024 47 22 icke
346 1025 74 21 endast
440 1025 7 21 i
466 1025 65 26 detta,
552 1027 51 19 utan
619 1025 64 21 också
697 1025 8 21 i
720 1025 76 27 många
811 1025 67 21 andra
893 1024 37 22 fall
944 1031 45 15 som

168 1053 122 27 periodiska
307 1060 39 20 rop
364 1054 78 26 uppstå
457 1054 37 20 der
508 1054 61 21 faran
585 1055 60 25 säges
660 1060 52 14 vara
727 1037 177 48 öfverhängande,
920 1060 69 15 exem-

168 1082 66 27 pelvis
257 1082 34 21 för
310 1082 68 22 omkr.
398 1082 26 22 15
444 1082 24 21 år
486 1083 65 21 sedan
566 1082 47 22 med
628 1081 89 22 trikiner
732 1082 39 22 hos
785 1082 140 27 svinkreatur,
940 1089 48 15 men

168 1110 56 22 efter
245 1111 70 27 någon
337 1111 32 21 tid
390 1112 72 26 tystna
481 1111 25 21 de
525 1114 51 19 utan
591 1110 79 22 vidare.
699 1111 41 27 Jag
755 1110 68 22 skulle
838 1113 39 25 tro,
893 1112 33 21 att
941 1118 47 15 man

167 1141 40 25 gör
228 1140 132 27 försigtigast
378 1140 8 21 i
403 1141 33 20 att
451 1139 95 22 förkasta
561 1139 149 27 betänkandet,
726 1146 48 15 men
789 1142 24 19 är
828 1128 55 34 dock
897 1140 34 22 för
946 1140 43 22 min

168 1168 35 22 del
224 1169 49 21 med
296 1174 34 16 om
352 1170 34 20 att
407 1168 156 22 återremittera
585 1168 42 27 det,
650 1168 24 22 så
693 1170 32 20 att
744 1169 107 21 utskottet
867 1169 42 22 kan
925 1168 64 22 fram-

167 1196 86 22 komma
275 1198 48 21 med
344 1198 65 26 något
432 1198 106 21 bindande
560 1197 53 27 skäl,
635 1197 86 21 hvarför
742 1198 124 26 regeringen
885 1204 29 16 nu
934 1198 55 22 skall

168 1226 102 21 inskrida.

170 1264 2 2 o
237 1254 10 21 I
262 1254 97 27 England
375 1255 39 20 och
429 1254 120 27 Skottland,
565 1254 82 22 säledes
663 1254 26 21 de
704 1254 74 22 länder
793 1255 37 20 der
847 1261 46 15 som
910 1256 21 21 vi
941 1257 48 20 veta

167 1283 27 20 de
216 1282 63 22 flesta
300 1283 116 26 afvelsdjur
438 1283 104 27 uppfödas
562 1283 40 22 och
621 1283 63 26 säljas
703 1283 58 22 öfver
775 1283 49 22 hela
838 1283 93 27 verlden,
946 1284 43 21 till-

167 1311 55 21 läter
244 1311 62 27 ingen
321 1311 215 27 kreatursuppfödare
554 1311 133 22 anställande
705 1311 23 22 af
741 1311 50 27 prof
804 1312 47 21 med
867 1312 121 21 tuberkulin

167 1339 32 49 På
217 1339 45 22 sina
280 1339 54 27 djur,
353 1340 89 21 emedan
458 1340 36 21 det
508 1341 48 21 icke
571 1342 24 19 är
609 1340 150 21 konstateradt
773 1342 32 19 att
820 1341 79 20 medlet
913 1343 24 19 är
951 1341 37 26 på-

176 1368 62 25 itligt.

236 1395 111 21 Edusmies
369 1394 114 23 Jalkanen:
506 1395 167 27 Kysymyksessä
691 1396 73 21 olevaa
779 1396 144 21 valiokunnan
938 1396 51 21 mie-

167 1423 69 21 tintöä
259 1429 27 16 on
309 1424 43 21 niin
375 1424 105 27 tarpeeksi
502 1424 101 25 moitittu,
626 1426 45 20 että
690 1424 68 22 siihen
776 1424 94 22 kohtaan
886 1424 20 22 ei
921 1426 67 20 enään

167 1452 97 22 tarvinne
285 1452 79 28 kajota,
386 1459 54 15 vaan
460 1452 46 22 olisi
522 1452 55 22 ehkä
591 1453 96 27 parempi
701 1454 88 21 koettaa
804 1454 71 27 löytää
890 1454 53 22 siinä
956 1454 32 27 jo-

167 1481 45 21 tain
234 1482 138 32 valoisampia
393 1482 78 26 puolia.
501 1482 95 21 Minusta
618 1487 27 16 on
666 1488 23 15 se
709 1482 54 22 siinä
779 1482 84 22 kohden
882 1482 106 22 vastalau-

166 1512 57 20 setta
237 1511 102 27 parempi,
356 1512 44 20 että
414 1516 23 16 se
452 1510 121 22 ehdottelee
589 1511 91 21 toimeen
695 1511 161 27 ryhdyttäväksi
869 1512 23 27 ja
901 1512 87 27 pitääpä

166 1539 60 21 asiaa
248 1539 187 22 kiireellisenäkin.
464 1538 91 23 Savossa
572 1540 56 22 tosin
645 1540 64 27 hyvin
724 1540 67 22 vähän
807 1542 118 21 tunnetaan
941 1547 48 22 nys-
