<?xml version="1.0" encoding="UTF-8"?>
<alto xmlns="http://www.loc.gov/standards/alto/ns-v3#" xmlns:xlink="http://www.w3.org/1999/xlink" xmlns:xsi="http://www.w3.org/2001/XMLSchema-instance" xsi:schemaLocation="http://www.loc.gov/standards/alto/ns-v3# http://www.loc.gov/alto/v3/alto-3-0.xsd">
	<Description>
		<MeasurementUnit>pixel</MeasurementUnit>
		<sourceImageInformation>
			<fileName>/tmp/tess_nsq5px4p_input.PNG</fileName>
		</sourceImageInformation>
		<OCRProcessing ID="OCR_0">
			<ocrProcessingStep>
				<processingSoftware>
					<softwareName>tesseract 5.3.4</softwareName>
				</processingSoftware>
			</ocrProcessingStep>
		</OCRProcessing>
	</Description>
	<Layout>
		<Page WIDTH="1081" HEIGHT="1811" PHYSICAL_IMG_NR="0" ID="page_0">
			<PrintSpace HPOS="0" VPOS="0" WIDTH="1081" HEIGHT="1811">
				<ComposedBlock ID="cblock_0" HPOS="198" VPOS="146" WIDTH="505" HEIGHT="23">
					<TextBlock ID="block_0" HPOS="198" VPOS="146" WIDTH="505" HEIGHT="23">
						<TextLine ID="line_0" HPOS="198" VPOS="146" WIDTH="505" HEIGHT="23">
							<String ID="string_0" HPOS="198" VPOS="148" WIDTH="41" HEIGHT="21" WC="0.96" CONTENT="760"/><SP WIDTH="217" VPOS="148" HPOS="239"/>
							<String ID="string_1" HPOS="456" VPOS="146" WIDTH="184" HEIGHT="23" WC="0.91" CONTENT="Talonpoikaissääty"/><SP WIDTH="12" VPOS="146" HPOS="640"/>
							<String ID="string_2" HPOS="652" VPOS="147" WIDTH="51" HEIGHT="18" WC="0.96" CONTENT="1897."/>
						</TextLine>
					</TextBlock>
				</ComposedBlock>
				<GraphicalElement ID="cblock_1" HPOS="170" VPOS="175" WIDTH="823" HEIGHT="6"></GraphicalElement >
				<ComposedBlock ID="cblock_2" HPOS="168" VPOS="218" WIDTH="829" HEIGHT="1341">
					<TextBlock ID="block_1" HPOS="168" VPOS="218" WIDTH="828" HEIGHT="484">
						<TextLine ID="line_1" HPOS="168" VPOS="218" WIDTH="824" HEIGHT="27">
							<String ID="string_3" HPOS="168" VPOS="218" WIDTH="110" HEIGHT="27" WC="0.96" CONTENT="långvarig"/><SP WIDTH="13" VPOS="218" HPOS="278"/>
							<String ID="string_4" HPOS="291" VPOS="218" WIDTH="134" HEIGHT="22" WC="0.96" CONTENT="verksamhet"/><SP WIDTH="15" VPOS="218" HPOS="425"/>
							<String ID="string_5" HPOS="440" VPOS="225" WIDTH="44" HEIGHT="15" WC="0.96" CONTENT="som"/><SP WIDTH="16" VPOS="225" HPOS="484"/>
							<String ID="string_6" HPOS="500" VPOS="219" WIDTH="40" HEIGHT="21" WC="0.96" CONTENT="den"/><SP WIDTH="15" VPOS="219" HPOS="540"/>
							<String ID="string_7" HPOS="555" VPOS="218" WIDTH="110" HEIGHT="27" WC="0.96" CONTENT="praktiska"/><SP WIDTH="15" VPOS="218" HPOS="665"/>
							<String ID="string_8" HPOS="680" VPOS="218" WIDTH="83" HEIGHT="22" WC="0.96" CONTENT="blicken"/><SP WIDTH="14" VPOS="218" HPOS="763"/>
							<String ID="string_9" HPOS="777" VPOS="219" WIDTH="45" HEIGHT="20" WC="0.96" CONTENT="kan"/><SP WIDTH="14" VPOS="219" HPOS="822"/>
							<String ID="string_10" HPOS="836" VPOS="218" WIDTH="100" HEIGHT="22" WC="0.93" CONTENT="utbildas."/><SP WIDTH="18" VPOS="218" HPOS="936"/>
							<String ID="string_11" HPOS="954" VPOS="218" WIDTH="38" HEIGHT="21" WC="0.91" CONTENT="Så-"/>
						</TextLine>
						<TextLine ID="line_2" HPOS="169" VPOS="246" WIDTH="822" HEIGHT="28">
							<String ID="string_12" HPOS="169" VPOS="247" WIDTH="61" HEIGHT="22" WC="0.91" CONTENT="ledes"/><SP WIDTH="15" VPOS="247" HPOS="230"/>
							<String ID="string_13" HPOS="245" VPOS="249" WIDTH="23" HEIGHT="19" WC="0.96" CONTENT="är"/><SP WIDTH="11" VPOS="249" HPOS="268"/>
							<String ID="string_14" HPOS="279" VPOS="247" WIDTH="37" HEIGHT="21" WC="0.96" CONTENT="det"/><SP WIDTH="14" VPOS="247" HPOS="316"/>
							<String ID="string_15" HPOS="330" VPOS="247" WIDTH="47" HEIGHT="21" WC="0.96" CONTENT="icke"/><SP WIDTH="15" VPOS="247" HPOS="377"/>
							<String ID="string_16" HPOS="392" VPOS="253" WIDTH="41" HEIGHT="20" WC="0.96" CONTENT="nog"/><SP WIDTH="10" VPOS="253" HPOS="433"/>
							<String ID="string_17" HPOS="443" VPOS="247" WIDTH="48" HEIGHT="21" WC="0.96" CONTENT="med"/><SP WIDTH="11" VPOS="247" HPOS="491"/>
							<String ID="string_18" HPOS="502" VPOS="249" WIDTH="34" HEIGHT="19" WC="0.96" CONTENT="att"/><SP WIDTH="7" VPOS="249" HPOS="536"/>
							<String ID="string_19" HPOS="543" VPOS="247" WIDTH="27" HEIGHT="26" WC="0.96" CONTENT="på"/><SP WIDTH="10" VPOS="247" HPOS="570"/>
							<String ID="string_20" HPOS="580" VPOS="246" WIDTH="118" HEIGHT="22" WC="0.96" CONTENT="teoretiska"/><SP WIDTH="11" VPOS="246" HPOS="698"/>
							<String ID="string_21" HPOS="709" VPOS="247" WIDTH="92" HEIGHT="26" WC="0.96" CONTENT="grunder"/><SP WIDTH="10" VPOS="247" HPOS="801"/>
							<String ID="string_22" HPOS="811" VPOS="246" WIDTH="116" HEIGHT="23" WC="0.96" CONTENT="verkställa"/><SP WIDTH="10" VPOS="246" HPOS="927"/>
							<String ID="string_23" HPOS="937" VPOS="247" WIDTH="54" HEIGHT="27" WC="0.96" CONTENT="prof,"/>
						</TextLine>
						<TextLine ID="line_3" HPOS="170" VPOS="275" WIDTH="824" HEIGHT="27">
							<String ID="string_24" HPOS="170" VPOS="275" WIDTH="71" HEIGHT="21" WC="0.91" CONTENT="dertill"/><SP WIDTH="18" VPOS="275" HPOS="241"/>
							<String ID="string_25" HPOS="259" VPOS="275" WIDTH="83" HEIGHT="22" WC="0.96" CONTENT="fordras"/><SP WIDTH="17" VPOS="275" HPOS="342"/>
							<String ID="string_26" HPOS="359" VPOS="275" WIDTH="61" HEIGHT="21" WC="0.93" CONTENT="äfven"/><SP WIDTH="14" VPOS="275" HPOS="420"/>
							<String ID="string_27" HPOS="434" VPOS="275" WIDTH="229" HEIGHT="27" WC="0.92" CONTENT="iakttagelseförmåga."/><SP WIDTH="30" VPOS="275" HPOS="663"/>
							<String ID="string_28" HPOS="693" VPOS="275" WIDTH="127" HEIGHT="27" WC="0.93" CONTENT="Visserligen"/><SP WIDTH="16" VPOS="275" HPOS="820"/>
							<String ID="string_29" HPOS="836" VPOS="276" WIDTH="97" HEIGHT="21" WC="0.91" CONTENT="åsamkas"/><SP WIDTH="16" VPOS="276" HPOS="933"/>
							<String ID="string_30" HPOS="949" VPOS="278" WIDTH="45" HEIGHT="24" WC="0.91" CONTENT="sty-"/>
						</TextLine>
						<TextLine ID="line_4" HPOS="169" VPOS="303" WIDTH="824" HEIGHT="27">
							<String ID="string_31" HPOS="169" VPOS="304" WIDTH="69" HEIGHT="20" WC="0.95" CONTENT="relsen"/><SP WIDTH="8" VPOS="304" HPOS="238"/>
							<String ID="string_32" HPOS="246" VPOS="304" WIDTH="52" HEIGHT="21" WC="0.96" CONTENT="eller"/><SP WIDTH="9" VPOS="304" HPOS="298"/>
							<String ID="string_33" HPOS="307" VPOS="303" WIDTH="74" HEIGHT="22" WC="0.96" CONTENT="landet"/><SP WIDTH="10" VPOS="303" HPOS="381"/>
							<String ID="string_34" HPOS="391" VPOS="303" WIDTH="122" HEIGHT="27" WC="0.96" CONTENT="härigenom"/><SP WIDTH="11" VPOS="303" HPOS="513"/>
							<String ID="string_35" HPOS="524" VPOS="303" WIDTH="94" HEIGHT="27" WC="0.96" CONTENT="utgifter,"/><SP WIDTH="11" VPOS="303" HPOS="618"/>
							<String ID="string_36" HPOS="629" VPOS="309" WIDTH="49" HEIGHT="15" WC="0.96" CONTENT="men"/><SP WIDTH="11" VPOS="309" HPOS="678"/>
							<String ID="string_37" HPOS="689" VPOS="303" WIDTH="62" HEIGHT="22" WC="0.96" CONTENT="dessa"/><SP WIDTH="9" VPOS="303" HPOS="751"/>
							<String ID="string_38" HPOS="760" VPOS="309" WIDTH="51" HEIGHT="16" WC="0.96" CONTENT="vore"/><SP WIDTH="11" VPOS="309" HPOS="811"/>
							<String ID="string_39" HPOS="822" VPOS="304" WIDTH="23" HEIGHT="21" WC="0.96" CONTENT="så"/><SP WIDTH="9" VPOS="304" HPOS="845"/>
							<String ID="string_40" HPOS="854" VPOS="304" WIDTH="62" HEIGHT="26" WC="0.96" CONTENT="ringa"/><SP WIDTH="8" VPOS="304" HPOS="916"/>
							<String ID="string_41" HPOS="924" VPOS="304" WIDTH="8" HEIGHT="21" WC="0.93" CONTENT="i"/><SP WIDTH="7" VPOS="304" HPOS="932"/>
							<String ID="string_42" HPOS="939" VPOS="304" WIDTH="54" HEIGHT="26" WC="0.89" CONTENT="jem-"/>
						</TextLine>
						<TextLine ID="line_5" HPOS="169" VPOS="331" WIDTH="825" HEIGHT="27">
							<String ID="string_43" HPOS="169" VPOS="332" WIDTH="77" HEIGHT="22" WC="0.92" CONTENT="förelse"/><SP WIDTH="16" VPOS="332" HPOS="246"/>
							<String ID="string_44" HPOS="262" VPOS="331" WIDTH="48" HEIGHT="23" WC="0.96" CONTENT="med"/><SP WIDTH="15" VPOS="331" HPOS="310"/>
							<String ID="string_45" HPOS="325" VPOS="332" WIDTH="26" HEIGHT="21" WC="0.95" CONTENT="de"/><SP WIDTH="15" VPOS="332" HPOS="351"/>
							<String ID="string_46" HPOS="366" VPOS="332" WIDTH="107" HEIGHT="26" WC="0.95" CONTENT="förluster,"/><SP WIDTH="16" VPOS="332" HPOS="473"/>
							<String ID="string_47" HPOS="489" VPOS="338" WIDTH="44" HEIGHT="15" WC="0.96" CONTENT="som"/><SP WIDTH="16" VPOS="338" HPOS="533"/>
							<String ID="string_48" HPOS="549" VPOS="332" WIDTH="70" HEIGHT="22" WC="0.96" CONTENT="kunde"/><SP WIDTH="15" VPOS="332" HPOS="619"/>
							<String ID="string_49" HPOS="634" VPOS="331" WIDTH="121" HEIGHT="23" WC="0.96" CONTENT="förorsakas"/><SP WIDTH="16" VPOS="331" HPOS="755"/>
							<String ID="string_50" HPOS="771" VPOS="332" WIDTH="62" HEIGHT="21" WC="0.96" CONTENT="deraf"/><SP WIDTH="13" VPOS="332" HPOS="833"/>
							<String ID="string_51" HPOS="846" VPOS="334" WIDTH="34" HEIGHT="20" WC="0.96" CONTENT="att"/><SP WIDTH="15" VPOS="334" HPOS="880"/>
							<String ID="string_52" HPOS="895" VPOS="332" WIDTH="99" HEIGHT="22" WC="0.94" CONTENT="oerfarna"/>
						</TextLine>
						<TextLine ID="line_6" HPOS="169" VPOS="360" WIDTH="824" HEIGHT="28">
							<String ID="string_53" HPOS="169" VPOS="361" WIDTH="132" HEIGHT="21" WC="0.95" CONTENT="veterinärer"/><SP WIDTH="14" VPOS="361" HPOS="301"/>
							<String ID="string_54" HPOS="315" VPOS="361" WIDTH="34" HEIGHT="21" WC="0.96" CONTENT="till"/><SP WIDTH="14" VPOS="361" HPOS="349"/>
							<String ID="string_55" HPOS="363" VPOS="360" WIDTH="52" HEIGHT="27" WC="0.96" CONTENT="följd"/><SP WIDTH="16" VPOS="360" HPOS="415"/>
							<String ID="string_56" HPOS="431" VPOS="360" WIDTH="23" HEIGHT="22" WC="0.96" CONTENT="af"/><SP WIDTH="13" VPOS="360" HPOS="454"/>
							<String ID="string_57" HPOS="467" VPOS="360" WIDTH="32" HEIGHT="22" WC="0.96" CONTENT="sin"/><SP WIDTH="14" VPOS="360" HPOS="499"/>
							<String ID="string_58" HPOS="513" VPOS="361" WIDTH="61" HEIGHT="27" WC="0.93" CONTENT="ringa"/><SP WIDTH="13" VPOS="361" HPOS="574"/>
							<String ID="string_59" HPOS="587" VPOS="360" WIDTH="221" HEIGHT="27" WC="0.91" CONTENT="iakttagelseförmåga"/><SP WIDTH="16" VPOS="360" HPOS="808"/>
							<String ID="string_60" HPOS="824" VPOS="360" WIDTH="44" HEIGHT="22" WC="0.93" CONTENT="låta"/><SP WIDTH="13" VPOS="360" HPOS="868"/>
							<String ID="string_61" HPOS="881" VPOS="361" WIDTH="112" HEIGHT="27" WC="0.91" CONTENT="nedslagta"/>
						</TextLine>
						<TextLine ID="line_7" HPOS="170" VPOS="388" WIDTH="824" HEIGHT="28">
							<String ID="string_62" HPOS="170" VPOS="392" WIDTH="58" HEIGHT="18" WC="0.96" CONTENT="stora"/><SP WIDTH="16" VPOS="392" HPOS="228"/>
							<String ID="string_63" HPOS="244" VPOS="395" WIDTH="81" HEIGHT="16" WC="0.96" CONTENT="massor"/><SP WIDTH="14" VPOS="395" HPOS="325"/>
							<String ID="string_64" HPOS="339" VPOS="388" WIDTH="66" HEIGHT="22" WC="0.96" CONTENT="friska"/><SP WIDTH="15" VPOS="388" HPOS="405"/>
							<String ID="string_65" HPOS="420" VPOS="390" WIDTH="95" HEIGHT="25" WC="0.96" CONTENT="kreatur,"/><SP WIDTH="16" VPOS="390" HPOS="515"/>
							<String ID="string_66" HPOS="531" VPOS="389" WIDTH="72" HEIGHT="22" WC="0.96" CONTENT="hvilka"/><SP WIDTH="13" VPOS="389" HPOS="603"/>
							<String ID="string_67" HPOS="616" VPOS="391" WIDTH="149" HEIGHT="25" WC="0.96" CONTENT="representera"/><SP WIDTH="10" VPOS="391" HPOS="765"/>
							<String ID="string_68" HPOS="775" VPOS="391" WIDTH="33" HEIGHT="19" WC="0.96" CONTENT="ett"/><SP WIDTH="10" VPOS="391" HPOS="808"/>
							<String ID="string_69" HPOS="818" VPOS="390" WIDTH="106" HEIGHT="26" WC="0.93" CONTENT="ansenligt"/><SP WIDTH="10" VPOS="390" HPOS="924"/>
							<String ID="string_70" HPOS="934" VPOS="390" WIDTH="60" HEIGHT="26" WC="0.91" CONTENT="kapi-"/>
						</TextLine>
						<TextLine ID="line_8" HPOS="170" VPOS="417" WIDTH="822" HEIGHT="28">
							<String ID="string_71" HPOS="170" VPOS="418" WIDTH="37" HEIGHT="21" WC="0.95" CONTENT="tal."/><SP WIDTH="30" VPOS="418" HPOS="207"/>
							<String ID="string_72" HPOS="237" VPOS="417" WIDTH="34" HEIGHT="22" WC="0.96" CONTENT="Då"/><SP WIDTH="17" VPOS="417" HPOS="271"/>
							<String ID="string_73" HPOS="288" VPOS="417" WIDTH="75" HEIGHT="27" WC="0.96" CONTENT="frågan"/><SP WIDTH="19" VPOS="417" HPOS="363"/>
							<String ID="string_74" HPOS="382" VPOS="420" WIDTH="23" HEIGHT="19" WC="0.92" CONTENT="är"/><SP WIDTH="18" VPOS="420" HPOS="405"/>
							<String ID="string_75" HPOS="423" VPOS="418" WIDTH="71" HEIGHT="27" WC="0.91" CONTENT="vigtig,"/><SP WIDTH="19" VPOS="418" HPOS="494"/>
							<String ID="string_76" HPOS="513" VPOS="418" WIDTH="38" HEIGHT="21" WC="0.96" CONTENT="bör"/><SP WIDTH="16" VPOS="418" HPOS="551"/>
							<String ID="string_77" HPOS="567" VPOS="418" WIDTH="40" HEIGHT="21" WC="0.96" CONTENT="den"/><SP WIDTH="15" VPOS="418" HPOS="607"/>
							<String ID="string_78" HPOS="622" VPOS="418" WIDTH="47" HEIGHT="20" WC="0.96" CONTENT="icke"/><SP WIDTH="14" VPOS="418" HPOS="669"/>
							<String ID="string_79" HPOS="683" VPOS="418" WIDTH="44" HEIGHT="21" WC="0.96" CONTENT="helt"/><SP WIDTH="15" VPOS="418" HPOS="727"/>
							<String ID="string_80" HPOS="742" VPOS="418" WIDTH="40" HEIGHT="21" WC="0.96" CONTENT="och"/><SP WIDTH="15" VPOS="418" HPOS="782"/>
							<String ID="string_81" HPOS="797" VPOS="417" WIDTH="67" HEIGHT="22" WC="0.95" CONTENT="hållet"/><SP WIDTH="15" VPOS="417" HPOS="864"/>
							<String ID="string_82" HPOS="879" VPOS="417" WIDTH="113" HEIGHT="26" WC="0.95" CONTENT="förkastas,"/>
						</TextLine>
						<TextLine ID="line_9" HPOS="170" VPOS="446" WIDTH="825" HEIGHT="27">
							<String ID="string_83" HPOS="170" VPOS="453" WIDTH="48" HEIGHT="14" WC="0.96" CONTENT="men"/><SP WIDTH="22" VPOS="453" HPOS="218"/>
							<String ID="string_84" HPOS="240" VPOS="452" WIDTH="77" HEIGHT="21" WC="0.96" CONTENT="genom"/><SP WIDTH="18" VPOS="452" HPOS="317"/>
							<String ID="string_85" HPOS="335" VPOS="448" WIDTH="32" HEIGHT="19" WC="0.96" CONTENT="att"/><SP WIDTH="14" VPOS="448" HPOS="367"/>
							<String ID="string_86" HPOS="381" VPOS="448" WIDTH="78" HEIGHT="25" WC="0.96" CONTENT="antaga"/><SP WIDTH="15" VPOS="448" HPOS="459"/>
							<String ID="string_87" HPOS="474" VPOS="446" WIDTH="146" HEIGHT="22" WC="0.96" CONTENT="betänkandet"/><SP WIDTH="14" VPOS="446" HPOS="620"/>
							<String ID="string_88" HPOS="634" VPOS="446" WIDTH="7" HEIGHT="21" WC="0.96" CONTENT="i"/><SP WIDTH="16" VPOS="446" HPOS="641"/>
							<String ID="string_89" HPOS="657" VPOS="446" WIDTH="46" HEIGHT="21" WC="0.96" CONTENT="dess"/><SP WIDTH="15" VPOS="446" HPOS="703"/>
							<String ID="string_90" HPOS="718" VPOS="446" WIDTH="124" HEIGHT="22" WC="0.95" CONTENT="nuvarande"/><SP WIDTH="15" VPOS="446" HPOS="842"/>
							<String ID="string_91" HPOS="857" VPOS="446" WIDTH="59" HEIGHT="22" WC="0.93" CONTENT="skick"/><SP WIDTH="18" VPOS="446" HPOS="916"/>
							<String ID="string_92" HPOS="934" VPOS="446" WIDTH="61" HEIGHT="22" WC="0.92" CONTENT="kom-"/>
						</TextLine>
						<TextLine ID="line_10" HPOS="170" VPOS="474" WIDTH="822" HEIGHT="23">
							<String ID="string_93" HPOS="170" VPOS="481" WIDTH="45" HEIGHT="14" WC="0.96" CONTENT="mer"/><SP WIDTH="15" VPOS="481" HPOS="215"/>
							<String ID="string_94" HPOS="230" VPOS="481" WIDTH="49" HEIGHT="16" WC="0.96" CONTENT="man"/><SP WIDTH="14" VPOS="481" HPOS="279"/>
							<String ID="string_95" HPOS="293" VPOS="475" WIDTH="47" HEIGHT="21" WC="0.96" CONTENT="icke"/><SP WIDTH="15" VPOS="475" HPOS="340"/>
							<String ID="string_96" HPOS="355" VPOS="475" WIDTH="66" HEIGHT="21" WC="0.96" CONTENT="heller"/><SP WIDTH="11" VPOS="475" HPOS="421"/>
							<String ID="string_97" HPOS="432" VPOS="475" WIDTH="47" HEIGHT="22" WC="0.96" CONTENT="dess"/><SP WIDTH="16" VPOS="475" HPOS="479"/>
							<String ID="string_98" HPOS="495" VPOS="477" WIDTH="97" HEIGHT="20" WC="0.96" CONTENT="närmare"/><SP WIDTH="10" VPOS="477" HPOS="592"/>
							<String ID="string_99" HPOS="602" VPOS="474" WIDTH="71" HEIGHT="22" WC="0.93" CONTENT="målet."/><SP WIDTH="24" VPOS="474" HPOS="673"/>
							<String ID="string_100" HPOS="697" VPOS="474" WIDTH="78" HEIGHT="23" WC="0.92" CONTENT="Månne"/><SP WIDTH="12" VPOS="474" HPOS="775"/>
							<String ID="string_101" HPOS="787" VPOS="475" WIDTH="36" HEIGHT="21" WC="0.96" CONTENT="det"/><SP WIDTH="9" VPOS="475" HPOS="823"/>
							<String ID="string_102" HPOS="832" VPOS="475" WIDTH="47" HEIGHT="22" WC="0.96" CONTENT="icke"/><SP WIDTH="9" VPOS="475" HPOS="879"/>
							<String ID="string_103" HPOS="888" VPOS="481" WIDTH="50" HEIGHT="16" WC="0.96" CONTENT="vore"/><SP WIDTH="9" VPOS="481" HPOS="938"/>
							<String ID="string_104" HPOS="947" VPOS="475" WIDTH="45" HEIGHT="22" WC="0.96" CONTENT="skäl"/>
						</TextLine>
						<TextLine ID="line_11" HPOS="170" VPOS="503" WIDTH="824" HEIGHT="28">
							<String ID="string_105" HPOS="170" VPOS="505" WIDTH="33" HEIGHT="20" WC="0.95" CONTENT="att"/><SP WIDTH="15" VPOS="505" HPOS="203"/>
							<String ID="string_106" HPOS="218" VPOS="503" WIDTH="156" HEIGHT="22" WC="0.96" CONTENT="återremittera"/><SP WIDTH="15" VPOS="503" HPOS="374"/>
							<String ID="string_107" HPOS="389" VPOS="503" WIDTH="146" HEIGHT="22" WC="0.95" CONTENT="betänkandet"/><SP WIDTH="14" VPOS="503" HPOS="535"/>
							<String ID="string_108" HPOS="549" VPOS="504" WIDTH="33" HEIGHT="21" WC="0.96" CONTENT="till"/><SP WIDTH="15" VPOS="504" HPOS="582"/>
							<String ID="string_109" HPOS="597" VPOS="503" WIDTH="105" HEIGHT="22" WC="0.96" CONTENT="utskottet"/><SP WIDTH="14" VPOS="503" HPOS="702"/>
							<String ID="string_110" HPOS="716" VPOS="503" WIDTH="34" HEIGHT="22" WC="0.96" CONTENT="för"/><SP WIDTH="9" VPOS="503" HPOS="750"/>
							<String ID="string_111" HPOS="759" VPOS="506" WIDTH="34" HEIGHT="19" WC="0.96" CONTENT="att"/><SP WIDTH="10" VPOS="506" HPOS="793"/>
							<String ID="string_112" HPOS="803" VPOS="503" WIDTH="94" HEIGHT="28" WC="0.95" CONTENT="allsidigt"/><SP WIDTH="8" VPOS="503" HPOS="897"/>
							<String ID="string_113" HPOS="905" VPOS="504" WIDTH="89" HEIGHT="22" WC="0.96" CONTENT="utredas"/>
						</TextLine>
						<TextLine ID="line_12" HPOS="170" VPOS="531" WIDTH="822" HEIGHT="28">
							<String ID="string_114" HPOS="170" VPOS="532" WIDTH="28" HEIGHT="27" WC="0.95" CONTENT="på"/><SP WIDTH="22" VPOS="532" HPOS="198"/>
							<String ID="string_115" HPOS="220" VPOS="532" WIDTH="35" HEIGHT="21" WC="0.95" CONTENT="det"/><SP WIDTH="22" VPOS="532" HPOS="255"/>
							<String ID="string_116" HPOS="277" VPOS="534" WIDTH="33" HEIGHT="20" WC="0.96" CONTENT="att"/><SP WIDTH="22" VPOS="534" HPOS="310"/>
							<String ID="string_117" HPOS="332" VPOS="533" WIDTH="101" HEIGHT="26" WC="0.96" CONTENT="styrelsen"/><SP WIDTH="24" VPOS="533" HPOS="433"/>
							<String ID="string_118" HPOS="457" VPOS="533" WIDTH="65" HEIGHT="20" WC="0.96" CONTENT="sedan"/><SP WIDTH="19" VPOS="533" HPOS="522"/>
							<String ID="string_119" HPOS="541" VPOS="532" WIDTH="64" HEIGHT="22" WC="0.96" CONTENT="också"/><SP WIDTH="17" VPOS="532" HPOS="605"/>
							<String ID="string_120" HPOS="622" VPOS="532" WIDTH="70" HEIGHT="21" WC="0.93" CONTENT="kunde"/><SP WIDTH="19" VPOS="532" HPOS="692"/>
							<String ID="string_121" HPOS="711" VPOS="531" WIDTH="72" HEIGHT="23" WC="0.93" CONTENT="skrida"/><SP WIDTH="15" VPOS="531" HPOS="783"/>
							<String ID="string_122" HPOS="798" VPOS="532" WIDTH="33" HEIGHT="21" WC="0.96" CONTENT="till"/><SP WIDTH="15" VPOS="532" HPOS="831"/>
							<String ID="string_123" HPOS="846" VPOS="532" WIDTH="26" HEIGHT="21" WC="0.96" CONTENT="de"/><SP WIDTH="15" VPOS="532" HPOS="872"/>
							<String ID="string_124" HPOS="887" VPOS="532" WIDTH="105" HEIGHT="27" WC="0.96" CONTENT="åtgärder,"/>
						</TextLine>
						<TextLine ID="line_13" HPOS="170" VPOS="560" WIDTH="825" HEIGHT="27">
							<String ID="string_125" HPOS="170" VPOS="567" WIDTH="45" HEIGHT="14" WC="0.96" CONTENT="som"/><SP WIDTH="23" VPOS="567" HPOS="215"/>
							<String ID="string_126" HPOS="238" VPOS="563" WIDTH="37" HEIGHT="19" WC="0.96" CONTENT="äro"/><SP WIDTH="18" VPOS="563" HPOS="275"/>
							<String ID="string_127" HPOS="293" VPOS="560" WIDTH="24" HEIGHT="22" WC="0.96" CONTENT="af"/><SP WIDTH="15" VPOS="560" HPOS="317"/>
							<String ID="string_128" HPOS="332" VPOS="561" WIDTH="75" HEIGHT="21" WC="0.96" CONTENT="nöden."/><SP WIDTH="30" VPOS="561" HPOS="407"/>
							<String ID="string_129" HPOS="437" VPOS="560" WIDTH="51" HEIGHT="22" WC="0.96" CONTENT="Just"/><SP WIDTH="19" VPOS="560" HPOS="488"/>
							<String ID="string_130" HPOS="507" VPOS="561" WIDTH="71" HEIGHT="21" WC="0.96" CONTENT="derför"/><SP WIDTH="22" VPOS="561" HPOS="578"/>
							<String ID="string_131" HPOS="600" VPOS="563" WIDTH="33" HEIGHT="19" WC="0.96" CONTENT="att"/><SP WIDTH="13" VPOS="563" HPOS="633"/>
							<String ID="string_132" HPOS="646" VPOS="561" WIDTH="75" HEIGHT="26" WC="0.96" CONTENT="frågan"/><SP WIDTH="15" VPOS="561" HPOS="721"/>
							<String ID="string_133" HPOS="736" VPOS="562" WIDTH="24" HEIGHT="19" WC="0.97" CONTENT="är"/><SP WIDTH="15" VPOS="562" HPOS="760"/>
							<String ID="string_134" HPOS="775" VPOS="561" WIDTH="24" HEIGHT="21" WC="0.96" CONTENT="så"/><SP WIDTH="14" VPOS="561" HPOS="799"/>
							<String ID="string_135" HPOS="813" VPOS="561" WIDTH="131" HEIGHT="21" WC="0.96" CONTENT="främmande"/><SP WIDTH="15" VPOS="561" HPOS="944"/>
							<String ID="string_136" HPOS="959" VPOS="561" WIDTH="36" HEIGHT="21" WC="0.96" CONTENT="för"/>
						</TextLine>
						<TextLine ID="line_14" HPOS="171" VPOS="589" WIDTH="822" HEIGHT="26">
							<String ID="string_137" HPOS="171" VPOS="595" WIDTH="40" HEIGHT="20" WC="0.87" CONTENT="oss,"/><SP WIDTH="16" VPOS="595" HPOS="211"/>
							<String ID="string_138" HPOS="227" VPOS="595" WIDTH="50" HEIGHT="15" WC="0.95" CONTENT="vore"/><SP WIDTH="16" VPOS="595" HPOS="277"/>
							<String ID="string_139" HPOS="293" VPOS="589" WIDTH="36" HEIGHT="21" WC="0.93" CONTENT="det"/><SP WIDTH="15" VPOS="589" HPOS="329"/>
							<String ID="string_140" HPOS="344" VPOS="589" WIDTH="98" HEIGHT="26" WC="0.91" CONTENT="önskligt,"/><SP WIDTH="16" VPOS="589" HPOS="442"/>
							<String ID="string_141" HPOS="458" VPOS="591" WIDTH="32" HEIGHT="19" WC="0.96" CONTENT="att"/><SP WIDTH="15" VPOS="591" HPOS="490"/>
							<String ID="string_142" HPOS="505" VPOS="589" WIDTH="39" HEIGHT="21" WC="0.96" CONTENT="den"/><SP WIDTH="16" VPOS="589" HPOS="544"/>
							<String ID="string_143" HPOS="560" VPOS="589" WIDTH="68" HEIGHT="21" WC="0.96" CONTENT="skulle"/><SP WIDTH="15" VPOS="589" HPOS="628"/>
							<String ID="string_144" HPOS="643" VPOS="595" WIDTH="50" HEIGHT="15" WC="0.96" CONTENT="vara"/><SP WIDTH="16" VPOS="595" HPOS="693"/>
							<String ID="string_145" HPOS="709" VPOS="589" WIDTH="70" HEIGHT="21" WC="0.96" CONTENT="bättre"/><SP WIDTH="16" VPOS="589" HPOS="779"/>
							<String ID="string_146" HPOS="795" VPOS="589" WIDTH="112" HEIGHT="21" WC="0.96" CONTENT="förberedd"/><SP WIDTH="15" VPOS="589" HPOS="907"/>
							<String ID="string_147" HPOS="922" VPOS="591" WIDTH="27" HEIGHT="19" WC="0.96" CONTENT="än"/><SP WIDTH="15" VPOS="591" HPOS="949"/>
							<String ID="string_148" HPOS="964" VPOS="597" WIDTH="29" HEIGHT="13" WC="0.96" CONTENT="nu"/>
						</TextLine>
						<TextLine ID="line_15" HPOS="171" VPOS="617" WIDTH="824" HEIGHT="27">
							<String ID="string_149" HPOS="171" VPOS="619" WIDTH="24" HEIGHT="19" WC="0.96" CONTENT="är"/><SP WIDTH="22" VPOS="619" HPOS="195"/>
							<String ID="string_150" HPOS="217" VPOS="617" WIDTH="65" HEIGHT="22" WC="0.92" CONTENT="fallet."/><SP WIDTH="20" VPOS="617" HPOS="282"/>
							<String ID="string_151" HPOS="302" VPOS="628" WIDTH="25" HEIGHT="4" WC="0.91" CONTENT="—"/><SP WIDTH="20" VPOS="628" HPOS="327"/>
							<String ID="string_152" HPOS="347" VPOS="618" WIDTH="32" HEIGHT="20" WC="0.93" CONTENT="En"/><SP WIDTH="20" VPOS="618" HPOS="379"/>
							<String ID="string_153" HPOS="399" VPOS="617" WIDTH="67" HEIGHT="21" WC="0.95" CONTENT="talare"/><SP WIDTH="18" VPOS="617" HPOS="466"/>
							<String ID="string_154" HPOS="484" VPOS="617" WIDTH="97" HEIGHT="27" WC="0.95" CONTENT="föreslog,"/><SP WIDTH="19" VPOS="617" HPOS="581"/>
							<String ID="string_155" HPOS="600" VPOS="619" WIDTH="32" HEIGHT="20" WC="0.95" CONTENT="att"/><SP WIDTH="17" VPOS="619" HPOS="632"/>
							<String ID="string_156" HPOS="649" VPOS="617" WIDTH="76" HEIGHT="21" WC="0.96" CONTENT="förbud"/><SP WIDTH="18" VPOS="617" HPOS="725"/>
							<String ID="string_157" HPOS="743" VPOS="618" WIDTH="68" HEIGHT="20" WC="0.96" CONTENT="måtte"/><SP WIDTH="15" VPOS="618" HPOS="811"/>
							<String ID="string_158" HPOS="826" VPOS="618" WIDTH="96" HEIGHT="21" WC="0.96" CONTENT="utfärdas"/><SP WIDTH="16" VPOS="618" HPOS="922"/>
							<String ID="string_159" HPOS="938" VPOS="620" WIDTH="57" HEIGHT="20" WC="0.96" CONTENT="emot"/>
						</TextLine>
						<TextLine ID="line_16" HPOS="170" VPOS="645" WIDTH="826" HEIGHT="28">
							<String ID="string_160" HPOS="170" VPOS="648" WIDTH="32" HEIGHT="19" WC="0.96" CONTENT="att"/><SP WIDTH="19" VPOS="648" HPOS="202"/>
							<String ID="string_161" HPOS="221" VPOS="645" WIDTH="47" HEIGHT="22" WC="0.96" CONTENT="från"/><SP WIDTH="18" VPOS="645" HPOS="268"/>
							<String ID="string_162" HPOS="286" VPOS="646" WIDTH="97" HEIGHT="22" WC="0.93" CONTENT="utlandet"/><SP WIDTH="17" VPOS="646" HPOS="383"/>
							<String ID="string_163" HPOS="400" VPOS="646" WIDTH="95" HEIGHT="22" WC="0.92" CONTENT="inhemta"/><SP WIDTH="18" VPOS="646" HPOS="495"/>
							<String ID="string_164" HPOS="513" VPOS="646" WIDTH="94" HEIGHT="27" WC="0.96" CONTENT="kreatur,"/><SP WIDTH="20" VPOS="646" HPOS="607"/>
							<String ID="string_165" HPOS="627" VPOS="652" WIDTH="47" HEIGHT="15" WC="0.97" CONTENT="men"/><SP WIDTH="12" VPOS="652" HPOS="674"/>
							<String ID="string_166" HPOS="686" VPOS="645" WIDTH="37" HEIGHT="28" WC="0.96" CONTENT="jag"/><SP WIDTH="15" VPOS="645" HPOS="723"/>
							<String ID="string_167" HPOS="738" VPOS="646" WIDTH="41" HEIGHT="21" WC="0.96" CONTENT="kan"/><SP WIDTH="15" VPOS="646" HPOS="779"/>
							<String ID="string_168" HPOS="794" VPOS="645" WIDTH="46" HEIGHT="22" WC="0.96" CONTENT="icke"/><SP WIDTH="16" VPOS="645" HPOS="840"/>
							<String ID="string_169" HPOS="856" VPOS="648" WIDTH="66" HEIGHT="20" WC="0.96" CONTENT="annat"/><SP WIDTH="14" VPOS="648" HPOS="922"/>
							<String ID="string_170" HPOS="936" VPOS="646" WIDTH="60" HEIGHT="22" WC="0.96" CONTENT="finna"/>
						</TextLine>
						<TextLine ID="line_17" HPOS="171" VPOS="674" WIDTH="557" HEIGHT="28">
							<String ID="string_171" HPOS="171" VPOS="676" WIDTH="27" HEIGHT="19" WC="0.96" CONTENT="än"/><SP WIDTH="16" VPOS="676" HPOS="198"/>
							<String ID="string_172" HPOS="214" VPOS="676" WIDTH="32" HEIGHT="19" WC="0.96" CONTENT="att"/><SP WIDTH="14" VPOS="676" HPOS="246"/>
							<String ID="string_173" HPOS="260" VPOS="674" WIDTH="61" HEIGHT="22" WC="0.96" CONTENT="detta"/><SP WIDTH="14" VPOS="674" HPOS="321"/>
							<String ID="string_174" HPOS="335" VPOS="676" WIDTH="98" HEIGHT="26" WC="0.96" CONTENT="yttrande"/><SP WIDTH="16" VPOS="676" HPOS="433"/>
							<String ID="string_175" HPOS="449" VPOS="680" WIDTH="37" HEIGHT="16" WC="0.96" CONTENT="var"/><SP WIDTH="15" VPOS="680" HPOS="486"/>
							<String ID="string_176" HPOS="501" VPOS="675" WIDTH="86" HEIGHT="21" WC="0.92" CONTENT="alldeles"/><SP WIDTH="15" VPOS="675" HPOS="587"/>
							<String ID="string_177" HPOS="602" VPOS="674" WIDTH="126" HEIGHT="22" WC="0.92" CONTENT="förhastadt."/>
						</TextLine>
					</TextBlock>
					<TextBlock ID="block_2" HPOS="169" VPOS="702" WIDTH="827" HEIGHT="485">
						<TextLine ID="line_18" HPOS="239" VPOS="702" WIDTH="756" HEIGHT="29">
							<String ID="string_178" HPOS="239" VPOS="703" WIDTH="111" HEIGHT="22" WC="0.91" CONTENT="Edusmies"/><SP WIDTH="23" VPOS="703" HPOS="350"/>
							<String ID="string_179" HPOS="373" VPOS="702" WIDTH="93" HEIGHT="29" WC="0.93" CONTENT="Ojanen:"/><SP WIDTH="19" VPOS="702" HPOS="466"/>
							<String ID="string_180" HPOS="485" VPOS="704" WIDTH="87" HEIGHT="21" WC="0.92" CONTENT="Edusm."/><SP WIDTH="18" VPOS="704" HPOS="572"/>
							<String ID="string_181" HPOS="590" VPOS="703" WIDTH="88" HEIGHT="21" WC="0.96" CONTENT="Bremer"/><SP WIDTH="18" VPOS="703" HPOS="678"/>
							<String ID="string_182" HPOS="696" VPOS="703" WIDTH="100" HEIGHT="26" WC="0.96" CONTENT="mainitsi,"/><SP WIDTH="16" VPOS="703" HPOS="796"/>
							<String ID="string_183" HPOS="812" VPOS="705" WIDTH="46" HEIGHT="20" WC="0.93" CONTENT="että"/><SP WIDTH="14" VPOS="705" HPOS="858"/>
							<String ID="string_184" HPOS="872" VPOS="704" WIDTH="123" HEIGHT="26" WC="0.93" CONTENT="maanvilje-"/>
						</TextLine>
						<TextLine ID="line_19" HPOS="170" VPOS="732" WIDTH="826" HEIGHT="27">
							<String ID="string_185" HPOS="170" VPOS="732" WIDTH="105" HEIGHT="26" WC="0.91" CONTENT="lystilasto"/><SP WIDTH="16" VPOS="732" HPOS="275"/>
							<String ID="string_186" HPOS="291" VPOS="732" WIDTH="19" HEIGHT="21" WC="0.96" CONTENT="ei"/><SP WIDTH="15" VPOS="732" HPOS="310"/>
							<String ID="string_187" HPOS="325" VPOS="732" WIDTH="33" HEIGHT="21" WC="0.96" CONTENT="ole"/><SP WIDTH="15" VPOS="732" HPOS="358"/>
							<String ID="string_188" HPOS="373" VPOS="738" WIDTH="138" HEIGHT="16" WC="0.96" CONTENT="maassamme"/><SP WIDTH="15" VPOS="738" HPOS="511"/>
							<String ID="string_189" HPOS="526" VPOS="732" WIDTH="43" HEIGHT="21" WC="0.96" CONTENT="niin"/><SP WIDTH="15" VPOS="732" HPOS="569"/>
							<String ID="string_190" HPOS="584" VPOS="732" WIDTH="87" HEIGHT="26" WC="0.96" CONTENT="selvillä,"/><SP WIDTH="16" VPOS="732" HPOS="671"/>
							<String ID="string_191" HPOS="687" VPOS="734" WIDTH="45" HEIGHT="20" WC="0.96" CONTENT="että"/><SP WIDTH="15" VPOS="734" HPOS="732"/>
							<String ID="string_192" HPOS="747" VPOS="732" WIDTH="49" HEIGHT="21" WC="0.96" CONTENT="siitä"/><SP WIDTH="14" VPOS="732" HPOS="796"/>
							<String ID="string_193" HPOS="810" VPOS="732" WIDTH="53" HEIGHT="22" WC="0.96" CONTENT="voisi"/><SP WIDTH="10" VPOS="732" HPOS="863"/>
							<String ID="string_194" HPOS="873" VPOS="732" WIDTH="65" HEIGHT="22" WC="0.93" CONTENT="saada"/><SP WIDTH="8" VPOS="732" HPOS="938"/>
							<String ID="string_195" HPOS="946" VPOS="732" WIDTH="50" HEIGHT="27" WC="0.91" CONTENT="jon-"/>
						</TextLine>
						<TextLine ID="line_20" HPOS="170" VPOS="760" WIDTH="825" HEIGHT="27">
							<String ID="string_196" HPOS="170" VPOS="760" WIDTH="107" HEIGHT="22" WC="0.92" CONTENT="kunlaista"/><SP WIDTH="14" VPOS="760" HPOS="277"/>
							<String ID="string_197" HPOS="291" VPOS="762" WIDTH="121" HEIGHT="25" WC="0.93" CONTENT="perustusta"/><SP WIDTH="14" VPOS="762" HPOS="412"/>
							<String ID="string_198" HPOS="426" VPOS="761" WIDTH="180" HEIGHT="21" WC="0.92" CONTENT="tämänkaltaisiin"/><SP WIDTH="15" VPOS="761" HPOS="606"/>
							<String ID="string_199" HPOS="621" VPOS="760" WIDTH="95" HEIGHT="22" WC="0.95" CONTENT="asioihin."/><SP WIDTH="23" VPOS="760" HPOS="716"/>
							<String ID="string_200" HPOS="739" VPOS="760" WIDTH="58" HEIGHT="22" WC="0.96" CONTENT="Minä"/><SP WIDTH="15" VPOS="760" HPOS="797"/>
							<String ID="string_201" HPOS="812" VPOS="767" WIDTH="24" HEIGHT="15" WC="0.96" CONTENT="en"/><SP WIDTH="16" VPOS="767" HPOS="836"/>
							<String ID="string_202" HPOS="852" VPOS="761" WIDTH="43" HEIGHT="21" WC="0.93" CONTENT="sitä"/><SP WIDTH="14" VPOS="761" HPOS="895"/>
							<String ID="string_203" HPOS="909" VPOS="762" WIDTH="86" HEIGHT="20" WC="0.92" CONTENT="vaatisi-"/>
						</TextLine>
						<TextLine ID="line_21" HPOS="170" VPOS="788" WIDTH="825" HEIGHT="28">
							<String ID="string_204" HPOS="170" VPOS="788" WIDTH="56" HEIGHT="22" WC="0.93" CONTENT="kaan"/><SP WIDTH="8" VPOS="788" HPOS="226"/>
							<String ID="string_205" HPOS="234" VPOS="788" WIDTH="166" HEIGHT="28" WC="0.89" CONTENT="valiokunnalta,"/><SP WIDTH="8" VPOS="788" HPOS="400"/>
							<String ID="string_206" HPOS="408" VPOS="791" WIDTH="70" HEIGHT="20" WC="0.96" CONTENT="mutta"/><SP WIDTH="7" VPOS="791" HPOS="478"/>
							<String ID="string_207" HPOS="485" VPOS="790" WIDTH="60" HEIGHT="20" WC="0.96" CONTENT="olisin"/><SP WIDTH="9" VPOS="790" HPOS="545"/>
							<String ID="string_208" HPOS="554" VPOS="789" WIDTH="121" HEIGHT="27" WC="0.96" CONTENT="odottanut,"/><SP WIDTH="7" VPOS="789" HPOS="675"/>
							<String ID="string_209" HPOS="682" VPOS="792" WIDTH="45" HEIGHT="18" WC="0.95" CONTENT="että"/><SP WIDTH="7" VPOS="792" HPOS="727"/>
							<String ID="string_210" HPOS="734" VPOS="789" WIDTH="123" HEIGHT="21" WC="0.96" CONTENT="valiokunta"/><SP WIDTH="7" VPOS="789" HPOS="857"/>
							<String ID="string_211" HPOS="864" VPOS="789" WIDTH="131" HEIGHT="22" WC="0.96" CONTENT="saadakseen"/>
						</TextLine>
						<TextLine ID="line_22" HPOS="169" VPOS="817" WIDTH="827" HEIGHT="28">
							<String ID="string_212" HPOS="169" VPOS="817" WIDTH="146" HEIGHT="27" WC="0.96" CONTENT="jonkunlaista"/><SP WIDTH="14" VPOS="817" HPOS="315"/>
							<String ID="string_213" HPOS="329" VPOS="818" WIDTH="86" HEIGHT="21" WC="0.96" CONTENT="tilastoa"/><SP WIDTH="15" VPOS="818" HPOS="415"/>
							<String ID="string_214" HPOS="430" VPOS="818" WIDTH="46" HEIGHT="21" WC="0.97" CONTENT="olisi"/><SP WIDTH="14" VPOS="818" HPOS="476"/>
							<String ID="string_215" HPOS="490" VPOS="818" WIDTH="113" HEIGHT="27" WC="0.97" CONTENT="käyttänyt"/><SP WIDTH="14" VPOS="818" HPOS="603"/>
							<String ID="string_216" HPOS="617" VPOS="818" WIDTH="43" HEIGHT="21" WC="0.96" CONTENT="niin"/><SP WIDTH="15" VPOS="818" HPOS="660"/>
							<String ID="string_217" HPOS="675" VPOS="817" WIDTH="165" HEIGHT="27" WC="0.96" CONTENT="käytännöllistä"/><SP WIDTH="12" VPOS="817" HPOS="840"/>
							<String ID="string_218" HPOS="852" VPOS="818" WIDTH="24" HEIGHT="26" WC="0.93" CONTENT="ja"/><SP WIDTH="9" VPOS="818" HPOS="876"/>
							<String ID="string_219" HPOS="885" VPOS="817" WIDTH="111" HEIGHT="27" WC="0.93" CONTENT="yksinker-"/>
						</TextLine>
						<TextLine ID="line_23" HPOS="171" VPOS="845" WIDTH="823" HEIGHT="27">
							<String ID="string_220" HPOS="171" VPOS="846" WIDTH="65" HEIGHT="21" WC="0.96" CONTENT="taista"/><SP WIDTH="15" VPOS="846" HPOS="236"/>
							<String ID="string_221" HPOS="251" VPOS="845" WIDTH="82" HEIGHT="27" WC="0.96" CONTENT="keinoa,"/><SP WIDTH="16" VPOS="845" HPOS="333"/>
							<String ID="string_222" HPOS="349" VPOS="847" WIDTH="45" HEIGHT="20" WC="0.96" CONTENT="että"/><SP WIDTH="15" VPOS="847" HPOS="394"/>
							<String ID="string_223" HPOS="409" VPOS="852" WIDTH="22" HEIGHT="16" WC="0.96" CONTENT="se"/><SP WIDTH="16" VPOS="852" HPOS="431"/>
							<String ID="string_224" HPOS="447" VPOS="846" WIDTH="48" HEIGHT="22" WC="0.96" CONTENT="olisi"/><SP WIDTH="14" VPOS="846" HPOS="495"/>
							<String ID="string_225" HPOS="509" VPOS="848" WIDTH="87" HEIGHT="20" WC="0.96" CONTENT="ottanut"/><SP WIDTH="14" VPOS="848" HPOS="596"/>
							<String ID="string_226" HPOS="610" VPOS="846" WIDTH="71" HEIGHT="22" WC="0.96" CONTENT="selvää"/><SP WIDTH="9" VPOS="846" HPOS="681"/>
							<String ID="string_227" HPOS="690" VPOS="846" WIDTH="109" HEIGHT="26" WC="0.93" CONTENT="Helsingin"/><SP WIDTH="11" VPOS="846" HPOS="799"/>
							<String ID="string_228" HPOS="810" VPOS="846" WIDTH="184" HEIGHT="22" WC="0.93" CONTENT="teurastuslaitok-"/>
						</TextLine>
						<TextLine ID="line_24" HPOS="171" VPOS="874" WIDTH="824" HEIGHT="27">
							<String ID="string_229" HPOS="171" VPOS="880" WIDTH="57" HEIGHT="15" WC="0.81" CONTENT="sessa"/><SP WIDTH="22" VPOS="880" HPOS="228"/>
							<String ID="string_230" HPOS="250" VPOS="874" WIDTH="84" HEIGHT="22" WC="0.93" CONTENT="vuoden"/><SP WIDTH="21" VPOS="874" HPOS="334"/>
							<String ID="string_231" HPOS="355" VPOS="875" WIDTH="90" HEIGHT="21" WC="0.92" CONTENT="mittaan"/><SP WIDTH="23" VPOS="875" HPOS="445"/>
							<String ID="string_232" HPOS="468" VPOS="876" WIDTH="153" HEIGHT="20" WC="0.92" CONTENT="teurastetusta"/><SP WIDTH="17" VPOS="876" HPOS="621"/>
							<String ID="string_233" HPOS="638" VPOS="874" WIDTH="192" HEIGHT="27" WC="0.91" CONTENT="elukkamäärästä,"/><SP WIDTH="17" VPOS="874" HPOS="830"/>
							<String ID="string_234" HPOS="847" VPOS="874" WIDTH="51" HEIGHT="27" WC="0.96" CONTENT="joka"/><SP WIDTH="18" VPOS="874" HPOS="898"/>
							<String ID="string_235" HPOS="916" VPOS="880" WIDTH="79" HEIGHT="16" WC="0.96" CONTENT="nousee"/>
						</TextLine>
						<TextLine ID="line_25" HPOS="171" VPOS="902" WIDTH="825" HEIGHT="27">
							<String ID="string_236" HPOS="171" VPOS="902" WIDTH="109" HEIGHT="21" WC="0.96" CONTENT="tuhansiin"/><SP WIDTH="22" VPOS="902" HPOS="280"/>
							<String ID="string_237" HPOS="302" VPOS="903" WIDTH="47" HEIGHT="20" WC="0.96" CONTENT="asti."/><SP WIDTH="31" VPOS="903" HPOS="349"/>
							<String ID="string_238" HPOS="380" VPOS="902" WIDTH="51" HEIGHT="22" WC="0.91" CONTENT="Sillä"/><SP WIDTH="18" VPOS="902" HPOS="431"/>
							<String ID="string_239" HPOS="449" VPOS="903" WIDTH="66" HEIGHT="21" WC="0.96" CONTENT="koska"/><SP WIDTH="18" VPOS="903" HPOS="515"/>
							<String ID="string_240" HPOS="533" VPOS="903" WIDTH="60" HEIGHT="22" WC="0.93" CONTENT="siellä"/><SP WIDTH="18" VPOS="903" HPOS="593"/>
							<String ID="string_241" HPOS="611" VPOS="903" WIDTH="153" HEIGHT="26" WC="0.92" CONTENT="terveyspoliisi"/><SP WIDTH="17" VPOS="903" HPOS="764"/>
							<String ID="string_242" HPOS="781" VPOS="903" WIDTH="59" HEIGHT="21" WC="0.93" CONTENT="istuu"/><SP WIDTH="14" VPOS="903" HPOS="840"/>
							<String ID="string_243" HPOS="854" VPOS="903" WIDTH="106" HEIGHT="21" WC="0.92" CONTENT="alinomaa"/><SP WIDTH="12" VPOS="903" HPOS="960"/>
							<String ID="string_244" HPOS="972" VPOS="903" WIDTH="24" HEIGHT="26" WC="0.96" CONTENT="ja"/>
						</TextLine>
						<TextLine ID="line_26" HPOS="171" VPOS="931" WIDTH="823" HEIGHT="27">
							<String ID="string_245" HPOS="171" VPOS="931" WIDTH="110" HEIGHT="22" WC="0.96" CONTENT="tarkastaa"/><SP WIDTH="21" VPOS="931" HPOS="281"/>
							<String ID="string_246" HPOS="302" VPOS="931" WIDTH="96" HEIGHT="27" WC="0.93" CONTENT="jokaisen"/><SP WIDTH="18" VPOS="931" HPOS="398"/>
							<String ID="string_247" HPOS="416" VPOS="931" WIDTH="187" HEIGHT="22" WC="0.92" CONTENT="teurastuselukan"/><SP WIDTH="16" VPOS="931" HPOS="603"/>
							<String ID="string_248" HPOS="619" VPOS="931" WIDTH="22" HEIGHT="26" WC="0.96" CONTENT="ja"/><SP WIDTH="19" VPOS="931" HPOS="641"/>
							<String ID="string_249" HPOS="660" VPOS="931" WIDTH="49" HEIGHT="21" WC="0.96" CONTENT="siitä"/><SP WIDTH="15" VPOS="931" HPOS="709"/>
							<String ID="string_250" HPOS="724" VPOS="931" WIDTH="155" HEIGHT="22" WC="0.96" CONTENT="luonnollisesti"/><SP WIDTH="15" VPOS="931" HPOS="879"/>
							<String ID="string_251" HPOS="894" VPOS="931" WIDTH="100" HEIGHT="27" WC="0.96" CONTENT="pidetään"/>
						</TextLine>
						<TextLine ID="line_27" HPOS="171" VPOS="958" WIDTH="823" HEIGHT="28">
							<String ID="string_252" HPOS="171" VPOS="958" WIDTH="73" HEIGHT="27" WC="0.95" CONTENT="kirjaa,"/><SP WIDTH="24" VPOS="958" HPOS="244"/>
							<String ID="string_253" HPOS="268" VPOS="959" WIDTH="43" HEIGHT="22" WC="0.96" CONTENT="niin"/><SP WIDTH="22" VPOS="959" HPOS="311"/>
							<String ID="string_254" HPOS="333" VPOS="959" WIDTH="93" HEIGHT="22" WC="0.93" CONTENT="tottakai"/><SP WIDTH="23" VPOS="959" HPOS="426"/>
							<String ID="string_255" HPOS="449" VPOS="959" WIDTH="230" HEIGHT="27" WC="0.92" CONTENT="terveyslautakunnan"/><SP WIDTH="18" VPOS="959" HPOS="679"/>
							<String ID="string_256" HPOS="697" VPOS="960" WIDTH="69" HEIGHT="26" WC="0.96" CONTENT="pitäisi"/><SP WIDTH="19" VPOS="960" HPOS="766"/>
							<String ID="string_257" HPOS="785" VPOS="959" WIDTH="110" HEIGHT="26" WC="0.96" CONTENT="tietämän,"/><SP WIDTH="19" VPOS="959" HPOS="895"/>
							<String ID="string_258" HPOS="914" VPOS="959" WIDTH="80" HEIGHT="22" WC="0.96" CONTENT="kuinka"/>
						</TextLine>
						<TextLine ID="line_28" HPOS="172" VPOS="987" WIDTH="824" HEIGHT="23">
							<String ID="string_259" HPOS="172" VPOS="990" WIDTH="73" HEIGHT="19" WC="0.96" CONTENT="monta"/><SP WIDTH="15" VPOS="990" HPOS="245"/>
							<String ID="string_260" HPOS="260" VPOS="987" WIDTH="74" HEIGHT="22" WC="0.93" CONTENT="taudin"/><SP WIDTH="16" VPOS="987" HPOS="334"/>
							<String ID="string_261" HPOS="350" VPOS="990" WIDTH="153" HEIGHT="20" WC="0.91" CONTENT="saastuttamaa"/><SP WIDTH="15" VPOS="990" HPOS="503"/>
							<String ID="string_262" HPOS="518" VPOS="988" WIDTH="91" HEIGHT="22" WC="0.92" CONTENT="elukkaa"/><SP WIDTH="14" VPOS="988" HPOS="609"/>
							<String ID="string_263" HPOS="623" VPOS="988" WIDTH="126" HEIGHT="22" WC="0.96" CONTENT="laitoksessa"/><SP WIDTH="15" VPOS="988" HPOS="749"/>
							<String ID="string_264" HPOS="764" VPOS="994" WIDTH="27" HEIGHT="15" WC="0.96" CONTENT="on"/><SP WIDTH="11" VPOS="994" HPOS="791"/>
							<String ID="string_265" HPOS="802" VPOS="989" WIDTH="134" HEIGHT="21" WC="0.93" CONTENT="teurastettu."/><SP WIDTH="19" VPOS="989" HPOS="936"/>
							<String ID="string_266" HPOS="955" VPOS="988" WIDTH="41" HEIGHT="21" WC="0.93" CONTENT="Tä-"/>
						</TextLine>
						<TextLine ID="line_29" HPOS="172" VPOS="1016" WIDTH="823" HEIGHT="29">
							<String ID="string_267" HPOS="172" VPOS="1019" WIDTH="36" HEIGHT="18" WC="0.96" CONTENT="ten"/><SP WIDTH="15" VPOS="1019" HPOS="208"/>
							<String ID="string_268" HPOS="223" VPOS="1017" WIDTH="46" HEIGHT="21" WC="0.96" CONTENT="olisi"/><SP WIDTH="16" VPOS="1017" HPOS="269"/>
							<String ID="string_269" HPOS="285" VPOS="1018" WIDTH="62" HEIGHT="20" WC="0.96" CONTENT="saatu"/><SP WIDTH="15" VPOS="1018" HPOS="347"/>
							<String ID="string_270" HPOS="362" VPOS="1017" WIDTH="61" HEIGHT="21" WC="0.96" CONTENT="aivan"/><SP WIDTH="11" VPOS="1017" HPOS="423"/>
							<String ID="string_271" HPOS="434" VPOS="1017" WIDTH="171" HEIGHT="28" WC="0.96" CONTENT="käytännöllinen"/><SP WIDTH="11" VPOS="1017" HPOS="605"/>
							<String ID="string_272" HPOS="616" VPOS="1017" WIDTH="157" HEIGHT="26" WC="0.96" CONTENT="prosenttiluku"/><SP WIDTH="8" VPOS="1017" HPOS="773"/>
							<String ID="string_273" HPOS="781" VPOS="1017" WIDTH="55" HEIGHT="26" WC="0.96" CONTENT="siitä,"/><SP WIDTH="11" VPOS="1017" HPOS="836"/>
							<String ID="string_274" HPOS="847" VPOS="1016" WIDTH="79" HEIGHT="22" WC="0.96" CONTENT="kuinka"/><SP WIDTH="10" VPOS="1016" HPOS="926"/>
							<String ID="string_275" HPOS="936" VPOS="1017" WIDTH="59" HEIGHT="22" WC="0.96" CONTENT="suuri"/>
						</TextLine>
						<TextLine ID="line_30" HPOS="172" VPOS="1045" WIDTH="823" HEIGHT="28">
							<String ID="string_276" HPOS="172" VPOS="1051" WIDTH="37" HEIGHT="16" WC="0.93" CONTENT="osa"/><SP WIDTH="15" VPOS="1051" HPOS="209"/>
							<String ID="string_277" HPOS="224" VPOS="1045" WIDTH="93" HEIGHT="28" WC="0.96" CONTENT="karjasta"/><SP WIDTH="18" VPOS="1045" HPOS="317"/>
							<String ID="string_278" HPOS="335" VPOS="1052" WIDTH="27" HEIGHT="15" WC="0.96" CONTENT="on"/><SP WIDTH="15" VPOS="1052" HPOS="362"/>
							<String ID="string_279" HPOS="377" VPOS="1046" WIDTH="84" HEIGHT="27" WC="0.96" CONTENT="puheen"/><SP WIDTH="13" VPOS="1046" HPOS="461"/>
							<String ID="string_280" HPOS="474" VPOS="1046" WIDTH="79" HEIGHT="21" WC="0.96" CONTENT="alaisen"/><SP WIDTH="19" VPOS="1046" HPOS="553"/>
							<String ID="string_281" HPOS="572" VPOS="1046" WIDTH="73" HEIGHT="21" WC="0.96" CONTENT="taudin"/><SP WIDTH="16" VPOS="1046" HPOS="645"/>
							<String ID="string_282" HPOS="661" VPOS="1048" WIDTH="147" HEIGHT="24" WC="0.96" CONTENT="saastuttama,"/><SP WIDTH="16" VPOS="1048" HPOS="808"/>
							<String ID="string_283" HPOS="824" VPOS="1045" WIDTH="47" HEIGHT="22" WC="0.96" CONTENT="sillä"/><SP WIDTH="15" VPOS="1045" HPOS="871"/>
							<String ID="string_284" HPOS="886" VPOS="1045" WIDTH="109" HEIGHT="28" WC="0.96" CONTENT="Helsingin"/>
						</TextLine>
						<TextLine ID="line_31" HPOS="172" VPOS="1073" WIDTH="821" HEIGHT="28">
							<String ID="string_285" HPOS="172" VPOS="1073" WIDTH="225" HEIGHT="23" WC="0.93" CONTENT="teurastuslaitokseen"/><SP WIDTH="15" VPOS="1073" HPOS="397"/>
							<String ID="string_286" HPOS="412" VPOS="1075" WIDTH="94" HEIGHT="21" WC="0.96" CONTENT="tuodaan"/><SP WIDTH="15" VPOS="1075" HPOS="506"/>
							<String ID="string_287" HPOS="521" VPOS="1075" WIDTH="62" HEIGHT="26" WC="0.96" CONTENT="hyvin"/><SP WIDTH="15" VPOS="1075" HPOS="583"/>
							<String ID="string_288" HPOS="598" VPOS="1074" WIDTH="72" HEIGHT="27" WC="0.96" CONTENT="paljon"/><SP WIDTH="11" VPOS="1074" HPOS="670"/>
							<String ID="string_289" HPOS="681" VPOS="1074" WIDTH="74" HEIGHT="27" WC="0.96" CONTENT="karjaa"/><SP WIDTH="10" VPOS="1074" HPOS="755"/>
							<String ID="string_290" HPOS="765" VPOS="1080" WIDTH="103" HEIGHT="16" WC="0.96" CONTENT="maamme"/><SP WIDTH="11" VPOS="1080" HPOS="868"/>
							<String ID="string_291" HPOS="879" VPOS="1075" WIDTH="31" HEIGHT="21" WC="0.96" CONTENT="eri"/><SP WIDTH="10" VPOS="1075" HPOS="910"/>
							<String ID="string_292" HPOS="920" VPOS="1075" WIDTH="73" HEIGHT="26" WC="0.96" CONTENT="osista,"/>
						</TextLine>
						<TextLine ID="line_32" HPOS="172" VPOS="1102" WIDTH="823" HEIGHT="28">
							<String ID="string_293" HPOS="172" VPOS="1103" WIDTH="19" HEIGHT="21" WC="0.96" CONTENT="ei"/><SP WIDTH="18" VPOS="1103" HPOS="191"/>
							<String ID="string_294" HPOS="209" VPOS="1103" WIDTH="56" HEIGHT="21" WC="0.93" CONTENT="tosin"/><SP WIDTH="18" VPOS="1103" HPOS="265"/>
							<String ID="string_295" HPOS="283" VPOS="1103" WIDTH="166" HEIGHT="21" WC="0.89" CONTENT="äärimmäisestä"/><SP WIDTH="18" VPOS="1103" HPOS="449"/>
							<String ID="string_296" HPOS="467" VPOS="1103" WIDTH="134" HEIGHT="27" WC="0.96" CONTENT="pohjoisesta,"/><SP WIDTH="16" VPOS="1103" HPOS="601"/>
							<String ID="string_297" HPOS="617" VPOS="1105" WIDTH="68" HEIGHT="20" WC="0.96" CONTENT="mutta"/><SP WIDTH="15" VPOS="1105" HPOS="685"/>
							<String ID="string_298" HPOS="700" VPOS="1103" WIDTH="111" HEIGHT="22" WC="0.96" CONTENT="kuitenkin"/><SP WIDTH="15" VPOS="1103" HPOS="811"/>
							<String ID="string_299" HPOS="826" VPOS="1102" WIDTH="169" HEIGHT="23" WC="0.96" CONTENT="Keski-Suomen"/>
						</TextLine>
						<TextLine ID="line_33" HPOS="171" VPOS="1131" WIDTH="825" HEIGHT="22">
							<String ID="string_300" HPOS="171" VPOS="1131" WIDTH="93" HEIGHT="22" WC="0.96" CONTENT="kaikista"/><SP WIDTH="19" VPOS="1131" HPOS="264"/>
							<String ID="string_301" HPOS="283" VPOS="1131" WIDTH="108" HEIGHT="22" WC="0.96" CONTENT="kunnista."/><SP WIDTH="28" VPOS="1131" HPOS="391"/>
							<String ID="string_302" HPOS="419" VPOS="1131" WIDTH="125" HEIGHT="22" WC="0.96" CONTENT="Tuollainen"/><SP WIDTH="17" VPOS="1131" HPOS="544"/>
							<String ID="string_303" HPOS="561" VPOS="1132" WIDTH="73" HEIGHT="21" WC="0.96" CONTENT="tilasto"/><SP WIDTH="19" VPOS="1132" HPOS="634"/>
							<String ID="string_304" HPOS="653" VPOS="1131" WIDTH="46" HEIGHT="22" WC="0.96" CONTENT="olisi"/><SP WIDTH="18" VPOS="1131" HPOS="699"/>
							<String ID="string_305" HPOS="717" VPOS="1131" WIDTH="54" HEIGHT="22" WC="0.96" CONTENT="ollut"/><SP WIDTH="18" VPOS="1131" HPOS="771"/>
							<String ID="string_306" HPOS="789" VPOS="1131" WIDTH="86" HEIGHT="22" WC="0.96" CONTENT="erittäin"/><SP WIDTH="15" VPOS="1131" HPOS="875"/>
							<String ID="string_307" HPOS="890" VPOS="1131" WIDTH="106" HEIGHT="22" WC="0.96" CONTENT="valaiseva"/>
						</TextLine>
						<TextLine ID="line_34" HPOS="170" VPOS="1159" WIDTH="684" HEIGHT="28">
							<String ID="string_308" HPOS="170" VPOS="1159" WIDTH="23" HEIGHT="28" WC="0.96" CONTENT="ja"/><SP WIDTH="15" VPOS="1159" HPOS="193"/>
							<String ID="string_309" HPOS="208" VPOS="1165" WIDTH="36" HEIGHT="16" WC="0.96" CONTENT="sen"/><SP WIDTH="15" VPOS="1165" HPOS="244"/>
							<String ID="string_310" HPOS="259" VPOS="1160" WIDTH="78" HEIGHT="21" WC="0.96" CONTENT="kautta"/><SP WIDTH="14" VPOS="1160" HPOS="337"/>
							<String ID="string_311" HPOS="351" VPOS="1160" WIDTH="48" HEIGHT="21" WC="0.97" CONTENT="olisi"/><SP WIDTH="14" VPOS="1160" HPOS="399"/>
							<String ID="string_312" HPOS="413" VPOS="1162" WIDTH="75" HEIGHT="25" WC="0.97" CONTENT="päästy"/><SP WIDTH="12" VPOS="1162" HPOS="488"/>
							<String ID="string_313" HPOS="500" VPOS="1160" WIDTH="103" HEIGHT="27" WC="0.96" CONTENT="johonkin"/><SP WIDTH="15" VPOS="1160" HPOS="603"/>
							<String ID="string_314" HPOS="618" VPOS="1160" WIDTH="135" HEIGHT="27" WC="0.96" CONTENT="käsitykseen"/><SP WIDTH="16" VPOS="1160" HPOS="753"/>
							<String ID="string_315" HPOS="769" VPOS="1160" WIDTH="85" HEIGHT="21" WC="0.96" CONTENT="asiasta."/>
						</TextLine>
					</TextBlock>
					<TextBlock ID="block_3" HPOS="171" VPOS="1188" WIDTH="826" HEIGHT="371">
						<TextLine ID="line_35" HPOS="242" VPOS="1188" WIDTH="754" HEIGHT="28">
							<String ID="string_316" HPOS="242" VPOS="1188" WIDTH="53" HEIGHT="21" WC="0.96" CONTENT="Mitä"/><SP WIDTH="18" VPOS="1188" HPOS="295"/>
							<String ID="string_317" HPOS="313" VPOS="1191" WIDTH="86" HEIGHT="19" WC="0.96" CONTENT="muuten"/><SP WIDTH="17" VPOS="1191" HPOS="399"/>
							<String ID="string_318" HPOS="416" VPOS="1189" WIDTH="143" HEIGHT="21" WC="0.96" CONTENT="valiokunnan"/><SP WIDTH="18" VPOS="1189" HPOS="559"/>
							<String ID="string_319" HPOS="577" VPOS="1189" WIDTH="155" HEIGHT="27" WC="0.96" CONTENT="perusteluihin"/><SP WIDTH="17" VPOS="1189" HPOS="732"/>
							<String ID="string_320" HPOS="749" VPOS="1189" WIDTH="65" HEIGHT="25" WC="0.96" CONTENT="tulee,"/><SP WIDTH="15" VPOS="1189" HPOS="814"/>
							<String ID="string_321" HPOS="829" VPOS="1189" WIDTH="43" HEIGHT="20" WC="0.91" CONTENT="niin"/><SP WIDTH="16" VPOS="1189" HPOS="872"/>
							<String ID="string_322" HPOS="888" VPOS="1194" WIDTH="26" HEIGHT="15" WC="0.96" CONTENT="en"/><SP WIDTH="16" VPOS="1194" HPOS="914"/>
							<String ID="string_323" HPOS="930" VPOS="1189" WIDTH="66" HEIGHT="21" WC="0.96" CONTENT="tahdo"/>
						</TextLine>
						<TextLine ID="line_36" HPOS="172" VPOS="1216" WIDTH="823" HEIGHT="28">
							<String ID="string_324" HPOS="172" VPOS="1216" WIDTH="80" HEIGHT="26" WC="0.96" CONTENT="säädyn"/><SP WIDTH="15" VPOS="1216" HPOS="252"/>
							<String ID="string_325" HPOS="267" VPOS="1216" WIDTH="62" HEIGHT="22" WC="0.96" CONTENT="aikaa"/><SP WIDTH="15" VPOS="1216" HPOS="329"/>
							<String ID="string_326" HPOS="344" VPOS="1216" WIDTH="98" HEIGHT="22" WC="0.96" CONTENT="kuluttaa"/><SP WIDTH="14" VPOS="1216" HPOS="442"/>
							<String ID="string_327" HPOS="456" VPOS="1217" WIDTH="64" HEIGHT="21" WC="0.96" CONTENT="niistä"/><SP WIDTH="15" VPOS="1217" HPOS="520"/>
							<String ID="string_328" HPOS="535" VPOS="1217" WIDTH="128" HEIGHT="27" WC="0.96" CONTENT="puhumalla,"/><SP WIDTH="15" VPOS="1217" HPOS="663"/>
							<String ID="string_329" HPOS="678" VPOS="1217" WIDTH="68" HEIGHT="21" WC="0.96" CONTENT="koska"/><SP WIDTH="15" VPOS="1217" HPOS="746"/>
							<String ID="string_330" HPOS="761" VPOS="1217" WIDTH="52" HEIGHT="21" WC="0.96" CONTENT="niitä"/><SP WIDTH="14" VPOS="1217" HPOS="813"/>
							<String ID="string_331" HPOS="827" VPOS="1222" WIDTH="27" HEIGHT="16" WC="0.96" CONTENT="on"/><SP WIDTH="15" VPOS="1222" HPOS="854"/>
							<String ID="string_332" HPOS="869" VPOS="1216" WIDTH="44" HEIGHT="22" WC="0.96" CONTENT="niin"/><SP WIDTH="11" VPOS="1216" HPOS="913"/>
							<String ID="string_333" HPOS="924" VPOS="1216" WIDTH="71" HEIGHT="28" WC="0.96" CONTENT="paljon"/>
						</TextLine>
						<TextLine ID="line_37" HPOS="172" VPOS="1244" WIDTH="823" HEIGHT="28">
							<String ID="string_334" HPOS="172" VPOS="1245" WIDTH="100" HEIGHT="22" WC="0.92" CONTENT="moitittu."/><SP WIDTH="31" VPOS="1245" HPOS="272"/>
							<String ID="string_335" HPOS="303" VPOS="1244" WIDTH="71" HEIGHT="22" WC="0.95" CONTENT="Mutta"/><SP WIDTH="22" VPOS="1244" HPOS="374"/>
							<String ID="string_336" HPOS="396" VPOS="1246" WIDTH="52" HEIGHT="21" WC="0.95" CONTENT="mitä"/><SP WIDTH="19" VPOS="1246" HPOS="448"/>
							<String ID="string_337" HPOS="467" VPOS="1246" WIDTH="115" HEIGHT="21" WC="0.93" CONTENT="mietinnön"/><SP WIDTH="19" VPOS="1246" HPOS="582"/>
							<String ID="string_338" HPOS="601" VPOS="1246" WIDTH="84" HEIGHT="26" WC="0.92" CONTENT="ponsiin"/><SP WIDTH="18" VPOS="1246" HPOS="685"/>
							<String ID="string_339" HPOS="703" VPOS="1246" WIDTH="62" HEIGHT="24" WC="0.96" CONTENT="tulee,"/><SP WIDTH="20" VPOS="1246" HPOS="765"/>
							<String ID="string_340" HPOS="785" VPOS="1245" WIDTH="43" HEIGHT="21" WC="0.96" CONTENT="niin"/><SP WIDTH="18" VPOS="1245" HPOS="828"/>
							<String ID="string_341" HPOS="846" VPOS="1245" WIDTH="61" HEIGHT="22" WC="0.93" CONTENT="olisin"/><SP WIDTH="19" VPOS="1245" HPOS="907"/>
							<String ID="string_342" HPOS="926" VPOS="1246" WIDTH="69" HEIGHT="26" WC="0.92" CONTENT="taipu-"/>
						</TextLine>
						<TextLine ID="line_38" HPOS="171" VPOS="1273" WIDTH="825" HEIGHT="27">
							<String ID="string_343" HPOS="171" VPOS="1274" WIDTH="76" HEIGHT="21" WC="0.96" CONTENT="vainen"/><SP WIDTH="21" VPOS="1274" HPOS="247"/>
							<String ID="string_344" HPOS="268" VPOS="1274" WIDTH="166" HEIGHT="21" WC="0.96" CONTENT="kannattamaan"/><SP WIDTH="19" VPOS="1274" HPOS="434"/>
							<String ID="string_345" HPOS="453" VPOS="1275" WIDTH="143" HEIGHT="21" WC="0.96" CONTENT="ensimmäistä"/><SP WIDTH="17" VPOS="1275" HPOS="596"/>
							<String ID="string_346" HPOS="613" VPOS="1275" WIDTH="82" HEIGHT="25" WC="0.96" CONTENT="pontta,"/><SP WIDTH="16" VPOS="1275" HPOS="695"/>
							<String ID="string_347" HPOS="711" VPOS="1274" WIDTH="34" HEIGHT="26" WC="0.96" CONTENT="jos"/><SP WIDTH="18" VPOS="1274" HPOS="745"/>
							<String ID="string_348" HPOS="763" VPOS="1274" WIDTH="20" HEIGHT="22" WC="0.96" CONTENT="ei"/><SP WIDTH="17" VPOS="1274" HPOS="783"/>
							<String ID="string_349" HPOS="800" VPOS="1274" WIDTH="83" HEIGHT="21" WC="0.96" CONTENT="silläkin"/><SP WIDTH="21" VPOS="1274" HPOS="883"/>
							<String ID="string_350" HPOS="904" VPOS="1273" WIDTH="47" HEIGHT="22" WC="0.93" CONTENT="olisi"/><SP WIDTH="14" VPOS="1273" HPOS="951"/>
							<String ID="string_351" HPOS="965" VPOS="1274" WIDTH="31" HEIGHT="21" WC="0.93" CONTENT="vi-"/>
						</TextLine>
						<TextLine ID="line_39" HPOS="172" VPOS="1302" WIDTH="823" HEIGHT="28">
							<String ID="string_352" HPOS="172" VPOS="1302" WIDTH="73" HEIGHT="22" WC="0.95" CONTENT="kansa."/><SP WIDTH="30" VPOS="1302" HPOS="245"/>
							<String ID="string_353" HPOS="275" VPOS="1302" WIDTH="58" HEIGHT="22" WC="0.95" CONTENT="Siinä"/><SP WIDTH="18" VPOS="1302" HPOS="333"/>
							<String ID="string_354" HPOS="351" VPOS="1303" WIDTH="106" HEIGHT="21" WC="0.96" CONTENT="nimittäin"/><SP WIDTH="17" VPOS="1303" HPOS="457"/>
							<String ID="string_355" HPOS="474" VPOS="1303" WIDTH="117" HEIGHT="27" WC="0.96" CONTENT="puhutaan,"/><SP WIDTH="15" VPOS="1303" HPOS="591"/>
							<String ID="string_356" HPOS="606" VPOS="1304" WIDTH="45" HEIGHT="20" WC="0.96" CONTENT="että"/><SP WIDTH="15" VPOS="1304" HPOS="651"/>
							<String ID="string_357" HPOS="666" VPOS="1302" WIDTH="87" HEIGHT="22" WC="0.95" CONTENT="hallitus"/><SP WIDTH="13" VPOS="1302" HPOS="753"/>
							<String ID="string_358" HPOS="766" VPOS="1303" WIDTH="126" HEIGHT="26" WC="0.96" CONTENT="viipymättä"/><SP WIDTH="14" VPOS="1303" HPOS="892"/>
							<String ID="string_359" HPOS="906" VPOS="1302" WIDTH="89" HEIGHT="27" WC="0.96" CONTENT="ryhtyisi"/>
						</TextLine>
						<TextLine ID="line_40" HPOS="172" VPOS="1330" WIDTH="823" HEIGHT="29">
							<String ID="string_360" HPOS="172" VPOS="1332" WIDTH="105" HEIGHT="20" WC="0.95" CONTENT="voimassa"/><SP WIDTH="22" VPOS="1332" HPOS="277"/>
							<String ID="string_361" HPOS="299" VPOS="1332" WIDTH="95" HEIGHT="20" WC="0.95" CONTENT="olevassa"/><SP WIDTH="21" VPOS="1332" HPOS="394"/>
							<String ID="string_362" HPOS="415" VPOS="1332" WIDTH="64" HEIGHT="21" WC="0.93" CONTENT="laissa"/><SP WIDTH="20" VPOS="1332" HPOS="479"/>
							<String ID="string_363" HPOS="499" VPOS="1330" WIDTH="167" HEIGHT="29" WC="0.92" CONTENT="myönnettyihin"/><SP WIDTH="22" VPOS="1330" HPOS="666"/>
							<String ID="string_364" HPOS="688" VPOS="1331" WIDTH="174" HEIGHT="27" WC="0.92" CONTENT="toimenpiteihin."/><SP WIDTH="31" VPOS="1331" HPOS="862"/>
							<String ID="string_365" HPOS="893" VPOS="1330" WIDTH="57" HEIGHT="22" WC="0.96" CONTENT="Minä"/><SP WIDTH="18" VPOS="1330" HPOS="950"/>
							<String ID="string_366" HPOS="968" VPOS="1338" WIDTH="27" HEIGHT="14" WC="0.96" CONTENT="en"/>
						</TextLine>
						<TextLine ID="line_41" HPOS="171" VPOS="1359" WIDTH="825" HEIGHT="27">
							<String ID="string_367" HPOS="171" VPOS="1360" WIDTH="65" HEIGHT="25" WC="0.96" CONTENT="tiedä,"/><SP WIDTH="15" VPOS="1360" HPOS="236"/>
							<String ID="string_368" HPOS="251" VPOS="1360" WIDTH="144" HEIGHT="21" WC="0.96" CONTENT="minkälainen"/><SP WIDTH="13" VPOS="1360" HPOS="395"/>
							<String ID="string_369" HPOS="408" VPOS="1360" WIDTH="45" HEIGHT="21" WC="0.96" CONTENT="laki"/><SP WIDTH="14" VPOS="1360" HPOS="453"/>
							<String ID="string_370" HPOS="467" VPOS="1366" WIDTH="27" HEIGHT="15" WC="0.96" CONTENT="on"/><SP WIDTH="15" VPOS="1366" HPOS="494"/>
							<String ID="string_371" HPOS="509" VPOS="1360" WIDTH="110" HEIGHT="26" WC="0.96" CONTENT="voimassa,"/><SP WIDTH="12" VPOS="1360" HPOS="619"/>
							<String ID="string_372" HPOS="631" VPOS="1360" WIDTH="66" HEIGHT="25" WC="0.96" CONTENT="jonka"/><SP WIDTH="10" VPOS="1360" HPOS="697"/>
							<String ID="string_373" HPOS="707" VPOS="1359" WIDTH="92" HEIGHT="22" WC="0.96" CONTENT="mukaan"/><SP WIDTH="10" VPOS="1359" HPOS="799"/>
							<String ID="string_374" HPOS="809" VPOS="1361" WIDTH="38" HEIGHT="24" WC="0.96" CONTENT="nyt"/><SP WIDTH="10" VPOS="1361" HPOS="847"/>
							<String ID="string_375" HPOS="857" VPOS="1360" WIDTH="53" HEIGHT="20" WC="0.93" CONTENT="voisi"/><SP WIDTH="10" VPOS="1360" HPOS="910"/>
							<String ID="string_376" HPOS="920" VPOS="1359" WIDTH="76" HEIGHT="21" WC="0.92" CONTENT="tehok-"/>
						</TextLine>
						<TextLine ID="line_42" HPOS="172" VPOS="1387" WIDTH="824" HEIGHT="28">
							<String ID="string_377" HPOS="172" VPOS="1388" WIDTH="71" HEIGHT="20" WC="0.96" CONTENT="kaasti"/><SP WIDTH="18" VPOS="1388" HPOS="243"/>
							<String ID="string_378" HPOS="261" VPOS="1387" WIDTH="110" HEIGHT="22" WC="0.96" CONTENT="vaikuttaa"/><SP WIDTH="14" VPOS="1387" HPOS="371"/>
							<String ID="string_379" HPOS="385" VPOS="1388" WIDTH="162" HEIGHT="27" WC="0.96" CONTENT="kysymyksessä"/><SP WIDTH="15" VPOS="1388" HPOS="547"/>
							<String ID="string_380" HPOS="562" VPOS="1388" WIDTH="87" HEIGHT="21" WC="0.96" CONTENT="olevaan"/><SP WIDTH="16" VPOS="1388" HPOS="649"/>
							<String ID="string_381" HPOS="665" VPOS="1390" WIDTH="112" HEIGHT="19" WC="0.96" CONTENT="suuntaan."/><SP WIDTH="28" VPOS="1390" HPOS="777"/>
							<String ID="string_382" HPOS="805" VPOS="1387" WIDTH="54" HEIGHT="21" WC="0.96" CONTENT="Mitä"/><SP WIDTH="15" VPOS="1387" HPOS="859"/>
							<String ID="string_383" HPOS="874" VPOS="1388" WIDTH="56" HEIGHT="20" WC="0.93" CONTENT="tulee"/><SP WIDTH="15" VPOS="1388" HPOS="930"/>
							<String ID="string_384" HPOS="945" VPOS="1393" WIDTH="51" HEIGHT="21" WC="0.91" CONTENT="pon-"/>
						</TextLine>
						<TextLine ID="line_43" HPOS="172" VPOS="1415" WIDTH="825" HEIGHT="28">
							<String ID="string_385" HPOS="172" VPOS="1422" WIDTH="41" HEIGHT="15" WC="0.96" CONTENT="nen"/><SP WIDTH="16" VPOS="1422" HPOS="213"/>
							<String ID="string_386" HPOS="229" VPOS="1416" WIDTH="80" HEIGHT="22" WC="0.96" CONTENT="toiseen"/><SP WIDTH="14" VPOS="1416" HPOS="309"/>
							<String ID="string_387" HPOS="323" VPOS="1416" WIDTH="160" HEIGHT="26" WC="0.96" CONTENT="kappaleeseen,"/><SP WIDTH="16" VPOS="1416" HPOS="483"/>
							<String ID="string_388" HPOS="499" VPOS="1422" WIDTH="27" HEIGHT="16" WC="0.96" CONTENT="on"/><SP WIDTH="16" VPOS="1422" HPOS="526"/>
							<String ID="string_389" HPOS="542" VPOS="1422" WIDTH="22" HEIGHT="16" WC="0.96" CONTENT="se"/><SP WIDTH="15" VPOS="1422" HPOS="564"/>
							<String ID="string_390" HPOS="579" VPOS="1416" WIDTH="94" HEIGHT="22" WC="0.96" CONTENT="minusta"/><SP WIDTH="12" VPOS="1416" HPOS="673"/>
							<String ID="string_391" HPOS="685" VPOS="1416" WIDTH="70" HEIGHT="22" WC="0.96" CONTENT="varsin"/><SP WIDTH="12" VPOS="1416" HPOS="755"/>
							<String ID="string_392" HPOS="767" VPOS="1415" WIDTH="171" HEIGHT="28" WC="0.96" CONTENT="epämiellyttävä"/><SP WIDTH="10" VPOS="1415" HPOS="938"/>
							<String ID="string_393" HPOS="948" VPOS="1416" WIDTH="49" HEIGHT="21" WC="0.97" CONTENT="eikä"/>
						</TextLine>
						<TextLine ID="line_44" HPOS="173" VPOS="1444" WIDTH="823" HEIGHT="28">
							<String ID="string_394" HPOS="173" VPOS="1445" WIDTH="124" HEIGHT="21" WC="0.96" CONTENT="oikeastaan"/><SP WIDTH="22" VPOS="1445" HPOS="297"/>
							<String ID="string_395" HPOS="319" VPOS="1445" WIDTH="32" HEIGHT="21" WC="0.93" CONTENT="ole"/><SP WIDTH="19" VPOS="1445" HPOS="351"/>
							<String ID="string_396" HPOS="370" VPOS="1444" WIDTH="147" HEIGHT="23" WC="0.92" CONTENT="soveliaskaan"/><SP WIDTH="17" VPOS="1444" HPOS="517"/>
							<String ID="string_397" HPOS="534" VPOS="1444" WIDTH="158" HEIGHT="22" WC="0.93" CONTENT="Keisarilliselle"/><SP WIDTH="18" VPOS="1444" HPOS="692"/>
							<String ID="string_398" HPOS="710" VPOS="1444" WIDTH="146" HEIGHT="28" WC="0.92" CONTENT="Majesteetille"/><SP WIDTH="18" VPOS="1444" HPOS="856"/>
							<String ID="string_399" HPOS="874" VPOS="1445" WIDTH="122" HEIGHT="22" WC="0.96" CONTENT="tämmöistä"/>
						</TextLine>
						<TextLine ID="line_45" HPOS="172" VPOS="1473" WIDTH="824" HEIGHT="27">
							<String ID="string_400" HPOS="172" VPOS="1474" WIDTH="167" HEIGHT="22" WC="0.96" CONTENT="vaihtoehtoista"/><SP WIDTH="15" VPOS="1474" HPOS="339"/>
							<String ID="string_401" HPOS="354" VPOS="1473" WIDTH="112" HEIGHT="23" WC="0.96" CONTENT="ehdotusta"/><SP WIDTH="15" VPOS="1473" HPOS="466"/>
							<String ID="string_402" HPOS="481" VPOS="1474" WIDTH="71" HEIGHT="22" WC="0.95" CONTENT="tehdä."/><SP WIDTH="27" VPOS="1474" HPOS="552"/>
							<String ID="string_403" HPOS="579" VPOS="1473" WIDTH="58" HEIGHT="23" WC="0.92" CONTENT="Siinä"/><SP WIDTH="14" VPOS="1473" HPOS="637"/>
							<String ID="string_404" HPOS="651" VPOS="1476" WIDTH="102" HEIGHT="20" WC="0.96" CONTENT="sanotaan"/><SP WIDTH="16" VPOS="1476" HPOS="753"/>
							<String ID="string_405" HPOS="769" VPOS="1474" WIDTH="77" HEIGHT="26" WC="0.96" CONTENT="alussa,"/><SP WIDTH="16" VPOS="1474" HPOS="846"/>
							<String ID="string_406" HPOS="862" VPOS="1476" WIDTH="45" HEIGHT="20" WC="0.93" CONTENT="että"/><SP WIDTH="14" VPOS="1476" HPOS="907"/>
							<String ID="string_407" HPOS="921" VPOS="1473" WIDTH="75" HEIGHT="23" WC="0.92" CONTENT="Keisa-"/>
						</TextLine>
						<TextLine ID="line_46" HPOS="172" VPOS="1502" WIDTH="824" HEIGHT="28">
							<String ID="string_408" HPOS="172" VPOS="1502" WIDTH="85" HEIGHT="22" WC="0.92" CONTENT="rillinen"/><SP WIDTH="15" VPOS="1502" HPOS="257"/>
							<String ID="string_409" HPOS="272" VPOS="1502" WIDTH="136" HEIGHT="28" WC="0.96" CONTENT="Majesteetti,"/><SP WIDTH="12" VPOS="1502" HPOS="408"/>
							<String ID="string_410" HPOS="420" VPOS="1502" WIDTH="60" HEIGHT="28" WC="0.96" CONTENT="jollei"/><SP WIDTH="15" VPOS="1502" HPOS="480"/>
							<String ID="string_411" HPOS="495" VPOS="1509" WIDTH="52" HEIGHT="16" WC="0.96" CONTENT="arm."/><SP WIDTH="16" VPOS="1509" HPOS="547"/>
							<String ID="string_412" HPOS="563" VPOS="1503" WIDTH="88" HEIGHT="27" WC="0.96" CONTENT="esitystä"/><SP WIDTH="14" VPOS="1503" HPOS="651"/>
							<String ID="string_413" HPOS="665" VPOS="1504" WIDTH="72" HEIGHT="25" WC="0.96" CONTENT="saada,"/><SP WIDTH="14" VPOS="1504" HPOS="737"/>
							<String ID="string_414" HPOS="751" VPOS="1502" WIDTH="52" HEIGHT="27" WC="0.96" CONTENT="joka"/><SP WIDTH="15" VPOS="1502" HPOS="803"/>
							<String ID="string_415" HPOS="818" VPOS="1502" WIDTH="86" HEIGHT="22" WC="0.93" CONTENT="sisältää"/><SP WIDTH="10" VPOS="1502" HPOS="904"/>
							<String ID="string_416" HPOS="914" VPOS="1503" WIDTH="82" HEIGHT="26" WC="0.92" CONTENT="täydel-"/>
						</TextLine>
						<TextLine ID="line_47" HPOS="172" VPOS="1531" WIDTH="823" HEIGHT="28">
							<String ID="string_417" HPOS="172" VPOS="1531" WIDTH="53" HEIGHT="22" WC="0.96" CONTENT="lisen"/><SP WIDTH="15" VPOS="1531" HPOS="225"/>
							<String ID="string_418" HPOS="240" VPOS="1531" WIDTH="175" HEIGHT="22" WC="0.93" CONTENT="lakiehdotuksen"/><SP WIDTH="14" VPOS="1531" HPOS="415"/>
							<String ID="string_419" HPOS="429" VPOS="1532" WIDTH="16" HEIGHT="27" WC="0.92" CONTENT="j."/><SP WIDTH="14" VPOS="1532" HPOS="445"/>
							<String ID="string_420" HPOS="459" VPOS="1538" WIDTH="22" HEIGHT="15" WC="0.92" CONTENT="n."/><SP WIDTH="15" VPOS="1538" HPOS="481"/>
							<String ID="string_421" HPOS="496" VPOS="1538" WIDTH="18" HEIGHT="15" WC="0.96" CONTENT="e."/><SP WIDTH="23" VPOS="1538" HPOS="514"/>
							<String ID="string_422" HPOS="537" VPOS="1531" WIDTH="93" HEIGHT="22" WC="0.96" CONTENT="Minusta"/><SP WIDTH="15" VPOS="1531" HPOS="630"/>
							<String ID="string_423" HPOS="645" VPOS="1531" WIDTH="47" HEIGHT="22" WC="0.96" CONTENT="olisi"/><SP WIDTH="14" VPOS="1531" HPOS="692"/>
							<String ID="string_424" HPOS="706" VPOS="1531" WIDTH="115" HEIGHT="23" WC="0.93" CONTENT="ikäänkuin"/><SP WIDTH="6" VPOS="1531" HPOS="821"/>
							<String ID="string_425" HPOS="827" VPOS="1531" WIDTH="168" HEIGHT="28" WC="0.92" CONTENT="jonkunmoinen"/>
						</TextLine>
					</TextBlock>
				</ComposedBlock>
			</PrintSpace>
		</Page>
	</Layout>
</alto>
