1081 1820
333 137 98 19 Torstaina
443 139 11 18 8
466 140 43 21 p:nä
520 137 117 20 huhtikuuta.
823 139 41 22 649

70 209 38 27 ligt
123 210 107 21 hänsende
244 211 40 20 och
299 209 87 23 alldeles
401 210 46 21 icke
462 210 146 27 likställighet.
631 210 37 22 Uti
683 211 158 22 reservationen
852 211 40 21 har

70 238 106 26 nämligen
198 238 139 22 bortlemnats
360 239 159 26 bestämningen
541 241 34 18 att
596 239 73 26 hvarje
687 239 88 26 tjänste-
793 239 40 22 och
848 245 43 15 em-

70 266 97 21 betsman
183 266 54 21 skall
252 266 72 21 kunna
339 267 67 26 begge
421 267 92 26 språken
528 267 40 20 och
582 267 7 20 i
605 267 152 27 motiveringen
769 267 44 22 låta
823 273 69 16 reser-

70 296 102 20 vanterna
194 294 72 26 förstå,
290 297 32 19 att
344 295 62 22 deras
428 294 114 28 lagförslag
560 295 68 21 skulle
646 295 154 22 tillfredsställa
816 296 76 21 endast

71 323 40 20 den
126 323 122 21 nuvarande
262 324 157 26 generationen.
445 323 88 22 Således
547 323 69 22 skulle
632 323 41 22 den
688 323 127 22 kommande
828 330 64 20 gene-

70 352 96 21 rationen
188 353 50 26 taga
260 353 68 25 steget
350 354 24 19 ut
394 352 40 21 och
453 353 73 20 utrota
540 351 49 22 hela
605 351 36 22 det
656 353 90 21 svenska
761 352 86 27 språket
865 365 23 2 —

70 379 81 22 kanske
173 380 101 27 derjemte
297 381 40 20 den
359 380 90 22 svenska
472 380 157 27 befolkningen.
648 393 25 3 —
690 381 64 26 ,Yksi
772 381 57 26 kieli,
844 381 49 27 yksi

70 409 68 21 mieli*
160 411 24 19 är
206 409 71 22 målet.
307 409 46 22 Och
376 409 27 22 dä
424 415 49 16 man
492 411 41 24 vet,
553 411 32 19 att
604 409 25 21 de
645 409 154 22 finskatalande
815 411 77 26 utgöra

70 437 134 27 majoriteten
227 438 39 20 och
289 440 31 18 att
339 437 26 22 de
385 438 89 21 svenska
489 438 118 21 socknarna
621 438 66 21 redan
702 440 37 20 äro
754 438 70 21 starkt
839 445 54 19 upp-

70 465 106 22 blandade
191 466 49 21 med
255 472 26 15 en
296 466 56 22 finsk
367 466 128 27 befolkning,
509 466 68 21 skulle
587 468 173 20 reservanternas
770 466 122 27 lagförslag,

70 499 46 16 som
137 494 8 22 i
168 496 31 19 ett
222 494 45 27 slag
289 494 73 27 gjorde
381 494 82 22 finskan
481 494 33 22 till
529 495 37 21 det
581 494 90 22 officiela
685 495 94 26 spräket,
795 500 51 16 vara
862 497 30 19 ett

70 522 95 22 utmärkt
186 522 69 22 medel
277 523 33 21 för
329 523 126 27 uppnäende
473 523 23 21 af
512 524 90 25 yttersta
617 523 70 26 målet,
703 524 28 20 dä
745 524 96 21 deremot
856 530 36 14 en-

70 551 39 27 ligt
130 551 146 22 betänkandet
296 552 26 20 de
340 551 187 22 svenskatalandes
542 553 43 20 rätt
599 552 7 21 i
621 552 104 26 språkligt
739 552 99 21 afseende
854 552 46 21 allt.

71 579 106 27 framgent
198 580 68 22 skulle
289 580 118 22 bibehällas
425 580 39 21 och
483 580 146 26 spräkstriden
644 580 130 27 fullkomligt
788 580 103 27 upphöra.

70 608 166 22 Reservationen
258 610 39 25 gör
319 615 81 15 samma
418 609 84 27 intryck
520 615 44 15 som
580 614 34 16 om
630 610 15 20 t.
661 616 31 14 ex.
708 609 48 22 utaf
769 609 36 21 tvä
820 615 72 21 perso-

72 642 43 21 ner,
138 644 45 15 som
202 638 51 20 sitta
271 638 35 21 vid
322 638 81 21 dukadt
417 638 61 26 bord,
494 637 39 22 den
550 644 40 15 ena
604 637 68 22 skulle
687 640 60 24 säga:
762 638 21 21 vi
799 640 37 18 äro
852 638 40 20 vis-

71 666 91 27 serligen
179 666 115 27 likställda,
313 672 48 16 men
377 666 27 22 dä
415 666 36 26 jag
467 668 23 20 är
505 668 68 20 större
587 668 26 19 än
629 666 34 26 du,
679 667 54 21 skall
745 666 36 27 jag
797 668 35 20 äta
848 672 44 15 mer

70 696 27 20 än
117 694 37 27 jag
175 694 102 22 behöfver
300 695 39 21 och
362 695 27 21 du
411 694 22 22 få
451 694 54 22 blott
525 701 25 15 en
565 695 74 26 smula,
656 695 39 21 och
711 696 35 20 det
761 694 88 23 oaktadt
864 695 28 21 du

71 722 93 28 bidragit
185 724 33 20 till
240 723 69 22 denna
331 724 74 21 mältid
424 724 65 21 minst
506 723 44 21 lika
568 723 85 27 mycket
667 730 45 15 som
725 724 43 26 jag.
798 724 38 21 Att
851 723 40 21 den

71 752 90 22 svenska
180 752 149 28 befolkningen
349 752 46 22 icke
410 752 36 22 vill
462 752 39 21 och
516 752 46 21 icke
577 758 62 15 anser
654 752 37 21 det
706 754 78 25 nyttigt
799 752 33 21 för
847 752 45 21 lan-

72 781 36 21 det
125 783 32 19 att
176 780 7 22 i
198 780 105 28 spräkligt
317 781 99 21 afseende
432 781 53 27 begä
500 782 31 20 ett
546 780 115 28 sjelfmord,
677 780 103 22 behöfver
793 781 37 27 jag
844 780 48 22 icke

71 809 127 27 framlägga;
214 809 36 21 det
264 809 93 27 framgär
373 810 77 27 tydligt
465 809 22 21 af
502 810 153 26 motiveringen
670 810 32 21 till
718 809 150 21 betänkandet.

141 837 48 22 Men
213 838 39 21 den
275 838 60 27 fräga
356 839 43 21 kan
417 838 127 27 uppställas:
563 838 80 21 förlora
658 838 20 21 vi
693 838 19 26 ej
728 838 106 21 mähända
848 837 44 27 allt,

72 872 34 15 om
128 866 20 22 vi
169 872 28 15 nu
219 866 47 21 icke
287 867 27 26 gå
336 866 107 22 finnarnas
467 866 80 22 önskan
565 866 32 22 till
615 868 73 20 mötes.
718 866 79 28 Många
811 866 89 21 förord--

71 895 76 26 ningar
172 894 110 27 angående
305 895 225 27 spräkförhällandena
554 894 62 22 hafva
638 895 65 21 redan
726 897 117 18 emanerat:
866 900 27 15 en

72 923 47 21 med
142 923 76 23 liberal
236 923 89 22 tendens
343 924 40 21 har
397 925 60 20 snart
472 925 78 20 ersatts
565 923 23 22 af
601 929 26 15 en
643 929 75 21 annan,
734 929 45 16 som
793 923 99 27 antingen

72 951 44 22 helt
131 952 39 21 och
185 952 65 21 hållet
264 952 53 21 eller
331 952 127 22 åtminstone
468 952 65 21 delvis
544 951 89 28 upphäft
644 952 127 25 densamma,
783 951 39 22 och
833 951 60 22 detta

71 981 8 20 i
101 981 126 21 åtminstone
250 981 35 21 två
307 981 37 21 fall
362 982 7 20 i
388 981 93 27 enlighet
495 981 48 21 med
559 983 30 18 ett
604 981 53 20 eller
671 981 36 20 två
721 980 74 22 stånds
811 980 81 21 önskan

72 1009 39 20 och
126 1009 48 21 med
192 1009 72 21 förord
283 1010 76 21 endast
373 1009 24 22 af
410 1015 25 15 en
450 1009 109 22 minoritet
574 1009 7 20 i
597 1008 97 22 Senaten.
724 1009 65 21 Detta
804 1008 42 21 kan
861 1007 30 22 äf-

71 1043 40 16 ven
130 1038 7 21 i
152 1037 113 22 framtiden
283 1044 105 21 upprepas
404 1037 39 22 och
457 1037 166 22 bondeståndets
639 1037 96 22 enskilda
750 1037 89 26 petition
854 1037 38 26 lig-

72 1072 37 21 ger
130 1067 7 20 i
160 1066 76 21 sådant
254 1066 55 27 syfte
327 1066 27 27 på
369 1067 39 20 lur.
439 1067 42 20 Det
495 1066 42 21 kan
553 1065 64 22 också
631 1065 76 27 hända,
723 1067 33 20 att
771 1066 7 21 i
793 1066 99 25 borgare-

72 1094 84 22 ståndet
179 1095 25 20 de
227 1094 156 22 finskatalande
406 1095 63 21 vinna
491 1094 105 27 majoritet
619 1094 39 21 och
681 1095 27 20 då
729 1095 72 20 kunna
824 1094 25 21 de
868 1094 25 25 ju

72 1123 67 21 ordna
156 1123 227 26 spräkförhällandena
398 1123 55 21 efter
467 1125 48 24 eget
530 1123 74 26 behag.
634 1122 42 21 För
691 1123 43 20 min
750 1123 34 20 del
799 1124 45 19 tror
856 1121 43 26 jag

73 1151 54 21 dock
148 1151 54 26 icke,
225 1153 33 19 att
280 1151 37 22 det
337 1152 48 21 med
405 1151 89 22 svenska
509 1151 96 26 språkets
620 1150 87 21 framtid
723 1151 39 21 här
777 1151 6 20 i
799 1150 42 21 alla
855 1150 38 21 fall

72 1181 24 20 är
118 1180 24 21 så
163 1179 79 28 farligt.
272 1179 50 22 Med
344 1180 65 26 tvång
430 1179 39 22 har
491 1181 56 20 ännu
569 1179 47 21 icke
638 1179 63 27 något
721 1179 71 27 språk,
809 1179 23 26 ja
847 1179 51 20 icke

73 1214 37 15 ens
128 1214 26 15 en
173 1209 80 20 dialekt
271 1208 69 21 blifvit
355 1209 91 21 utrotad.
476 1208 43 21 Det
533 1208 67 21 finnes
615 1207 51 26 folk,
682 1214 45 15 som
742 1207 33 22 till
791 1207 39 21 och
846 1207 48 20 med

72 1237 46 21 icke
134 1243 58 15 mera
207 1236 63 22 hafva
285 1239 31 19 ett
331 1237 123 25 fosterland,
469 1243 47 14 men
533 1236 64 22 likväl
613 1237 88 20 bevarat
716 1236 54 21 både
781 1236 38 21 sitt
828 1235 65 26 språk

74 1265 40 21 och
136 1265 32 22 sin
190 1265 143 27 nationalitet,
356 1265 39 22 och
418 1265 35 22 det
473 1265 66 27 gifves
559 1265 71 26 språk,
645 1271 46 15 som
705 1265 56 21 läras
777 1264 39 21 och
832 1264 62 26 talas,

73 1294 67 21 ehuru
162 1295 26 20 de
210 1295 105 25 nationer,
338 1300 45 15 som
401 1294 164 26 ursprungligen
581 1293 102 27 uppburit
697 1294 114 25 desamma,
828 1293 65 20 redan

73 1322 47 27 gått
135 1323 73 26 under,
224 1323 70 21 såsom
308 1325 16 18 t.
340 1329 32 14 ex.
387 1323 75 20 latinet
476 1322 40 21 och
531 1321 120 28 grekiskan.
681 1322 42 21 Det
738 1321 39 22 har
791 1321 57 22 visat
862 1321 32 26 sig

74 1352 32 20 att
128 1351 50 26 folk,
202 1357 45 15 som
269 1351 48 21 med
340 1351 99 21 afseende
460 1351 13 20 å
491 1351 86 25 språket
592 1350 67 21 under
674 1350 150 21 århundraden
839 1349 55 21 varit

72 1379 150 25 förfördelade,
237 1380 46 20 åter
297 1380 80 26 uttagit
392 1379 31 21 sin
439 1380 43 20 rätt
497 1378 132 22 beträffande
645 1378 66 26 detta,
728 1378 27 21 då
769 1384 26 15 en
805 1384 89 20 gynsam

75 1407 48 21 vind
140 1408 88 21 inträdt.
257 1408 43 20 Det
314 1406 93 27 framgår
421 1408 23 26 ju
459 1407 61 21 äfven
536 1407 23 21 af
573 1407 36 21 det
623 1406 70 22 finska
707 1406 77 22 folkets
799 1406 94 21 historia.

74 1436 47 21 Den
142 1436 90 22 svenska
253 1435 153 27 befolkningen
428 1436 39 21 har
488 1436 7 20 i
514 1436 91 26 kampen
623 1434 34 22 för
676 1434 130 22 bevarandet
820 1434 24 20 af
856 1434 38 20 sitt

74 1464 64 26 språk
153 1466 31 19 ett
198 1465 53 25 godt
266 1464 48 21 stöd
327 1464 44 26 just
386 1464 51 26 deri,
453 1465 32 19 att
500 1464 116 20 detsamma
631 1464 24 20 är
670 1463 123 21 utveckladt
808 1462 40 21 och
862 1463 32 19 att

74 1492 41 21 den
138 1498 50 22 eger
210 1499 26 15 en
259 1492 42 26 hög
323 1492 79 26 kultur,
424 1492 111 21 hvaremot
555 1492 36 20 det
608 1490 69 22 finska
697 1491 86 27 språket
799 1490 39 21 och
854 1490 42 21 den

73 1520 71 22 finska
165 1520 99 23 kulturen
287 1522 6 20 i
317 1520 62 23 dessa
400 1520 134 22 hänseenden
556 1522 57 20 ännu
632 1520 67 26 knapt
716 1519 58 23 trädt
792 1524 26 16 ur
832 1519 65 21 barn-
