970 1700
214 136 41 22 698
495 143 37 17 Den
546 143 10 15 5
569 142 49 22 april.

187 209 42 14 ena
244 202 115 27 delegaren
375 208 50 13 vore
441 202 6 19 i
463 202 86 20 tillfälle
565 203 31 18 att
616 202 66 26 draga
699 208 58 13 mera
776 201 68 20 fördel
863 202 23 19 af
901 208 26 13 en

184 236 42 21 lott
241 238 27 19 än
284 243 25 13 en
326 243 69 13 annan
413 235 107 28 delegare,
536 236 50 19 utan
603 235 85 28 afsåges
704 235 45 20 deri
766 235 25 20 de
808 235 69 20 skilda
887 235 40 20 lot-

185 273 74 18 ternes
275 270 55 27 läge.
359 269 34 21 En
409 269 129 28 felaktighet
553 269 110 21 innehölle
683 271 117 19 momentet
816 269 55 21 dock
885 270 42 27 ity,

185 307 32 19 att
233 305 38 20 der
279 304 81 21 talades
374 305 75 20 endast
463 311 34 13 om
505 305 83 26 nyttan,
598 304 68 20 ehuru
677 304 36 21 det
726 304 124 27 egentligen
865 304 62 20 rörde

186 340 41 20 den
243 339 76 26 skada,
336 345 44 14 som
390 338 155 28 tillskyndades
553 345 79 21 egaren
645 338 23 21 af
677 340 31 19 ett
721 338 64 20 skifte
796 338 131 28 derigenom,

186 376 31 19 att
233 381 26 13 en
275 373 154 28 tillgränsande
446 373 118 20 skifteslott
579 373 66 27 egdes
661 373 23 20 af
698 380 24 13 en
740 380 78 13 annan.
845 373 32 28 Ty
893 380 34 13 om

185 409 72 27 någon
272 410 14 18 t.
303 415 33 13 ex.
352 414 77 21 genom
446 415 25 13 en
488 407 124 27 skifteslott,
628 407 88 20 hvilken
731 407 101 21 tillhörde
848 415 27 13 en
891 415 36 13 an-

186 451 49 18 nan,
251 442 139 27 utestängdes
406 442 47 21 frän
467 443 54 26 sjön,
536 442 23 20 sä
567 441 71 21 kunde
651 441 65 28 sagde
730 441 134 21 förhällande
877 449 51 19 vara

185 478 33 20 till
234 479 68 19 större
318 477 67 20 skada
400 477 33 20 för
449 477 48 26 den,
513 483 45 14 som
570 476 140 27 utestängdes
721 476 48 20 frän
785 477 54 26 sjön,
851 478 27 19 än
895 477 33 20 för

186 512 42 21 den
243 519 45 13 som
305 511 53 28 egde
374 511 96 20 marken.
503 511 44 20 För
562 512 31 19 att
608 511 98 27 afhjelpa
721 511 91 20 berörde
828 511 100 28 felaktig-

184 547 38 21 het
237 546 96 27 föreslog
346 546 93 27 talaren,
459 547 32 19 att
511 545 54 21 efter
585 545 66 20 orden
674 552 37 19 ,en
728 547 84 19 annan*
834 546 66 20 mätte
921 547 6 19 i

184 583 120 19 momentet
320 581 99 27 tilläggas
436 580 65 21 orden
519 580 53 26 ,och
584 580 67 20 vällar
665 580 70 20 denne
747 581 180 27 olägenhet*,
894 576 36 36 ge-

185 624 50 13 nom
250 616 83 20 hvilket
348 615 76 28 tillägg
439 615 74 28 hvarje
529 615 150 20 missförständ
695 615 68 27 enligt
778 615 94 21 talarens
884 622 43 14 me-

184 651 54 27 ning
253 649 150 28 förebyggdes.

252 684 220 28 Landtdagsmannen
494 684 117 27 Hagman
626 684 95 27 yttrade,
737 686 32 19 att
788 684 28 21 dä
831 686 30 19 ett
880 685 45 27 lag-

184 719 119 28 stadgande
319 719 6 19 i
342 718 36 21 det
393 718 55 27 syfte
467 720 118 19 momentet
600 718 109 21 innehölle
729 719 69 20 skulle
814 719 112 21 föranleda

184 754 77 21 tvister
276 753 39 20 och
331 753 160 27 förvecklingar
507 753 160 20 vederbörande
679 753 101 28 delegare
791 753 99 26 emellan,
903 754 23 20 sä

183 788 68 21 borde
266 787 163 28 ifrågavarande
445 790 95 18 moment
560 787 89 20 alldeles
668 788 57 27 utgå.
759 788 10 20 I
789 788 66 27 öfrigt
874 788 52 21 fann

184 823 83 20 talaren
283 822 37 20 det
335 829 51 13 vara
401 822 112 27 olämpligt
529 823 31 20 att
582 823 30 19 ett
633 822 117 27 stadgande
771 822 23 21 af
812 823 60 27 dylik
892 825 33 18 art

184 857 88 28 gjordes
287 857 29 27 på
331 863 81 13 samma
426 856 103 28 landtdag
548 863 44 14 som
609 857 115 20 ständerne
740 857 94 20 beslutat
849 857 33 21 till
898 857 27 21 fri

181 891 173 28 jordstyckning.

252 925 220 27 Landtdagsmannen
500 925 160 28 Mynttinen
688 926 102 20 förenade
818 927 32 26 sig
877 927 49 20 med

184 959 73 21 Klami
273 959 39 20 och
328 959 112 20 Pelkonen
455 959 84 27 derom,
555 961 31 18 att
600 959 76 28 utbyto
692 960 23 20 af
729 960 170 21 skifteslotterne
921 961 6 20 i

184 993 130 27 tillandning
331 993 65 20 borde
412 993 21 21 få
448 993 96 28 försiggä
559 993 76 21 endast
649 994 7 20 i
672 994 70 27 grund
757 995 23 20 af
794 995 89 28 frivillig
897 995 30 20 öf-

184 1027 199 22 verenskommelse
399 1028 92 20 emellan
507 1029 107 26 parterne.

252 1061 220 27 Landtdagsmannen
490 1062 91 21 Klami
598 1062 100 21 förmälte
714 1062 33 28 sig
762 1070 43 20 nog
820 1063 65 27 finna,
896 1066 31 18 att

185 1097 70 20 säsom
271 1096 91 20 Tiainen
379 1096 38 20 och
434 1086 90 42 Östring
539 1096 124 27 framhällit,
676 1097 148 27 hvarjehanda
839 1098 88 28 olägen-

184 1131 63 20 heter
262 1130 150 21 förorsakades
428 1137 78 21 genom
521 1131 182 20 skifteslotternes
719 1132 55 27 läge.
797 1132 50 21 Man
861 1132 66 21 borde

186 1165 55 21 dock
256 1165 47 20 icke
319 1165 53 20 söka
387 1165 96 28 afhjelpa
499 1165 64 28 sagde
577 1166 140 27 olägenheter
728 1173 78 20 genom
822 1167 71 28 tvång,
902 1167 26 21 dä

184 1199 123 21 ändamälet
322 1199 78 21 likaväl
416 1207 82 13 vunnes
519 1199 135 28 derigenom,
673 1202 31 19 att
721 1201 103 20 lotternes
845 1202 82 27 utbryt-

184 1234 53 26 ning
252 1233 110 20 lemnades
378 1236 31 17 att
425 1235 49 19 bero
491 1235 22 19 af
526 1235 28 19 fri
574 1234 226 21 öfverenskommelse.
834 1236 93 20 Talaren

185 1266 147 21 äterheratade
356 1266 85 21 derföre
467 1267 36 20 sitt
525 1267 81 27 förslag
628 1274 34 13 om
685 1271 129 18 momentets
838 1270 89 20 utelem-

185 1301 77 26 nande,
278 1300 56 21 helst
348 1300 43 27 det,
408 1301 68 28 enligt
490 1301 56 21 hvad
561 1301 82 21 talaren
652 1301 65 21 redan
729 1303 106 26 anmärkt,
850 1310 77 14 annars

184 1335 48 21 icke
249 1335 71 21 kunde
336 1335 122 22 förhindras
473 1337 32 19 att
525 1343 25 14 en
573 1337 69 20 större
665 1337 106 27 lottegare
794 1338 28 27 pä
843 1338 83 28 hvarje-

187 1370 69 21 handa
271 1370 99 28 svepskäl
389 1371 108 20 ätkomme
517 1378 27 13 en
564 1371 83 20 mindre
668 1371 112 28 delegares
802 1373 46 20 lott.
887 1373 40 22 Om

185 1405 151 28 sjöfällningar
351 1405 78 21 funnes
444 1405 102 22 särskildt
561 1405 109 29 stadgadt,
691 1407 99 21 hvarföro
811 1407 116 22 Puhakkas

185 1439 161 30 andragande
335 1431 15 43 i
366 1440 127 24 dithörande
509 1442 78 21 ämnen
602 1441 48 22 icke
671 1441 33 22 för
724 1435 71 29 denna
814 1443 56 29 gång
891 1443 36 22 be-
