998 1706
206 120 27 21 24
494 126 38 17 Den
546 127 20 17 13
578 126 36 22 jan.

245 184 222 28 Landtdagsmannen
494 184 110 22 Simolin
632 186 68 26 ansåg
727 186 200 21 nämndemännens

178 219 59 21 antal
252 219 54 21 böra
321 226 52 14 vara
387 219 67 21 minst
469 219 35 27 sju
524 219 39 21 och
584 218 64 29 högst
667 220 42 20 tolf
725 219 7 20 i
748 219 120 28 tingslaget
887 220 40 21 och

178 254 32 19 att
224 253 38 21 det
276 254 100 20 närmare
395 252 173 22 bestämmandet
588 252 63 22 deraf
669 253 73 21 kunde
762 253 33 21 till
810 254 117 28 tingslags-

177 287 81 22 boerne
274 287 153 22 öfverlemnas.

246 322 221 28 Landtdagsmannen
482 322 136 28 Paajanen
637 322 80 28 gillade
737 322 57 22 hvad
813 322 57 22 Keto
887 324 40 20 och

178 356 101 28 Hagman
295 356 7 21 i
318 356 68 22 saken
401 357 73 21 anfört
497 356 111 22 äfvensom
631 356 136 28 Mynttinens
783 357 96 27 yrkande
895 359 32 19 att

177 390 67 29 ingen
259 391 68 21 borde
341 391 85 28 tvingas
442 393 31 19 att
488 391 36 22 vid
544 390 298 30 nämndemannabefattning
866 399 62 21 qvar-

178 426 34 20 stå
227 425 86 22 utöfver
335 427 32 19 ett
386 426 35 21 års
436 426 37 21 tid.
511 426 42 21 Val
575 425 67 22 borde
658 426 35 20 väl
716 420 68 34 enligt
806 426 61 28 regel
890 426 38 21 ske

178 460 63 21 hvart
256 460 71 28 tredje
343 461 34 26 år,
392 468 50 14 men
461 467 35 15 om
517 461 67 27 ingen
606 460 95 28 begärde
724 460 87 28 sådant,
834 460 94 22 behöfde

178 495 36 21 det
228 495 50 22 icke
292 495 111 22 anställas.

220 542 7 14 s
245 530 222 28 Eandtdagsmannen
482 530 120 28 Hagman
620 529 100 22 erinrade
736 532 32 18 att
783 529 91 23 emedan
890 530 39 21 all-

178 565 80 21 männa
273 564 93 22 ärender
381 565 36 21 vid
435 565 70 27 tinget
524 564 135 22 förekommo
682 564 34 21 till
737 564 166 29 handläggning
917 565 13 21 &

179 599 67 21 första
268 600 211 28 rättegängsdagen,
503 599 38 21 der
564 599 28 21 d&
614 598 40 22 ock
670 599 108 21 samlades
800 599 129 29 tingslagets

179 633 123 29 dugligaste
319 634 104 28 allmoge,
442 634 26 21 de
485 640 45 14 som
546 634 79 21 kallats
641 635 31 19 att
687 634 64 21 höras
768 634 38 21 och
823 636 58 26 yttra
896 634 34 28 sig

178 668 8 21 i
202 668 80 21 sädana
297 669 99 21 ärender.
428 669 67 21 Detta
511 675 50 15 vore
580 668 95 22 talarens
696 668 124 22 erfarenhet
840 669 47 21 frän
904 668 26 21 de

181 704 67 25 orter,
264 703 38 21 der
317 703 44 21 han
376 703 84 21 vistats.
489 703 89 21 Funnes
599 703 36 21 det
655 703 127 27 verkeligen
803 705 68 25 orter,
892 703 38 21 der

180 737 110 21 allmänna
306 737 185 28 angelägenheter
510 737 140 21 betraktades
665 738 50 20 med
738 737 66 27 sådan
824 737 106 28 likgiltig-

179 771 38 21 het
230 772 32 20 att
277 771 27 21 de
320 771 70 21 bättre
407 772 66 20 bland
488 772 70 20 folket
580 771 49 21 icke
652 772 93 20 värdade
766 772 33 27 sig
819 779 35 14 om
870 772 60 26 dem,

179 805 73 21 kunde
266 806 84 21 talaren
367 806 20 28 ej
404 806 72 28 undgä
491 808 32 18 att
538 806 93 27 beklaga
642 813 26 14 en
680 806 66 21 sädan
758 808 42 25 ort,
816 813 50 14 men
877 807 53 28 hop-

179 840 66 28 pades
261 842 32 19 att
308 840 148 22 förhällandet
471 840 64 21 äfven
546 840 38 21 der
600 840 71 21 skulle
681 840 68 21 blifva
759 840 77 21 bättre.
867 840 64 22 Hvad

178 874 95 28 anginge
294 874 40 22 den
355 874 149 21 framkastade
526 874 186 28 anmärkningen,
728 876 32 19 att
780 882 34 13 om
830 874 37 27 de,
884 882 45 14 som

178 908 56 21 hade
258 908 77 22 tvister
357 909 36 20 vid
416 909 81 27 tinget,
527 908 57 28 finge
607 908 58 28 välja
687 909 157 27 nämndemän,
867 909 63 21 desse

178 942 87 22 komme
280 944 32 20 att
327 943 68 21 blifva
409 943 84 21 mindre
515 943 98 28 duglige,
633 943 51 21 ville
705 944 84 20 talaren
809 944 73 20 erinra
897 946 32 18 att

175 978 47 26 just
236 977 34 21 för
291 977 27 21 de
338 977 108 21 tvistande
466 984 52 14 vore
539 978 24 20 af
580 977 46 28 vigt
649 980 31 18 att
696 978 26 20 de
737 978 55 20 hade
808 978 121 28 rätträdige

179 1011 39 21 och
235 1011 134 27 förständige
385 1012 155 25 nämndemän,
560 1011 79 21 medan
654 1012 38 20 det
708 1012 97 20 deremot
820 1012 34 21 för
869 1012 60 27 dem,

178 1052 46 13 som
240 1045 51 28 inga
307 1046 76 20 tvister
399 1046 66 26 hade,
481 1054 38 13 var
535 1046 153 27 fullkomligen
700 1046 105 27 likgiltigt
816 1046 112 21 hurudane

178 1079 190 21 nämndemännen
384 1087 59 14 voro.

246 1113 221 29 Landtdagsmannen
483 1114 106 21 Brusila
604 1113 50 22 ville
670 1114 76 21 endast
762 1114 71 21 erinra
844 1116 31 19 att
886 1115 42 20 han

178 1147 48 21 icke
244 1148 138 27 egenteligen
398 1148 55 20 hade
469 1149 67 27 nägot
554 1148 98 21 deremot
667 1150 32 19 att
714 1148 215 21 nämndemännerne

177 1181 74 22 valdes
274 1181 131 28 distriktvis;
428 1189 49 14 men
497 1184 32 19 att
552 1182 70 27 detta,
645 1182 73 21 derest
741 1183 26 20 de
790 1183 138 21 uteslutande

178 1216 70 21 skulle
264 1216 65 21 hafva
345 1217 34 20 sin
393 1217 140 20 verksamhet
548 1217 52 20 hvar
616 1217 59 20 inom
691 1217 38 20 sitt
744 1217 98 26 distrikt,
858 1217 70 21 skulle

177 1250 50 20 leda
242 1251 32 19 till
290 1251 146 26 svärigheter,
452 1251 27 19 dä
494 1251 94 26 mängen
606 1251 73 20 kunde
695 1251 65 20 hafva
775 1257 60 14 mera
850 1251 79 20 förtro-

177 1283 55 21 ende
248 1283 34 20 till
298 1289 27 14 en
340 1283 59 20 inom
415 1285 66 19 annat
492 1283 88 22 distrikt
591 1283 49 22 vald
651 1284 152 27 nämndeman,
819 1291 49 14 men
880 1285 47 20 icke

178 1317 57 28 finge
252 1317 68 22 anlita
335 1317 86 21 honom.

246 1351 221 29 Landtdagsmannen
489 1352 130 22 Puhakka
648 1353 113 21 anmärkte
786 1355 31 19 att
840 1354 26 21 de
889 1354 39 21 all-

177 1389 79 20 männa
272 1386 121 22 ärenderne
409 1387 33 21 till
459 1387 58 21 antal
538 1387 66 22 redan
621 1388 23 21 sä
659 1387 90 29 tilltagit
764 1390 32 19 att
812 1388 62 22 deras
890 1389 36 21 be-

177 1421 106 30 handling
298 1421 126 22 flerestädes
438 1422 74 21 räckte
529 1423 33 21 till
576 1422 70 29 tredje
662 1423 206 29 rättegängsdagen.
893 1424 36 21 Dä
