964 1703
200 128 40 20 522
481 131 37 17 Den
533 131 20 16 14
566 135 50 13 mars.

240 191 78 21 Blefve
334 190 167 21 stockflötandet
517 190 23 20 sä
555 190 102 25 ordnadt,
673 189 41 21 kan
732 197 49 13 man
797 189 83 28 hoppas
891 190 31 20 att

172 227 45 20 lax-
234 226 40 20 och
290 225 136 26 sikfängsten
443 225 6 20 i
464 225 71 20 Kumo
552 224 32 20 elf
593 224 106 27 betydligt
710 224 69 20 skulle
791 223 52 21 ökas
851 225 71 26 jemte

171 261 37 21 det
223 260 41 21 den
280 259 70 22 skulle
366 259 98 21 medföra
480 259 57 20 säväl
554 260 70 19 staten
640 265 46 14 som
702 258 26 21 de
745 257 93 22 enskilte
853 260 68 19 större

171 296 107 25 inkomst;
301 301 50 14 men
376 293 106 28 derjemte
504 293 67 21 borde
594 292 91 21 rörande
709 293 97 20 stockars
827 292 94 21 flötande

172 330 62 27 längs
246 328 70 21 elfven
328 327 130 28 författning
470 327 100 26 erhållas,
581 326 114 28 äsyftando
706 327 36 20 det
753 328 31 19 att
795 326 126 28 derigenom

171 364 67 27 ingen
253 362 67 22 skada
335 361 97 21 hvarken
446 362 50 20 höst
512 361 53 21 eller
581 361 37 21 vär
631 360 58 28 finge
704 360 129 28 tillskyndas
847 360 74 21 fiskeri

171 398 39 20 och
226 396 235 28 fabriksinrättningar,
477 398 67 25 ängar
560 395 40 21 och
616 395 63 21 äkrar
695 395 35 20 vid
746 395 140 21 elfstranden.

238 430 221 28 Landtdagsmannen
482 429 176 28 Pohjalainen
686 429 80 28 gillade
789 429 130 28 petitionen,

171 472 49 14 men
236 466 77 26 ansåg,
336 466 32 19 att
386 464 182 28 stockflötningen
586 464 48 20 icke
650 463 67 21 borde
733 463 118 27 förbjudas,
867 464 52 19 utan

171 500 69 20 skulle
256 499 52 27 den,
329 506 46 13 som
390 499 31 20 lät
436 499 52 20 flöta
503 498 71 26 stock,
590 498 114 28 förpligtas
725 499 32 19 att
776 499 82 19 ersätta
878 497 40 21 den

171 534 75 27 skada,
262 540 46 14 som
324 533 125 28 derigenom
466 532 158 22 förorsakades.

237 567 223 27 Landtdagsmannen
479 567 116 21 Brusila
611 567 124 26 anmärkte,
751 568 31 20 att
797 566 64 28 lagen
878 565 41 21 vis-

171 602 94 29 serligen
286 601 103 28 stadgade
410 603 31 19 att
456 601 42 22 den
513 608 45 14 som
574 601 84 21 vällade
675 600 67 21 skada
758 600 66 22 borde
838 602 81 19 ersätta

169 637 133 20 densamma.
331 636 51 21 Men
398 637 24 19 sä
437 636 79 21 skedde
528 636 36 20 det
574 636 85 21 derföre
671 635 54 21 icke.
750 635 169 21 Handlanderne

170 671 6 20 i
196 670 137 28 Björneborg
353 670 123 28 uppgjorde
496 670 128 20 kontrakter
645 677 34 13 om
701 669 154 28 stockflötning
870 669 49 21 med

171 712 110 20 personer,
298 711 46 14 som
359 704 116 28 ingenting
490 704 61 28 egde.
577 704 69 21 Desse
661 704 55 20 hade
727 704 48 21 icke
786 704 71 20 bättre
867 704 53 20 värd

170 746 35 14 om
221 738 122 27 stockarne,
364 740 27 19 än
412 740 32 18 att
464 739 26 21 de
506 738 23 21 af
542 738 128 21 flödvattnet
686 738 73 21 fördes
774 738 22 21 in
812 738 27 28 pä
855 738 64 20 äkrar

169 774 40 20 och
230 775 74 25 ängar.
334 772 43 22 Vid
398 774 95 19 vattnets
514 772 94 21 fallande
628 772 71 21 blefve
720 772 26 21 de
763 772 156 28 gvarliggande

170 808 39 20 och
221 807 62 21 deras
295 806 135 22 afvältrande
442 807 94 21 derifrän
548 807 147 21 ästadkomme
707 808 45 20 stor
762 807 73 21 skada.
852 806 67 22 Sökte

169 849 49 13 man
233 842 122 26 ersättning
375 841 23 21 af
417 842 166 27 stockegarena,
606 841 68 21 erhöll
694 848 50 14 man
764 842 36 20 det
816 848 55 20 svar,
887 843 32 19 att

169 876 26 20 de
214 876 48 20 icke
283 875 55 21 hade
354 875 66 27 något
436 878 32 18 att
482 875 69 21 skaffa
569 876 50 20 med
634 875 116 21 stockarna
764 876 67 20 innan
847 876 26 20 de
888 876 30 20 le-

167 910 117 21 vererades
299 910 7 20 i
322 909 144 28 Björneborg.
496 910 118 20 Flötarena
629 910 46 20 åter
689 910 56 20 hade
760 910 48 20 icke
824 909 93 28 tillgång

168 946 31 18 att
219 944 73 20 betala
311 943 129 27 ersättning.
474 943 93 21 Talaren
588 943 80 28 yrkade
689 943 86 21 derföre
795 945 32 18 att
847 944 70 20 stock-

171 985 81 21 egaren
272 978 61 20 alltid
352 977 68 21 borde
441 979 81 19 ersätta
542 978 29 20 all
590 978 72 26 skada,
678 984 45 14 som
739 978 120 28 flötningen
875 978 42 20 för-

168 1012 111 21 orsakade.
309 1012 128 27 Hvarjemte
453 1012 83 20 talaren
552 1012 85 26 tillade,
653 1013 32 19 att
695 1012 27 20 dä
733 1012 69 27 enligt
816 1014 101 18 senatens

167 1047 72 26 utslag
254 1045 155 28 stockflötning
424 1046 47 20 icke
487 1046 57 27 finge
560 1046 38 20 ske
614 1046 23 20 sä
652 1046 65 27 länge
732 1045 186 21 kronofisketiden

167 1081 101 25 fortfore,
290 1087 50 13 men
361 1079 35 21 väl
417 1080 66 21 sedan
499 1080 41 21 den
556 1079 155 29 tilländalupit,
736 1081 23 19 sä
774 1080 67 21 borde
857 1081 60 20 detta

167 1115 89 26 ändras,
279 1114 23 21 sä
323 1115 31 19 att
374 1113 102 22 förbudet
496 1114 63 27 gälde
580 1114 63 21 äfven
661 1114 41 21 den
719 1114 31 20 tid
765 1114 27 21 dä
807 1115 110 26 allmogen

167 1148 78 21 idkade
261 1149 37 20 sitt
314 1148 59 21 fiske.

234 1182 222 27 Landtdagsmannen
470 1182 153 21 Kotilainen
640 1183 68 27 ansäg
723 1184 32 19 att
769 1182 97 21 farleden
879 1183 38 20 all-

167 1216 32 21 tid
217 1216 67 21 borde
305 1223 51 14 vara
377 1218 81 26 öppen,
482 1217 91 20 emedan
592 1217 36 20 det
646 1223 51 15 vore
712 1217 85 20 landets
813 1217 57 20 vinst
885 1218 32 19 att

167 1250 37 20 det
223 1249 73 21 kunde
316 1250 80 20 afsätta
412 1251 46 19 sina
474 1251 192 27 skogsprodukter.
696 1251 63 19 Hvad
775 1251 46 20 äter
836 1251 81 20 beträf-

166 1283 50 21 fade
236 1283 122 28 ersättning
378 1284 33 21 för
431 1284 58 20 liden
508 1284 76 26 skada,
608 1284 22 21 sä
645 1291 51 14 vore
713 1284 36 20 det
764 1285 106 26 naturligt
885 1287 32 18 att

167 1319 144 27 stockegaren
326 1317 57 29 finge
398 1318 71 21 betala
484 1319 48 20 den.

234 1353 223 28 Landtdagsmannen
468 1353 136 22 Pelkonen
615 1354 144 21 understödde
770 1354 98 21 Brusilas
878 1361 37 22 pe-

167 1388 64 21 tition
247 1389 56 20 samt
319 1387 82 28 tillade,
423 1390 31 18 att
469 1388 6 21 i
492 1389 95 20 talarens
603 1388 84 21 hemort
702 1388 146 21 förhållandet
864 1396 51 15 vore

166 1422 77 28 dylikt,
264 1430 46 14 som
331 1423 35 21 det
388 1423 67 27 enligt
476 1424 97 21 Brusilas
589 1423 137 28 beskrifning
743 1424 83 27 tycktes
843 1431 48 14 vara
909 1425 6 20 i
