998 1703
373 133 38 16 Den
424 133 21 16 13
458 132 49 23 april
747 128 41 21 853

133 193 223 28 Landtdagsmannen
371 192 209 29 Kumpulainen
592 194 107 33 föreslog,
714 195 33 20 att
758 195 58 20 stån-

65 227 37 21 det
116 227 52 21 ville
183 228 114 27 uppdraga
311 227 23 21 åt
349 227 223 22 ståndsledamöterne
588 221 91 34 Östring
691 228 41 21 ock
742 228 74 21 Klami

65 263 32 19 att
112 262 99 27 uppgöra
226 261 71 21 denna
312 261 160 28 angelägenhet
487 261 50 22 med
552 261 90 28 lemplig
657 269 86 21 person,
760 262 56 21 efter

65 302 46 14 som
133 295 27 21 de
180 295 33 21 för
233 296 48 20 bäst
299 295 74 27 funne,
388 295 40 21 och
444 297 32 19 att
491 295 87 22 ståndet
593 297 67 20 måtte
676 296 83 28 afgifva
773 296 42 21 den

65 329 128 28 förklaring,
209 331 31 19 att
255 329 36 21 det
307 329 69 21 skulle
393 329 61 21 deråt
469 330 69 28 nöjas.
568 329 11 21 I
594 330 66 28 öfrigt
675 331 76 21 trodde
763 331 53 21 tala-

65 370 46 21 ren,
134 366 32 19 att
188 364 118 28 magistern
326 364 101 28 Oppman
445 364 48 22 icke
509 371 52 15 vore
577 364 112 29 obenägen
705 367 32 19 att
751 366 64 27 åtaga

64 398 34 28 sig
113 398 166 29 ifrågavarande
294 398 119 28 sysslande.

132 433 222 28 Landtdagsmannen
374 433 126 21 Puhakka
518 440 38 14 var
576 434 23 20 af
616 434 41 20 den
673 434 95 28 mening,
784 436 32 19 att

64 468 122 28 upplagans
209 468 82 21 storlek
313 468 68 21 borde
401 468 60 21 ökas.
491 468 141 28 Sparsamhet
651 468 8 20 i
679 468 60 21 detta
760 469 55 20 afse-

65 502 55 21 ende
143 502 111 21 medförde
278 502 73 26 skada,
374 502 49 21 icke
443 510 65 21 gagn.
538 502 66 21 Minst
619 503 36 20 två
669 503 111 27 exemplar
795 504 23 20 af

64 536 134 28 protokollet
213 536 66 22 borde
295 536 114 22 tillsändas
424 537 53 21 hvar
492 536 88 27 socken,
594 536 57 22 helst
661 536 36 22 det
707 544 52 14 vore
771 539 44 19 stor

64 571 54 20 brist
139 572 28 26 på
188 571 85 27 böcker,
294 578 46 14 som
356 571 111 21 innehölle
483 572 157 27 upplysningar
656 578 34 14 om
706 572 109 21 allmänna

64 606 192 27 angelägenheter.

133 639 221 28 Landtdagsmannen
371 640 110 21 Simolin
497 640 107 21 instämde
619 640 7 21 i
641 640 174 29 Kumpulainens

65 675 101 27 yttrande
189 674 82 27 derom,
293 676 32 19 att
345 675 37 20 det
403 674 66 21 borde
485 675 146 21 öfverlemnas
645 675 22 20 åt
683 675 133 21 ståndsleda-

65 711 98 19 möterne
182 703 90 34 Östring
288 709 40 21 och
343 708 73 22 Klami
432 711 31 19 att
479 709 189 21 öfverenskomma
683 709 50 21 med
747 709 69 29 lemp-

64 744 32 27 lig
111 750 79 22 person
206 745 32 19 att
253 743 124 28 ombesörja
392 744 144 28 tryckningen
552 743 24 21 af
589 743 98 21 ståndets
700 744 115 28 protokoll.

64 778 106 21 Deremot
192 778 67 28 ansåg
282 778 83 21 talaren
385 778 36 20 det
440 778 47 21 icke
503 778 77 28 nödigt
595 779 32 19 att
642 778 41 20 öka
699 778 116 28 upplagan,

66 812 91 21 emedan
171 812 109 21 sannolikt
289 812 65 28 högst
365 812 21 21 få
396 812 87 22 komme
493 814 32 20 att
535 813 46 20 läsa
592 812 97 21 ståndets
699 813 116 27 protokoll.

132 846 223 29 Landtdagsmannen
373 847 90 21 Akola
481 847 76 21 trodde
573 848 69 20 större
658 847 95 28 upplaga
767 847 49 21 icke

64 889 52 14 vara
132 882 24 21 af
168 882 79 26 nöden,
263 883 27 20 än
305 883 32 20 att
351 882 54 21 hvar
419 882 166 28 landtdagsman
601 882 40 20 och
656 882 54 20 hvar
724 882 91 20 försam-

64 917 47 27 ling
126 916 72 21 kunde
214 916 83 21 erhålla
312 917 32 20 ett
359 916 118 28 exemplar.

133 951 222 28 Landtdagsmannen
374 950 132 22 Tiainen:
529 951 39 21 Att
588 950 75 28 hvarje
682 950 93 22 medlem
795 950 24 21 af

65 986 86 21 ståndet
171 986 67 21 borde
257 986 105 28 uppgifva
377 986 56 20 huru
448 986 79 28 många
542 985 112 28 exemplar
669 985 24 21 af
706 985 110 28 protokol-

64 1021 31 20 let
110 1021 43 20 han
168 1021 67 28 ansåg
251 1020 109 21 erfordras
375 1020 7 21 i
399 1020 42 21 den
457 1020 103 27 domsaga
574 1020 43 20 han
628 1020 187 27 representerade,

65 1055 39 21 och
120 1055 72 21 kunde
209 1055 120 28 upplagans
345 1054 82 21 storlek
443 1054 94 22 derefter
552 1055 139 20 bestämmas.

133 1089 222 28 Landtdagsmannen
371 1088 102 22 Klami:
488 1089 40 21 Att
544 1089 36 20 det
591 1095 50 14 vore
653 1089 125 28 egentligen
789 1089 27 20 de

66 1124 92 20 svenska
180 1123 89 28 språket
290 1123 87 21 talande
396 1123 142 21 medlemmar
556 1123 24 20 af
594 1123 91 27 ståndet,
701 1130 47 13 som
763 1123 54 21 talat

66 1160 59 19 emot
148 1158 94 21 ökandet
265 1157 24 21 af
309 1157 41 22 den
371 1157 70 22 finska
461 1157 117 29 upplagan.
608 1157 93 21 Derföre
720 1157 97 28 föreslog

65 1192 91 26 talaren,
173 1193 31 20 att
219 1193 20 26 ej
256 1192 68 21 heller
339 1193 24 20 af
379 1192 42 21 den
441 1192 93 21 svenska
549 1192 113 28 upplagan
673 1191 68 21 borde
756 1191 61 21 utde-

65 1227 33 20 las
121 1233 60 14 mera
203 1227 27 19 än
253 1227 31 20 ett
307 1227 111 27 exemplar
437 1227 32 20 till
487 1227 76 27 hvarje
578 1225 135 28 församling,
729 1225 40 21 och
785 1227 32 19 att

65 1261 57 21 hvad
145 1268 46 14 som
214 1261 95 21 derefter
331 1261 71 21 blefve
426 1261 73 28 öfrigt,
522 1261 70 21 skulle
616 1260 144 21 öfverlemnas
783 1260 34 21 till

65 1295 138 22 bokhandeln
218 1296 33 21 för
267 1297 32 19 att
313 1295 108 29 försäljas.

134 1330 221 27 Landtdagsmannen
378 1330 146 20 Pelkonen
547 1330 85 27 yttrade
652 1329 34 27 sig
703 1329 46 20 lika
767 1329 50 21 med

65 1363 80 22 Klami.

134 1397 44 21 Vid
200 1398 136 27 omröstning
357 1397 48 22 blef
425 1397 105 28 förslaget
550 1399 32 19 att
604 1397 42 21 öka
666 1397 109 28 upplagan
795 1397 23 20 af

66 1433 97 22 ständets
178 1433 109 28 protokoll
303 1433 92 28 afslaget
410 1432 50 21 med
475 1433 27 20 28
518 1433 69 20 röster
603 1433 58 20 emot
678 1432 32 21 13.
