967 1703
351 127 38 20 Den
401 129 23 18 24
436 134 51 13 mars.
727 126 41 20 589

46 194 110 21 manvaro,
168 188 77 28 gjorde
255 195 28 14 en
291 189 123 28 anordning
421 189 24 21 af
451 189 165 28 ifrågavarande
625 191 33 19 art
666 189 130 29 nödvändig,

46 222 50 21 ville
107 223 84 21 talaren
206 223 76 20 bifalla
297 223 34 20 till
345 222 115 29 förslaget,
476 230 50 14 men
542 224 6 20 i
564 223 144 22 betraktande
724 224 24 21 af
761 224 37 21 det

44 257 63 27 ringa
118 257 58 20 antal
188 257 149 26 medlemmar,
347 256 79 21 hvaraf
431 257 229 28 justeringsutskottet
670 257 86 21 komme
765 260 32 18 att

44 290 72 27 bestå,
132 291 68 27 ansåg
211 291 85 20 talaren
308 290 76 28 nödigt
399 292 33 19 att
446 293 54 26 göra
515 293 32 19 ett
562 291 77 20 sådant
648 291 77 28 tillägg
740 291 7 20 i
763 298 33 14 sa-

45 324 53 27 ken,
119 326 33 19 att
168 324 8 21 i
191 324 104 21 händelse
310 324 59 21 olika
383 325 114 27 meningar
512 325 135 21 beträffande
663 325 72 28 någon
752 332 44 14 om-

44 358 126 28 ständighet
183 359 108 28 uppstode
307 359 93 21 emellan
416 358 244 30 expeditionsutskottet
675 360 13 20 &
703 366 41 15 ena
756 360 40 21 och

42 394 230 28 justeringsutskottet
293 394 29 28 pä
345 394 41 20 den
410 394 67 21 andra
499 394 71 27 sidan,
594 394 70 28 begge
682 394 62 21 dessa
762 397 32 18 ut-

45 428 59 21 skott
122 428 68 21 borde
211 428 161 22 sammanträda
387 428 34 21 till
436 430 141 20 sammansatt
593 428 145 28 expeditions-
754 430 40 20 och

41 462 216 28 justeringsutskott,
277 462 34 22 för
331 464 32 20 att
379 462 41 22 den
435 463 86 28 yppade
537 463 213 28 meningsolikheten
764 464 31 20 af-

42 498 61 27 göra.
132 496 130 29 Hvarjemte
277 497 85 21 talaren
377 497 82 27 tillade,
474 499 32 20 att
521 497 27 21 dä
563 498 142 21 medständen
716 498 79 21 under-

42 532 97 21 rättades
159 539 35 14 om
215 532 170 21 bondeständets
404 533 72 21 beslut
496 533 7 21 i
523 533 100 27 ärendet,
646 532 26 22 de
687 532 106 28 derjemte

43 566 66 22 borde
124 566 101 28 inbjudas
240 568 33 20 att
288 566 76 22 förena
380 566 33 28 sig
429 574 34 14 om
479 567 138 21 förestående
632 567 83 28 tillägg.

109 599 224 30 Landtdagsmannen
347 600 126 29 Hagman
488 608 37 15 var
541 608 51 15 ense
608 601 49 22 med
673 596 97 33 Östring.

110 635 222 30 Landtdagsmannen
348 635 126 22 Heikura
492 642 37 15 var
545 636 34 22 för
595 636 66 29 öfrigt
675 637 23 20 af
711 643 83 15 samma

43 671 57 28 äsigt
115 678 47 14 som
178 664 99 34 Östring,
293 677 50 15 men
358 671 68 27 ansäg
441 673 32 19 att
487 671 54 21 hvar
551 671 70 27 tredje
632 671 93 21 medlem
737 671 57 21 ifrän

43 706 75 28 hvarje
140 706 37 20 län
197 706 54 21 eller
271 705 71 28 tredje
363 705 64 21 delen
447 705 24 22 af
489 705 86 22 ständet
594 705 67 21 borde
676 706 69 28 väljas
760 706 33 20 till

40 740 167 28 ifrägavarande
222 740 90 21 utskott.

108 807 116 30 Emottogs
245 815 27 15 en
289 808 126 29 deputation
431 809 47 22 frän
494 808 167 30 prestaständet,
677 808 77 22 anförd
770 808 24 22 af

40 843 52 22 herr
106 844 207 28 kontraktsprosten
328 843 116 27 Stenbäck,
455 844 88 21 hvilken
554 844 134 26 meddelade,
702 846 32 19 att
744 850 48 22 pre-

41 878 121 22 staständet
183 879 32 20 1:0
236 878 45 21 valt
301 878 141 21 medlemmar
461 878 33 21 till
507 877 229 29 justeringsutskottet
752 878 40 21 och

41 913 37 21 det
100 913 93 27 utskott,
216 919 47 14 som
283 912 55 28 egde
357 912 82 28 afgifva
457 912 139 22 betänkande
615 913 113 27 angäende
749 912 42 21 rid-

40 948 114 20 darhusets
174 947 114 21 inlösande
307 946 34 22 till
360 948 31 20 ett
410 947 138 27 ständerhus,
572 947 39 21 och
630 947 56 21 hade
705 946 87 22 ständet

40 984 68 19 utsett
131 981 33 21 till
186 982 36 20 det
240 981 59 21 förra
317 982 164 27 professorerna
497 981 132 27 Schauman,
653 981 82 21 Geitlin
752 981 38 21 och

42 1016 107 27 Granfelt,
165 1016 112 21 äfvensom
293 1016 34 20 till
343 1015 116 28 suppleant
473 1023 19 14 v.
508 1017 74 27 pastor
597 1016 122 27 Snellman;
736 1017 56 19 samt

40 1051 34 20 till
96 1050 36 21 det
155 1056 77 14 senare
250 1051 114 26 prostarne
382 1049 118 28 Borenius,
523 1049 122 28 Hertzberg
661 1049 40 21 och
716 1049 74 26 Siren;

40 1085 34 20 2:0
89 1083 80 22 bifallit
184 1084 34 21 till
232 1083 193 29 borgareständets
439 1083 130 29 inbjudning
585 1085 32 19 att
632 1083 87 28 deltaga
734 1083 7 20 i
752 1089 38 14 un-

40 1118 105 28 derdänig
159 1118 94 29 petition
270 1118 81 27 derom,
367 1119 32 20 att
410 1118 41 21 den
462 1119 7 20 i
480 1118 74 21 landet
566 1118 111 27 befintliga
687 1118 103 27 telegraf-

39 1153 121 28 inrättning
176 1153 57 27 finge
248 1153 81 20 inlösas
344 1153 34 20 för
389 1152 70 21 finska
469 1153 95 20 kronans
575 1152 102 27 räkning;
694 1153 33 20 3:0
739 1152 51 27 god-

40 1187 53 21 känt
111 1187 110 21 allmänna
236 1187 207 21 besvärsutskottets
457 1187 82 27 förslag
554 1186 33 21 till
603 1186 136 27 underdånig
754 1193 36 20 pe-

39 1221 63 21 tition
119 1228 34 14 om
168 1221 126 28 periodiska
309 1220 129 29 landtdagar
453 1221 63 21 hvart
531 1220 70 28 tredje
617 1221 32 26 år;
665 1221 34 20 4:o
710 1220 80 21 bifallit

40 1256 72 21 dertill
135 1257 32 20 att
189 1256 111 21 allmänna
319 1255 197 22 besvärsutskottet
535 1255 58 28 finge
614 1255 118 27 expediera
748 1255 42 20 alla

39 1290 26 21 de
82 1290 91 21 ärender
192 1290 121 21 detsamma
331 1289 114 28 handlagt;
462 1291 55 20 samt
533 1290 33 20 5:o
582 1289 84 27 antagit
681 1295 107 14 samman-

38 1327 56 18 satta
103 1326 63 19 stats-
176 1324 39 20 och
224 1324 251 27 bevillningsutskottets
484 1323 306 27 sammanjemkningsförslag

38 1358 113 27 angående
166 1358 259 27 kartasigillataafgiften.

106 1391 148 23 Talemannen
271 1391 90 22 tackade
375 1392 35 21 för
420 1390 152 23 meddelandet
583 1389 40 24 och
633 1390 156 29 deputationen

36 1426 105 23 afträdde.
