964 1703
199 134 42 21 552
479 139 38 18 Den
529 139 19 18 21
564 144 51 12 mars.

173 200 77 21 väckte
271 200 66 21 sådan
358 199 62 27 tvist,
443 206 45 14 som
507 199 7 22 i
531 199 66 28 sagda
613 205 64 14 mom.
693 198 149 27 omförmäles,
865 198 57 29 finge

172 234 140 22 husbondens
328 234 69 27 öfrige
411 234 84 28 tjenare
511 234 81 20 tillåtas
608 233 7 20 i
631 233 66 21 saken
714 233 75 22 vittna.

241 269 163 28 Deputationen
419 268 106 21 afträdde.

241 338 97 27 Mottogs
354 344 27 14 en
397 337 127 27 deputation
540 337 47 20 från
603 337 191 27 borgareståndet,
810 337 78 21 anförd
903 337 23 20 af

172 372 50 21 herr
238 372 164 28 borgmästaren
421 371 92 27 Hildén,
529 378 45 14 som
591 370 134 27 meddelade,
742 372 31 20 att
788 371 87 21 ståndet
890 371 34 20 till

173 406 103 28 pröfning
298 406 95 21 förehaft
411 405 169 21 bondeståndets
601 405 131 28 inbjudning
752 406 32 20 att
798 405 77 21 förena
891 405 33 27 sig

174 448 34 13 om
228 440 49 21 dess
298 440 72 21 beslut
390 441 32 20 att
441 440 108 28 allmogen
564 440 8 20 i
587 439 112 21 Kuusamo
716 440 79 20 socken
811 439 67 21 borde
893 440 30 20 åt-

173 475 61 27 njuta
256 474 96 28 lindring
372 475 8 20 i
400 474 220 28 mantalspenningen
641 474 32 20 till
694 474 84 21 hälften
799 476 58 19 emot
877 475 46 20 lan-

173 509 46 21 dets
240 510 70 26 öfriga
329 509 132 21 innevånare
483 509 111 21 äfvensom
615 508 172 28 prestaståndets
807 509 116 21 framställ-

172 544 53 28 ning
240 544 82 26 derom,
338 545 32 19 att
385 543 180 28 borgareståndet
580 543 72 21 kunde
670 543 112 21 modifiera
792 543 50 21 dess
853 544 71 20 beslut

173 577 133 22 beträffande
322 577 155 28 kyrkoplikten
491 578 34 20 till
544 577 226 21 öfverensstämmelse
781 578 49 20 med
841 580 82 25 presta-

173 612 97 21 ståndets
285 612 73 20 beslut
371 612 92 21 rörande
480 619 81 13 samma
576 612 72 27 fråga,
664 618 50 14 men
730 612 48 20 icke
793 612 84 20 kunnat
892 612 31 20 bi-

172 646 52 21 falla
239 646 94 21 nämnda
355 646 131 28 inbjudning
506 646 40 21 och
564 646 172 28 framställning,
757 648 51 18 utan
824 646 99 21 vidhållit

173 680 47 21 sina
235 681 7 20 i
258 680 63 21 dessa
337 682 79 18 ämnen
432 680 82 21 fattade
529 680 78 21 beslut.

240 714 163 28 Deputationen
419 714 106 21 afträdde.

240 783 123 21 Fortsattes
379 783 153 21 diskussionen
547 783 24 21 af
585 785 156 19 sammansatta
756 783 45 28 lag-
818 784 40 21 och
874 783 51 22 eko-

173 818 177 21 nomiutskottets
369 817 148 28 betänkande,
533 817 7 21 i
559 817 119 28 anledning
694 818 23 21 af
730 818 80 28 nådiga
825 818 98 28 proposi-

172 853 75 20 tionen
262 859 34 14 om
312 852 128 27 legostadga
455 852 33 21 för
503 852 125 21 husbönder
644 852 39 21 och
699 853 141 27 tjenstehjon.

240 886 222 28 Landtdagsmannen
485 887 137 20 Pelkonen
644 887 108 20 instämde
768 887 50 20 med
834 881 89 34 Östring

172 921 81 26 derom,
270 922 32 19 att
317 920 122 27 husbonde,
460 928 46 13 som
521 921 68 20 borde
604 921 74 20 hemta
694 921 159 28 tjenstehjonet
868 922 7 20 i
891 922 33 20 sin

172 955 77 27 tjenst,
264 955 169 27 mångenstädes
449 955 95 20 särdeles
559 955 8 20 i
583 955 37 20 det
635 955 47 20 inre
697 955 84 27 landet,
798 956 5 19 i
814 956 109 21 anseende

171 989 33 20 till
227 989 95 20 rådande
345 989 98 21 menföre
466 989 36 21 vid
525 989 41 21 den
580 996 30 13 nu
626 989 100 28 gällande
742 990 181 27 flyttningstiden,

172 1023 48 21 icke
235 1023 73 21 kunde
324 1023 94 27 fullgöra
434 1024 37 20 sitt
487 1023 121 28 äliggande.
640 1023 94 21 Talaren
745 1024 81 28 gillade
837 1024 86 21 derföre

171 1057 105 28 förslaget
296 1064 34 14 om
346 1057 187 28 flyttningstidens
553 1058 110 20 ändrande
686 1058 33 20 till
740 1058 41 20 den
804 1059 8 19 1
828 1058 95 28 januari,

171 1092 35 21 vid
227 1092 89 21 hvilken
338 1092 31 20 tid
389 1094 96 26 vägarne
506 1092 102 21 öfverallt
628 1099 51 14 voro
700 1092 92 21 farbara.
823 1092 100 28 Uppsäg-

170 1126 126 28 ningstiden
319 1126 66 21 borde
407 1126 27 21 då
454 1126 67 21 blifva
543 1126 39 21 den
601 1128 9 19 1
629 1127 125 21 november.
784 1127 80 21 Denna
880 1128 43 20 för-

171 1161 94 27 ändring
280 1160 112 21 medförde
414 1161 40 20 ock
474 1161 42 21 den
537 1161 77 26 fördel,
635 1163 31 19 att
686 1162 53 20 både
755 1162 112 20 husbonde
884 1162 39 20 och

170 1194 134 28 tjenstehjon
329 1194 144 22 öfvervakade
496 1197 31 19 att
549 1196 100 26 tjenaren
673 1195 71 21 blefve
766 1196 87 20 försedd
873 1196 51 20 med

170 1229 83 25 kläder,
276 1229 49 20 med
345 1229 74 20 hvilka
439 1229 43 21 han
502 1229 73 21 kunde
593 1231 60 19 möta
668 1230 93 20 vintern.
791 1230 35 20 Nu
842 1230 81 27 brydde

171 1262 33 27 sig
219 1262 128 20 husbonden
363 1262 49 20 icke
428 1262 81 21 derom.
539 1262 121 22 Förmådde
676 1263 43 20 han
734 1263 56 21 blott
805 1264 73 20 betala
893 1264 31 20 lö-

170 1302 53 20 nen,
246 1302 52 14 vore
318 1296 43 20 han
382 1296 53 28 nöjd
454 1296 39 20 och
512 1297 100 27 tjenaren
628 1296 108 21 förstörde
752 1297 45 20 ofta
812 1298 39 20 allt
867 1298 57 20 hvad

169 1330 43 21 han
228 1330 34 21 för
278 1330 47 21 året
340 1330 47 21 haft
403 1330 32 21 till
451 1331 55 27 godo
523 1330 69 21 under
608 1331 122 21 lösveckan.
756 1332 64 20 Hvad
832 1326 91 34 Östring

169 1364 130 21 framkastat
319 1371 34 14 om
374 1365 67 20 frihet
457 1365 34 20 för
506 1365 112 21 husbonde
634 1366 39 20 och
689 1366 135 28 tjenstehjon
840 1368 32 19 att
886 1367 37 20 be-

169 1401 93 19 stämma
272 1399 151 28 legostämma,
435 1399 123 28 förtjenade
569 1400 99 21 deremot
678 1401 56 20 intet
744 1401 110 21 afseende.
878 1401 45 21 Det

169 1434 70 22 skulle
256 1433 76 24 endast
347 1434 50 21 leda
413 1434 32 21 till
462 1434 148 30 köpslagande
626 1442 35 14 om
677 1435 90 28 tjenare.
791 1435 60 22 Voro
862 1443 59 15 man-
