964 1700
343 121 38 17 Den
395 121 19 17 14
428 126 50 12 mars.
713 116 41 22 523

35 180 79 27 Kumo,
132 180 100 21 hvarföre
248 180 121 27 petitionen
385 180 66 21 borde
467 180 57 28 gälla
539 181 64 21 äfven
618 181 34 21 för
667 182 67 21 andra
750 190 33 13 or-

35 216 39 19 ter.
105 214 92 21 Talaren
212 214 55 21 hade
284 214 45 21 ofta
343 214 77 21 erfarit
435 216 32 19 att
476 215 136 21 stockflottor
623 216 88 20 söndrat
722 224 61 20 gvar-

35 255 38 14 nar
95 248 40 20 och
156 249 69 19 broar.
255 248 94 21 Talaren
368 248 51 21 ville
439 248 56 21 dock
510 249 48 20 icke
574 251 31 19 att
619 250 164 28 flötningstiden

36 282 70 20 skulle
126 282 136 27 inskränkas,
283 284 52 18 utan
355 282 56 20 blott
432 284 31 18 att
478 289 81 21 egaren
575 283 67 21 borde
658 286 81 19 ersätta
754 285 29 20 all

35 316 66 20 skada
121 323 47 13 som
191 316 134 26 förorsakas,
348 318 56 18 samt
428 318 32 19 att
486 317 104 20 flötarena
613 317 67 21 borde
703 318 80 20 inrätta

36 350 83 26 ledare,
134 350 93 21 emellan
243 350 73 21 hvilka
331 350 121 28 flötningen
468 350 88 21 skedde.

101 384 223 28 Landtdagsmannen
344 384 118 21 Heikura
481 385 68 27 ansäg
565 384 62 21 äfven
644 387 31 19 att
691 386 92 27 flötning

34 418 67 21 borde
117 418 80 21 tillätas
212 418 43 21 alla
270 418 100 27 ärstider,
386 418 56 22 dock
456 418 91 22 sälunda
557 420 41 25 att,
615 419 37 21 der
663 420 67 21 skada
740 420 43 21 för-

35 453 126 26 orsakades,
181 453 121 28 ersättning
318 453 65 20 borde
399 453 70 28 gifvas
485 453 23 21 af
521 453 143 28 stockegaren
680 455 40 20 och
735 455 48 20 icke

35 487 24 21 af
71 487 112 21 flötarene.

103 521 220 28 Landtdagsmannen
339 521 106 22 Brusila
457 521 76 22 trodde
549 523 31 19 att
591 522 126 21 Kotilainen
728 523 55 21 hade

34 556 141 21 missförstätt
195 556 96 27 Brusila,
314 555 102 22 hvarföre
437 556 42 21 han
499 556 51 21 ville
571 556 96 22 förklara
683 559 31 19 att
729 557 54 21 hans

33 591 67 27 afsigt
120 590 49 22 icke
189 591 55 21 varit
263 592 32 19 att
316 590 183 28 stockflötningen
514 591 46 20 helt
575 592 39 20 och
630 592 68 20 hållet
713 592 70 20 skulle

33 625 122 27 förbjudas,
171 628 51 18 utan
239 626 77 20 endast
332 625 117 28 begränsas
466 626 39 20 och
520 626 85 20 ordnas.

101 694 87 20 Ankom
209 701 27 13 en
256 694 128 27 deputation
404 694 48 20 frän
467 694 180 28 borgareständet
661 694 69 21 under
746 701 37 14 an-

34 728 90 21 förande
147 728 24 20 af
191 728 138 20 handlanden
349 728 135 28 Lindegvist,
504 728 89 21 hvilken
609 728 126 21 meddelade
751 730 33 20 att

34 762 180 28 borgareständet
234 762 90 21 beslutit
343 764 31 19 att
394 763 8 20 i
422 762 128 22 ständernas
570 762 149 28 underdäniga
735 770 48 14 svar

33 797 7 19 i
56 797 119 27 anledning
195 796 23 21 af
236 796 28 20 H.
284 796 28 21 K.
328 796 50 21 M:ts
394 796 79 28 nädiga
487 797 136 28 proposition
637 804 35 13 om
688 804 26 14 en
730 797 53 21 frid-

34 830 177 28 lysningsstadga
233 830 34 20 för
289 831 84 21 landets
392 831 118 27 jernvägar
530 832 39 20 och
588 831 91 21 kanaler
694 831 89 21 borde
770 826 16 37 i

34 865 173 27 underdänighet
222 865 106 27 anhällas,
349 867 31 19 att
395 865 37 21 vid
447 867 61 19 nästa
524 866 103 27 landidag
642 866 67 20 måtte
725 867 59 19 stän-

34 900 67 21 derna
116 900 124 27 föreläggas
255 899 81 28 förslag
352 900 33 20 till
401 899 219 28 fridlysningsstadga
635 899 34 21 för
684 906 48 20 gas-
744 900 39 20 och

33 934 197 27 vattenledningar,
252 935 55 19 samt
326 933 76 28 inbjöd
422 933 159 21 bondeständet
596 935 31 19 att
642 934 8 19 i
665 934 66 26 sagde
747 934 37 20 be-

34 968 43 20 slut
90 968 33 27 sig
139 968 81 20 förena.
251 968 148 20 Talemannen
420 968 90 20 tackade
527 967 33 21 för
576 967 152 21 meddelandet
743 968 41 20 och

33 1002 156 28 deputationen
205 1001 104 21 afträdde.

102 1070 122 21 Fortsattes
247 1070 151 21 diskussionen
422 1076 34 14 om
477 1070 97 21 Brusilas
597 1070 188 27 petitionsförslag

35 1104 112 28 angäende
163 1104 182 28 stockflötningen
361 1104 7 20 i
384 1103 71 22 Kumo
472 1104 35 21 elf.

102 1139 221 28 Landtdagsmannen
334 1138 123 28 Nyrönen
474 1139 100 20 förmälte
585 1140 38 25 att,
633 1139 70 20 ehuru
713 1138 70 21 stock-

35 1174 120 27 flötningen
175 1174 128 26 visserligen
324 1173 60 20 stode
404 1174 27 27 pä
452 1173 58 28 dålig
530 1173 42 26 fot,
594 1173 43 20 han
652 1173 67 20 likväl
735 1173 49 20 icke

35 1207 71 21 kunde
127 1207 131 21 understöda
277 1207 131 28 petitionen,
430 1207 73 21 såvida
518 1207 42 20 den
575 1207 48 20 icke
639 1207 79 27 angick
734 1206 50 21 hela

34 1241 74 22 landet
128 1243 52 19 utan
201 1241 76 21 endast
296 1241 108 27 allmogen
424 1241 64 28 kring
503 1241 72 20 Kumo
592 1241 35 20 elf.
657 1241 64 20 Hvad
737 1241 47 20 åter

35 1276 119 21 beträffade
173 1276 35 20 det
224 1277 31 19 att
270 1276 83 27 någons
368 1277 44 19 rätt
427 1276 71 20 blifvit
514 1275 124 21 förnärmad
653 1282 78 21 genom
747 1274 37 21 det

35 1310 123 21 inlemnade
179 1310 163 20 häradsrättens
362 1310 80 27 utslag,
464 1310 23 20 sä
506 1309 73 21 kunde
600 1309 46 21 deri
661 1310 64 20 sökas
741 1310 42 19 rät-

35 1344 54 20 telse
105 1344 28 28 på
148 1344 67 27 laglig
230 1345 48 25 väg.

103 1378 221 27 Landtdagsmannen
339 1377 194 28 Kumpulainen
549 1384 39 13 var
603 1377 23 20 af
635 1383 82 14 samma
728 1376 56 26 åsigt

35 1419 45 14 som
101 1413 113 20 Pelkonen
236 1412 39 20 och
295 1412 99 21 Heikura
410 1411 80 27 deruti,
511 1412 32 20 att
559 1411 143 28 stockegaren
718 1410 68 22 borde
