978 1706
210 123 40 21 776
493 130 37 16 Den
542 130 11 16 9
565 128 49 22 april.

181 189 45 20 rats
241 195 35 14 om
291 188 244 28 bränvinsbränningen,
554 188 48 21 icke
616 187 56 21 hade
687 187 66 27 något
768 186 155 28 sammanhang

182 222 48 21 med
245 229 30 14 nu
290 222 141 22 förevarande
446 222 67 28 fråga,
529 222 40 21 och
583 221 75 21 trodde
669 220 39 28 sig,
720 221 67 21 ehuru
797 220 43 21 han
850 227 72 21 repre-

182 256 113 22 senterade
311 264 27 14 en
353 256 24 21 af
390 256 83 22 landets
487 256 131 28 nordligaste
634 255 128 27 landsorter,
778 255 38 21 der
830 255 93 27 mången

182 291 92 21 sistlidet
297 291 40 21 och
357 291 147 21 innevarande
524 292 24 21 år
567 291 93 27 hungrat
676 290 40 21 och
731 289 117 29 hungrade,
864 289 59 27 böra,

182 325 49 21 med
246 326 102 21 afseende
364 326 58 21 såväl
436 326 13 21 å
464 325 122 22 ändamålet
600 325 50 21 med
662 325 155 28 bevillningen,
828 331 45 15 som
884 324 40 21 ock

183 360 57 27 derä,
256 361 32 20 att
303 360 41 22 den
359 360 48 22 icke
422 360 111 22 fordrades
548 360 24 21 af
582 360 66 21 andre
664 361 27 20 än
704 360 55 27 dem,
770 366 45 15 som
825 359 55 22 hade
891 360 33 20 ut-

183 396 42 27 väg
240 396 32 20 att
286 394 72 22 betala
374 395 47 28 den,
436 396 115 28 godkänna
565 394 142 22 förevarande
722 395 18 27 $.

250 429 220 29 Landtdagsmannen
490 430 91 22 Klami
599 430 67 28 ansåg
686 430 7 20 i
712 430 89 20 motsats
816 430 46 20 mot
875 428 49 22 Pel-

184 464 78 27 konen,
283 464 36 21 det
338 465 39 27 att,
393 464 65 22 sedan
473 472 50 14 man
538 465 7 21 i
560 464 42 22 allo
618 464 96 29 godkänt
729 465 32 20 ett
775 464 88 28 förslag,
878 464 47 22 der-

183 499 36 21 vid
241 499 58 21 fästa
320 499 58 21 vissa
397 500 76 27 vilkor,
491 507 52 14 vara
557 499 125 27 detsamma,
698 506 46 14 som
760 505 34 15 om
809 505 51 15 man
874 499 52 28 inga

183 534 106 21 förbehåll
304 533 84 28 gjorde.
417 534 64 22 Emot
496 534 132 29 Warpenius
638 533 99 22 erinrade
748 533 90 27 talaren,
849 534 31 20 att
892 540 33 14 om

184 568 40 21 ock
242 574 105 22 personer
361 570 50 19 utur
426 568 27 22 de
467 569 67 21 andra
549 568 90 22 stånden
654 568 87 22 komme
755 569 32 21 att
802 568 72 21 betala
888 568 38 22 hö-

184 610 38 20 gre
244 602 128 30 bevillning,
395 605 28 19 än
444 610 104 22 personer
570 603 65 22 bland
652 604 115 27 allmogen,
786 602 60 22 detta
860 603 66 21 likväl

183 638 48 21 icke
253 644 53 14 vore
327 638 66 28 något
415 640 32 19 att
468 638 59 22 hålla
543 639 34 27 på,
593 638 90 21 emedan
699 638 62 21 äfven
777 639 69 20 större
861 637 66 29 utgift

184 672 33 21 för
237 672 49 21 dem
304 672 48 22 icke
370 672 93 29 betydde
478 673 91 27 mindre,
584 674 27 20 än
626 680 28 14 en
668 672 55 22 liten
737 672 34 22 för
786 672 42 22 den
843 672 83 29 fattige.

185 706 93 22 Talaren
298 707 73 21 anhöll
390 708 109 28 slutligen,
519 709 32 19 att
566 708 26 21 de
608 707 24 21 af
644 707 133 22 Kontiainen
792 707 135 21 framställda

185 740 69 22 vilkor
269 741 36 21 vid
321 742 163 29 omröstningen
499 742 66 21 måtte
581 743 7 20 i
603 742 163 28 propositionen
781 743 113 27 upptagas.

252 775 221 29 Landtdagsmannen
486 776 126 22 Heikura
627 776 114 28 godkände
756 777 11 27 $
784 778 17 25 1,
818 776 40 22 och
874 778 53 20 mot-

186 812 55 20 satte
257 810 33 28 sig
305 810 42 22 den
361 811 25 21 af
397 811 162 29 Kumpulainen
573 812 125 28 föreslagna
712 811 132 28 förhöjning.

254 844 220 30 Landtdagsmannen
485 846 145 28 Blomqvist
639 846 62 21 biföll
709 846 81 28 jemväl
799 845 41 21 den
849 846 80 22 eskade

186 879 155 29 bevillningen.

254 913 219 29 Landtdagsmannen
495 915 116 28 Hagman
633 915 53 21 fann
708 915 35 21 det
765 915 164 28 ifrägavarande

187 948 235 29 bevillningsförslaget
437 950 46 21 afse
498 950 23 20 sä
536 950 84 28 nyttiga
636 950 40 20 och
691 950 136 27 nödvändiga
838 949 91 28 företag,

187 984 57 20 samt
257 990 52 14 vara
324 983 107 28 grundadt
445 984 28 28 pä
489 984 23 21 sä
526 984 76 28 billiga
616 984 76 27 vilkor,
708 986 32 19 att
751 984 73 28 ingen,
835 991 47 14 som
892 985 38 20 ön-

188 1017 66 21 skade
275 1024 22 14 se
318 1018 141 22 fosterlandet
475 1018 72 29 fortgä
563 1020 28 27 pä
605 1019 166 28 utvecklingens
784 1019 64 27 bana,
863 1018 67 22 borde

187 1052 74 21 kunna
278 1054 69 19 annat
366 1054 27 19 än
410 1052 107 29 tillstyrka
532 1053 61 21 bifall
608 1053 33 21 till
656 1053 125 21 detsamma.
810 1047 73 27 Äfven
898 1054 32 20 ta-

187 1085 59 22 laren
270 1086 69 21 skulle
361 1087 62 27 gillat
445 1087 37 21 det
500 1087 34 21 till
549 1087 49 22 hela
613 1087 49 22 dess
677 1087 56 28 vidd,
749 1094 49 15 men
814 1087 27 22 dä
856 1087 26 21 de
897 1089 33 20 tre

187 1119 67 22 andra
273 1120 91 21 ständen
387 1121 89 21 beslutit
497 1121 99 29 fräntaga
616 1122 158 21 bondeständet
788 1122 71 21 denna
874 1122 56 21 enda

187 1153 110 29 rättighet,
312 1155 78 21 hvaraf
403 1155 36 22 det
453 1155 55 22 hade
524 1157 71 28 nägon
610 1156 76 27 fördel,
702 1156 109 28 nemligen
824 1157 106 28 rättighe-

187 1190 36 19 ten
238 1189 34 20 till
285 1189 260 29 husbehofsbränningen,
561 1190 109 29 nödgades
686 1191 83 21 talaren
784 1192 102 20 motsätta
896 1191 34 28 sig

187 1222 119 29 bevillning
321 1223 33 22 till
369 1225 68 20 större
453 1225 86 28 belopp,
555 1225 53 22 eller
623 1225 134 22 annorlunda
773 1226 26 20 än
814 1225 58 22 Keto
888 1225 42 21 den

185 1256 121 28 medgifvit.

253 1290 221 29 Landtdagsmannen
496 1292 160 29 Mynttinen
676 1293 93 28 medgaf,
784 1295 31 20 att
830 1293 101 22 ändamä-

185 1325 31 21 let
230 1325 51 22 med
296 1325 40 22 den
352 1326 163 29 ifrägavarande
530 1327 148 29 bevillningen
693 1335 51 14 vore
759 1328 59 29 godt,
838 1335 50 15 men
903 1329 28 21 dä

183 1361 174 27 jordbrukarene
378 1362 67 21 redan
467 1362 58 22 förut
546 1363 55 21 hade
624 1363 24 21 sä
666 1363 78 28 mänga
758 1363 89 29 skatter,
862 1364 68 29 ansäg

187 1395 83 22 talaren
285 1397 33 28 sig
332 1396 53 22 böra
400 1398 103 21 motsätta
517 1397 34 29 sig
565 1398 111 29 förslaget.

254 1430 220 31 Landtdagsmannen
491 1433 108 23 Simolin
614 1433 73 24 anhöll
700 1440 34 16 om
745 1434 135 29 omröstning
890 1435 39 22 och
