995 1703
207 131 41 21 860
485 138 38 16 Den
536 138 21 16 13
572 138 49 21 april.

176 196 118 22 utskottets
314 197 66 21 andra
401 197 129 21 alternativa
550 196 144 26 betänkande,
712 196 141 28 hvarigenom
867 198 61 20 såväl

176 231 93 21 fabriks-
289 238 46 14 som
356 231 226 27 husbehofsbränning
597 230 72 22 blefve
685 230 86 22 tillåten
787 233 58 19 emot
859 232 68 27 högre

178 266 63 26 skatt,
257 266 39 21 och
312 267 31 19 att
358 266 26 20 de
400 266 70 28 öfriga
486 265 89 21 stånden
592 265 69 21 skulle
677 264 101 29 inbjudas
793 267 33 19 att
837 266 46 21 deri
893 266 34 28 sig

176 300 82 21 förena.
288 300 78 20 Denna
388 301 66 27 utväg
477 300 67 28 ansåg
565 299 84 21 talaren
668 306 51 14 vara
740 300 41 20 den
801 300 62 27 enda,
881 307 46 14 som

176 334 73 21 kunde
265 334 107 27 tillgripas
388 334 33 20 för
436 336 32 19 att
483 334 53 21 ernå
551 336 30 18 ett
592 333 201 21 tillfredsställande
804 334 49 21 slut.
869 334 58 21 Hus-

176 368 225 27 behofsbränningens
423 368 134 21 afskaffande
575 368 6 20 i
602 374 27 14 en
647 367 50 21 hast
716 367 86 22 komme
821 370 31 19 att
867 369 59 20 med-

175 403 48 20 föra
238 402 92 28 mycken
346 403 72 20 oreda.
447 403 11 20 I
474 403 66 27 öfrigt
555 402 112 21 anmärkte
683 402 91 27 talaren,
788 404 32 19 att
830 410 51 13 man
891 403 36 21 vid

177 437 159 28 behandlingen
352 437 23 21 af
388 437 208 28 bevillningsfrågan
613 438 72 19 ansett
701 437 20 20 öl
736 437 49 22 icke
800 437 75 22 kunna
889 437 38 22 be-

176 472 75 27 läggas
273 471 50 22 med
346 471 58 21 skatt
426 473 51 20 utan
501 472 42 21 alla
561 471 49 28 fyra
625 472 103 20 ståndens
743 471 69 22 bifall.
841 472 35 21 Då
891 472 36 21 det

176 506 71 27 gällde
268 507 31 20 att
318 506 101 21 beskatta
440 507 97 26 bränvin,
553 506 122 21 förklarade
691 513 49 14 man
756 508 33 19 att
803 507 34 20 tre
853 507 74 21 stånds

176 541 234 20 sammanstämmande
429 541 72 21 beslut
515 541 102 28 utgjorde
633 541 127 20 ständernas
776 541 77 20 beslut.
885 541 41 22 Om

176 577 31 19 ett
222 575 77 21 sådant
314 575 124 21 förfarande
455 575 50 22 ville
521 575 82 21 talaren
619 575 48 21 icke
683 577 57 26 yttra
756 575 33 28 sig
804 575 81 28 vidare,
898 577 27 20 än

175 611 32 19 att
221 609 43 21 han
281 609 161 21 öfverlemnade
457 609 37 21 det
509 611 22 20 åt
546 609 116 21 historiens
677 609 57 21 dom.

243 643 221 28 Landtdagsmannen
487 644 190 27 Pohjalainen
699 651 37 14 var
756 651 52 14 ense
828 645 49 20 med
893 645 32 21 Si-

176 678 65 27 mula,
261 678 40 20 och
321 678 68 28 ansåg
404 680 31 18 att
451 678 66 21 saken
533 678 67 20 borde
616 678 58 20 hvila
689 679 33 19 till
738 679 62 20 nästa
816 679 109 28 landtdag.

242 712 221 28 Landtdagsmannen
481 712 109 21 Simolin
607 712 81 28 gillade
702 712 124 22 Pelkonens
837 713 88 29 förslag.

242 747 223 28 Landtdagsmannen
477 746 95 22 Klami:
586 747 40 21 Att
636 746 121 28 förlikning
765 747 7 20 i
780 747 68 21 saken
859 747 67 22 borde

174 782 88 21 komma
278 782 32 20 till
326 782 70 26 stånd,
413 782 39 21 och
468 789 51 13 vore
535 782 83 21 talaren
634 782 33 20 för
681 782 33 20 sin
730 782 34 20 del
780 782 100 28 benägen
895 784 32 19 att

175 816 114 28 godkänna
312 816 82 27 hvilket
417 816 106 28 antagligt
545 816 82 28 förslag
650 822 46 14 som
716 816 64 21 helst.
810 816 44 22 Det
874 824 51 14 vore

173 851 118 27 ingalunda
307 851 121 21 detsamma
443 858 34 14 om
494 851 71 21 denna
579 850 63 28 fråga
657 850 70 21 skulle
743 851 52 21 falla
806 851 53 21 eller
869 851 56 21 icke.

174 886 94 21 Talaren
287 885 109 25 befarade,
413 887 31 19 att
460 885 55 21 hvad
531 887 27 19 än
573 885 86 21 ståndet
674 885 76 27 gjorde
766 885 33 21 för
814 887 32 19 att
860 886 8 20 i
884 886 42 22 den

175 921 64 21 vinna
259 920 202 21 tillfredsställande
481 920 93 28 lösning,
593 919 37 21 det
646 920 69 20 skulle
731 920 24 21 af
768 920 93 28 mången
876 921 49 21 räk-

174 962 39 14 nas
231 954 50 21 dess
299 954 142 20 medlemmar
457 954 33 21 till
506 954 48 27 last,
569 960 49 14 men
635 954 67 28 derpå
716 954 58 28 finge
790 955 19 27 ej
826 962 29 14 nu
869 956 56 20 afse-

174 988 55 22 ende
244 989 74 20 fästas.
348 988 75 21 Ehuru
438 989 117 20 utskottets
568 988 67 20 andra
646 988 131 22 alternativa
787 989 138 22 betänkande

174 1022 66 21 redan
264 1022 71 21 blifvit
357 1023 100 26 afslaget,
481 1029 36 15 var
541 1022 55 21 dock
618 1023 85 20 talaren
726 1029 52 14 ense
799 1023 49 21 med
866 1023 58 22 Keto

174 1057 81 26 derom,
271 1058 32 20 att
318 1057 38 20 det
365 1057 66 21 borde
443 1057 154 28 återupptagas
608 1057 33 20 till
652 1064 28 21 ny
691 1057 143 28 omröstning.
854 1058 71 28 Ginge

175 1091 36 21 det
221 1091 48 20 icke
280 1091 94 28 igenom,
388 1091 24 21 så
422 1091 72 21 kunde
505 1091 95 21 derefter
610 1091 125 21 Pelkonens
746 1092 82 27 förslag
838 1092 88 22 komma

175 1125 68 21 under
265 1125 125 28 afgörande.
421 1125 112 28 Antingen
556 1125 35 22 det
614 1132 41 14 ena
673 1125 53 21 eller
744 1126 67 21 andra
827 1127 24 20 af
862 1127 63 21 dessa

175 1159 81 27 förslag
271 1161 98 25 antages,
384 1160 68 21 borde
467 1160 141 21 medstånden
624 1160 101 27 inbjudas
741 1162 33 19 att
788 1161 137 21 instämma
913 1155 17 36 i

175 1192 169 22 bondeståndets
359 1194 77 20 beslut.

242 1227 221 27 Landtdagsmannen
479 1228 125 21 Punttala
619 1234 38 14 var
673 1234 51 14 ense
740 1228 50 21 med
803 1228 121 22 Pelkonen.

243 1260 222 27 Landtdagsmannen
485 1261 170 27 Warpenius
675 1262 58 25 ville,
754 1262 92 20 likasom
866 1262 57 21 Keto

176 1294 38 21 och
237 1294 80 26 Klami,
340 1296 32 18 att
393 1294 118 21 utskottets
530 1295 67 21 andra
614 1294 136 22 betänkande
766 1296 66 20 mätte
848 1296 77 22 främst

175 1330 107 27 upptagas
297 1329 33 21 till
346 1328 119 28 afgörande
481 1330 62 27 änyo.
573 1329 94 22 Talaren
683 1330 67 28 ansäg
765 1330 36 21 det
816 1330 48 22 icke
875 1331 49 21 skä-

174 1363 47 28 ligt,
244 1365 32 19 att
296 1363 86 22 ståndet
400 1363 133 22 fortfarande
553 1366 56 19 tvert
623 1365 98 21 motsade
737 1365 43 20 alla
795 1365 129 28 eftergifter.

242 1398 221 29 Landtdagsmannen
485 1399 124 21 Puhakka
632 1399 145 22 understödde
797 1399 68 22 Ketos
885 1401 40 21 och

175 1433 84 22 Klamis
279 1433 89 29 förslag.
398 1433 63 22 Huru
479 1441 50 14 man
545 1435 27 20 än
588 1434 82 28 gjorde,
687 1435 23 20 sä
725 1435 72 21 kunde
812 1435 111 29 utgängen
