973 1706
363 138 38 18 Den
413 136 11 20 5
436 137 42 19 febr.
732 128 39 26 147

120 198 221 30 Landtdagsmannen
356 199 111 21 Tiainen
483 199 85 28 yttrade
584 200 32 19 att
631 198 117 22 utskottets
764 199 36 21 be-

53 234 110 21 tänkande
175 234 66 21 borde
252 234 126 28 godkännas
389 234 39 21 och
440 234 83 20 säledes
537 233 210 28 petitionsförslaget
757 233 44 21 för-

53 269 79 21 kastas.

120 302 221 28 Landtdagsmannen
365 302 110 21 Simolin
498 302 68 27 ansäg
581 304 31 19 att
626 302 36 21 det
673 302 127 28 visserligen

53 337 73 21 kunde
145 344 51 14 vara
216 338 39 20 bra
277 344 35 14 om
335 336 176 22 kronoboställen
532 337 58 27 finge
610 336 111 29 försäljas,
745 344 57 14 eme-

56 372 42 20 dan
114 371 27 21 de
157 378 29 14 nu
202 372 46 20 ofta
263 371 157 27 vanvärdades,
436 378 49 14 men
502 371 51 21 ville
569 371 55 21 dock
638 371 117 28 godkänna
770 373 32 20 ut-

54 406 93 21 skottets
161 406 144 21 betänkande.

122 440 126 22 Utskottets
263 440 138 23 betänkande
417 440 132 29 godkändes.

122 516 124 28 Föredrogs
265 516 255 28 expeditionsutskottets
535 515 123 29 uppgjorda
673 516 82 28 förslag
770 515 33 23 till

54 551 21 28 ej
90 551 84 21 mindre
190 551 106 21 Finlands
312 551 97 21 ständers
423 551 149 27 underdäniga
583 558 48 14 svar
642 551 12 20 å
665 551 79 28 nådiga
754 559 49 20 pro-

54 585 123 28 positionen
194 585 112 28 angäende
322 585 105 22 särskilda
442 585 152 28 förändringar
609 585 24 22 af
646 585 85 22 landets
742 587 62 26 mätt,

55 620 44 21 mäl
110 620 39 21 och
164 620 56 28 vigt,
236 622 27 19 än
274 621 42 20 den
327 620 122 27 skrifvelse,
464 620 122 28 hvarjemte
597 620 66 29 sagde
674 628 48 14 svar
733 621 70 21 skulle

54 655 34 20 till
103 655 21 21 h.
141 661 46 15 exec.
202 655 227 28 generalguvernören
445 655 61 22 öfver
520 655 94 21 Finland
626 655 57 28 afgä.

124 689 138 22 Godkändes.

124 753 147 22 Talemannen
295 754 113 21 anmärkte
431 755 32 19 att
484 753 211 28 landtdagsmännen
714 754 90 21 Arvelin

56 788 40 21 och
113 782 91 34 Östring
219 788 91 21 anhällit
326 795 34 14 om
377 789 10 20 1
404 788 79 21 veckas
502 788 96 28 ledighet
614 788 47 21 frän
678 789 125 27 göromälen

55 823 37 21 vid
106 823 142 28 landtdagen,
264 823 84 21 hvilket
362 823 79 21 bifölls.

126 857 126 22 Justerades
267 857 133 29 protokollet
415 857 33 22 för
464 857 42 22 den
523 858 25 21 19
561 858 93 27 januari.

126 893 175 21 Sammanträdet
316 892 101 21 slutades.

584 939 21 17 In
618 939 51 18 fidem

554 973 53 19 Karl
626 971 78 21 Limön.

238 1089 48 21 Den
300 1089 14 20 5
324 1088 106 29 februari,
454 1088 89 21 klockan
559 1088 27 21 10
596 1088 50 29 före
660 1088 118 29 middagen.

127 1145 137 22 Protokollet
280 1145 72 22 fördes
372 1145 24 22 af
409 1145 174 27 undertecknad,
599 1145 209 29 historico-filologie

58 1180 111 21 kandidat.

129 1242 127 21 Justerades
272 1243 48 28 fyra
335 1243 206 28 protokollsutdrag,
562 1243 36 21 tvä
613 1243 33 21 för
660 1243 42 21 den
718 1243 27 21 29
761 1243 47 21 sist-

61 1276 93 22 förlidne
168 1277 87 28 januari
271 1277 39 21 och
326 1278 35 20 tvä
377 1277 34 21 för
426 1278 40 21 den
483 1278 13 20 2
511 1277 7 21 i
533 1277 71 21 denne
618 1277 86 21 mänad.

130 1345 122 28 Föredrogs
273 1347 154 20 sammansatta
451 1347 63 20 stats-
534 1345 40 22 och
594 1345 217 29 bevillningsutskot-

63 1381 43 19 tets
119 1379 137 22 betänkande
272 1380 8 20 i
295 1379 118 28 anledning
427 1380 24 21 af
464 1380 29 21 H.
508 1379 28 22 K.
554 1379 51 21 M:ts
619 1380 79 28 nädiga
713 1381 98 28 proposi-

63 1415 45 20 tion
134 1421 34 14 om
193 1414 95 21 revision
314 1414 24 21 af
354 1414 184 29 författningarna
558 1414 111 28 angående
689 1415 123 28 kartasigil=

63 1449 153 27 lata-afgiften.
