986 1703
216 134 41 22 804
502 140 38 16 Den
554 140 21 16 10
587 139 49 22 april.

187 199 52 21 Men
260 199 26 21 de
305 198 56 22 hade
377 198 55 22 dock
447 198 63 21 bordt
524 198 36 21 vid
575 198 67 27 köpet
657 198 66 20 tänka
738 197 63 21 äfven
817 198 28 28 på
860 198 76 28 laglig-

187 234 67 20 heten
269 233 25 21 af
307 234 47 20 sina
369 232 138 28 fångesmäns
523 232 101 21 åtkomst.
654 232 34 20 De
699 231 56 21 hade
765 231 64 21 bordt
839 232 97 26 besinna,

187 269 32 19 att
234 267 42 21 den
291 267 59 21 tiden
366 266 70 21 skulle
450 266 94 27 komma,
561 266 26 20 då
603 266 26 20 de
644 266 70 20 måste
727 268 52 25 göra
789 266 52 21 redo
852 266 34 20 för
897 266 39 28 sig.

187 302 34 20 De
237 301 55 21 hade
307 301 67 21 likväl
390 301 64 21 afsett
465 301 76 21 endast
551 300 33 20 sin
595 306 56 21 egen
662 300 70 21 fördel
744 300 39 21 och
794 300 63 21 vinst.
878 300 59 20 Bön-

188 335 78 22 dernes
285 336 44 19 rätt
348 335 39 20 och
406 336 46 19 röst
466 334 78 21 hördes
559 334 97 21 hvarken
672 334 36 21 vid
723 334 146 21 domstolarne
885 334 53 21 eller

188 371 60 19 utom
271 369 56 20 dem.
356 369 52 20 Man
430 368 86 21 kallade
537 368 48 21 dem
606 367 34 27 dä,
656 368 70 21 säsom
742 368 68 27 alltid,
825 368 34 21 för
874 368 63 21 tokar

188 404 40 21 och
244 402 169 23 dumhufvuden.
442 402 51 21 Man
508 401 123 22 förklarade
647 403 32 20 att
695 402 26 20 de
736 402 49 21 icke
795 402 97 21 förstodo
904 402 33 21 sin

188 438 45 27 sak,
257 437 33 22 sin
313 439 43 19 rätt
376 437 40 20 och
435 437 39 20 sitt
487 437 69 26 bästa,
573 436 39 21 och
627 443 50 14 man
692 436 119 28 tillegnade
826 436 33 29 sig
874 436 63 21 deras

189 471 114 28 egendom.
332 471 42 26 De,
397 478 46 14 som
466 473 43 18 satt
532 472 47 19 sina
601 471 101 20 hemman
723 470 7 21 i
749 471 62 20 skick
829 471 40 21 och
884 477 54 22 upp-

189 506 43 21 fört
255 506 22 21 åt
299 505 34 28 sig
352 505 56 28 goda
428 505 146 28 äbyggnader,
593 505 51 20 dref
656 512 50 13 man
722 505 47 20 från
786 505 62 21 deras
863 505 75 28 lägen-

188 540 70 24 heter.
289 539 46 21 Och
350 539 35 21 väl
400 546 38 14 var
454 539 36 21 det
505 546 34 14 om
555 539 26 21 de
596 539 48 21 icke
660 539 73 20 dertill
748 540 58 20 ännu
821 540 69 20 mäste
902 539 36 21 be-

189 574 44 23 tala
249 574 95 20 husröta.
375 572 41 22 Om
432 574 71 26 nägon
519 574 8 20 i
543 573 73 21 landet
631 573 93 21 behöfde
741 572 69 29 skydä
825 573 24 21 af
862 574 42 27 lag,
916 574 22 20 sä

188 614 53 16 vore
257 608 36 21 det
307 608 61 20 desse
384 608 141 21 landbönder.
553 607 175 21 Innehafvarene
739 607 24 21 af
771 608 167 27 donationsgod-

190 650 39 14 sen
243 642 68 22 borde
327 642 47 21 icke
390 642 144 21 tillförsäkras
549 641 58 28 höga
621 642 77 28 priser,
714 642 56 21 efter
782 642 117 29 värdering
910 642 30 21 el-

189 678 34 20 ler
245 677 71 28 eljest.
345 676 34 21 De
402 676 67 21 borde
492 676 82 21 erhålla
594 676 77 21 endast
685 676 57 21 hvad
757 676 27 21 de
799 677 75 26 betalt,
889 677 50 20 med

189 713 63 20 ränta
274 711 59 22 derå.
362 710 173 28 Ridderskapets
556 710 40 21 och
616 710 76 21 adelns
711 711 77 26 beslut,
805 718 34 14 om
855 711 83 21 talaren

189 745 84 22 mindes
289 745 36 22 det
340 747 50 25 rätt,
405 745 110 21 innehölle
531 747 32 19 att
577 744 165 22 donatariernas
755 747 44 19 rätt
808 745 68 22 borde
886 752 53 21 nog-

189 781 80 27 grannt
279 779 142 27 undersökas,
431 780 67 20 innan
508 779 157 28 lägenheterna
675 779 96 21 inlöstes.
793 779 79 22 Denna
883 780 57 27 åsigt

190 814 92 28 gillades
305 814 24 21 af
348 814 90 21 talaren.
468 813 113 22 Utskottet
601 813 55 22 hade
676 813 99 22 deremot
789 814 7 20 i
812 815 37 20 sitt
864 814 75 21 betän-

189 848 72 22 kande
275 848 120 28 föreslagit,
414 849 31 19 att
460 848 157 28 lägenheterna
633 847 70 22 skulle
718 848 81 21 inlösas
814 849 52 20 utan
882 849 57 20 före-

189 884 88 27 gången
291 882 169 27 undersökning.
490 882 67 21 Detta
570 882 72 21 blefve
653 882 113 21 kostsamt.
789 883 41 21 Om
842 883 97 22 deremot

190 917 161 28 ridderskapets
366 917 40 20 och
422 917 74 20 adelns
512 917 72 20 beslut
599 918 98 27 antoges,
712 917 71 20 skulle
792 917 148 22 kostnaderna

190 951 158 28 förmodeligen
363 951 69 21 blifva
446 951 50 20 vida
511 951 91 26 mindre,
618 950 91 21 emedan
725 951 215 22 donationsinnehaf-

191 991 92 15 varenes
305 985 95 27 anspråk
422 984 48 21 icke
493 985 76 20 stödde
589 985 34 27 sig
641 985 12 20 å
667 985 68 27 laglig
751 985 76 27 grund.
857 985 84 22 Härvid

191 1020 69 19 mötte
280 1018 67 21 likväl
368 1018 41 21 den
425 1018 145 27 svårigheten,
586 1020 32 19 att
632 1018 164 21 landbönderna
811 1019 129 22 undertiden

190 1052 73 21 blefve
278 1051 92 29 plågade
386 1052 24 21 af
423 1052 104 21 herrarna
543 1052 40 21 och
597 1051 83 22 kanske
695 1052 70 21 drifna
775 1052 49 21 bort
834 1053 48 21 från
893 1053 47 22 sina

190 1085 134 29 lägenheter.
353 1085 35 21 De
403 1088 73 19 värsta
491 1087 84 20 tiderna
589 1086 35 21 för
640 1085 169 28 landbönderna,
825 1087 41 21 den
880 1087 60 22 tiden

190 1119 28 22 då
233 1120 26 21 de
275 1119 89 21 allmänt
379 1119 104 28 plågades
497 1120 51 21 med
563 1120 159 27 ingvartering,
735 1120 91 21 hotades
841 1123 32 19 att
888 1121 52 21 drif-

190 1160 38 14 vas
248 1153 49 22 från
316 1153 157 28 lägenheterna
492 1154 40 21 och
547 1155 64 26 göras
626 1154 34 20 till
675 1154 136 27 lösdrifvare,
826 1157 56 19 samt
896 1155 44 21 för-

191 1187 38 21 des
245 1188 22 20 in
282 1187 29 28 på
325 1187 115 21 herrarnas
456 1187 78 22 kontor
549 1188 41 21 och
602 1187 109 28 piskades,
722 1188 39 21 allt
772 1189 33 21 för
816 1191 31 19 att
857 1189 22 21 få
890 1189 49 22 dem

190 1223 33 19 att
237 1221 153 22 underskrifva
405 1221 128 22 kontrakter
549 1221 49 22 med
613 1223 110 26 herrarna,
744 1222 72 21 kunde
831 1223 109 22 härunder

190 1255 143 20 återkomma.
362 1255 36 21 Då
417 1255 84 21 talaren
519 1256 119 21 besinnade
657 1256 44 21 alla
721 1255 63 22 dessa
799 1257 141 28 svårigheter,

190 1288 72 21 blefve
278 1288 83 21 talaren
377 1288 127 28 tvehogsen,
520 1296 35 14 om
570 1289 89 21 hvilken
675 1288 90 29 mening
779 1290 39 21 här
833 1297 51 15 vore
897 1293 43 19 rät-

186 1324 48 21 tast
254 1325 32 19 att
306 1323 59 28 följa,
385 1323 40 22 och
440 1323 105 22 föranläts
559 1323 86 22 derföre
659 1324 94 27 anhålla,
768 1327 31 19 att
814 1325 50 22 med
878 1327 62 20 ären-

186 1357 53 21 dets
253 1357 119 29 afgörande
388 1357 73 22 kunde
476 1358 83 22 lemnas
573 1358 89 22 rådrum
678 1359 33 21 till
730 1359 4 20 i
749 1366 97 22 morgon,
861 1361 29 27 på
905 1360 36 21 det

185 1392 89 21 talaren
284 1392 88 21 komme
373 1388 10 38 i
400 1392 86 21 tillfälle
497 1394 31 20 att
538 1394 124 26 noggrannt
673 1393 117 29 öfverväga
800 1394 74 22 saken.
894 1394 46 22 Och

188 1426 55 22 wille
258 1426 84 22 talaren
358 1427 96 28 tillägga,
468 1428 31 20 att
514 1434 35 15 om
565 1428 86 22 ståndet
665 1427 100 23 biträdde
780 1428 162 30 ridderskapets
