967 1698
359 114 38 17 Den
410 114 8 17 1
432 113 48 24 april,
723 109 41 22 663

117 174 142 22 Medstånden
275 174 39 22 och
330 173 243 30 expeditionsutskottet
592 174 69 22 skulle
682 181 35 16 om
732 175 59 22 detta

51 208 70 22 beslut
136 209 109 22 meddelas
260 209 158 21 underrättelse
433 216 78 21 genom
526 209 203 29 protokollsutdrag.

119 277 33 20 En
168 277 126 28 deputation
309 277 48 21 från
376 277 170 29 prestaståndet,
566 277 77 21 anförd
662 277 25 21 af
703 279 88 26 prosten

51 311 108 28 Alopeus,
175 311 126 21 meddelade
315 312 20 27 ej
352 312 82 21 mindre
450 313 32 20 att
497 311 85 21 ståndet
595 311 33 20 till
642 311 103 28 pröfning
759 312 32 20 fö-

51 345 72 22 rehaft
142 345 40 21 och
201 345 80 22 bifallit
296 352 27 14 en
343 346 47 21 från
409 345 150 29 ridderskapet
579 345 40 21 och
642 345 63 21 adeln
726 345 65 21 fram-

52 379 64 22 ställd
131 379 130 29 inbjudning
275 381 33 20 att
322 380 32 21 uti
361 380 163 29 propositionen
535 386 34 15 n:o
580 380 34 27 38,
625 379 112 29 angående
748 380 42 21 till-

53 414 106 28 verkning
175 414 39 21 och
229 414 130 29 försäljning
374 415 24 21 af
411 415 89 22 bränvin
515 415 7 21 i
536 413 102 28 Finland,
653 415 67 21 måtte
736 414 56 21 stad-

53 456 39 21 gas
107 449 36 21 det
159 449 113 28 styrelsen,
283 449 72 21 derest
364 449 76 21 sådant
455 449 77 22 funnes
548 448 88 29 nödigt,
653 449 54 28 egde
723 449 70 21 tillåta

52 485 33 19 att
102 483 37 21 det
159 483 121 21 fastställda
301 483 255 29 tillverkningsbeloppet
577 483 112 27 4,300,000
710 483 83 21 kannor

54 517 80 21 ökades
149 517 50 21 med
213 518 48 27 508,
272 519 27 20 än
309 518 42 20 ock
361 518 171 28 prestaståndets
547 518 71 21 beslut
629 518 111 28 angående
751 518 42 20 för-

54 552 118 27 delningen
188 552 22 20 af
224 552 196 21 bränvinsskatten.

121 620 122 29 Föredrogs
252 620 96 22 ståndets
357 620 98 22 enskilda
462 620 181 22 besvärsutskotts
652 620 143 27 betänkande,

54 654 8 21 i
77 654 118 29 anledning
210 655 23 21 af
245 654 34 22 till
293 654 85 22 ståndet
393 654 83 29 ingifne
491 654 197 29 petitionsförslag,
703 655 92 21 rörande

55 689 106 21 särskilda
175 689 150 28 förändringar
339 689 7 21 i
357 690 65 20 sättet
432 689 34 21 för
476 688 188 29 kronoskogarnes
680 689 114 21 vårdande.

122 723 90 27 Bifölls;
228 724 40 21 och
283 723 70 21 skulle
368 723 135 29 underdånig
517 723 94 29 petition
622 723 7 21 i
640 723 97 29 enlighet
747 723 49 21 med

56 758 115 21 utskottets
187 758 80 28 förslag
282 758 33 21 till
331 758 27 21 H.
373 757 28 21 K.
418 758 40 21 M:t
472 758 100 27 ingifvas.

123 826 122 29 Föredrogs
260 827 24 21 af
297 827 95 21 ständets
403 826 98 22 enskilda
516 826 171 22 besvärsutskott
707 826 90 28 afgifvet

55 861 145 28 betänkande,
211 861 8 21 i
229 861 118 28 anledning
362 862 24 20 af
398 861 208 28 landtdagsmännen
621 861 122 28 Paajanens
757 861 40 21 och

56 897 129 21 Haikonens
199 896 187 29 petitionsförslag
402 903 34 14 om
459 895 93 29 ändring
566 896 6 20 i
591 895 158 28 stadganderna
764 896 33 21 rö-

57 932 66 21 rande
139 931 136 28 svedjebruk.

126 965 152 21 Betänkandet
293 965 82 28 bifölls;
396 965 39 21 och
450 965 70 21 skulle
535 964 134 29 underdänig
683 964 92 29 petition
790 964 8 21 i

59 1000 96 29 enlighet
171 1000 48 21 med
234 1000 116 21 utskottets
365 1000 82 28 förslag
462 1000 32 21 till
509 1000 28 21 H.
552 999 27 21 K.
595 999 40 21 M:t
649 998 100 29 ingifvas.

126 1070 122 27 Föredrogs
264 1069 24 21 af
301 1068 95 22 ständets
412 1069 98 22 enskilda
524 1068 171 22 besvärsutskott
710 1068 89 28 afgifvet

59 1104 143 26 betänkande,
212 1104 8 20 i
229 1103 117 29 anledning
361 1104 24 20 af
398 1104 211 28 landtdagsmannen
624 1102 124 22 Pelkonens
763 1109 37 21 pe-

58 1138 158 28 titionsförslag
238 1146 35 13 om
289 1140 31 18 ett
335 1137 64 28 årligt
421 1138 130 27 statsanslag
572 1137 24 21 af
609 1138 56 20 8000
688 1137 61 21 mark
767 1136 33 21 till

59 1172 70 22 finska
144 1172 235 28 litteratursällskapet.

128 1206 84 21 Bifölls.
245 1206 141 28 Underdänig
404 1206 92 28 petition
518 1205 69 21 skulle
607 1205 8 21 i
635 1204 96 29 enlighet
753 1204 50 22 med

61 1241 37 21 det
112 1241 23 21 af
148 1241 107 21 utskottet
270 1240 83 28 afgifna
367 1240 82 29 förslag
464 1240 33 21 till
512 1240 28 21 H.
556 1240 27 21 K.
598 1240 40 21 M:t
653 1240 100 28 ingifvas.

129 1309 82 21 Vidare
229 1309 113 27 föredrogs
362 1309 24 21 af
402 1309 96 21 ständets
518 1308 97 22 enskilda
632 1308 173 21 besvärsutskott

62 1343 91 28 afgifvet
168 1343 143 26 betänkande,
326 1343 7 21 i
349 1343 117 28 anledning
485 1343 25 21 af
522 1342 208 28 landtdagsmannen
747 1341 57 21 Tiai-

62 1383 54 15 nens
131 1377 40 21 hos
186 1377 86 21 ståndet
287 1377 77 20 väckta
378 1376 186 28 petitionsförslag
579 1375 111 28 angående
709 1375 97 28 förhöjdt

64 1418 77 15 ansvar
155 1411 34 22 för
204 1411 95 22 åverkan
315 1412 6 19 i
337 1411 60 28 skog.
