967 1698
349 125 38 16 Den
400 124 22 17 24
434 129 51 12 mars.
723 119 41 20 587

43 184 34 20 till
97 185 27 26 3
144 184 91 26 mantal,
258 183 40 22 och
319 183 83 22 således
422 184 49 21 icke
491 189 38 16 ens
549 183 73 22 kunde
642 184 58 20 lefva
719 184 23 20 af
756 184 37 21 sitt

41 218 108 27 jordbruk
169 217 81 28 allena,
270 219 53 19 utan
341 218 69 20 måste
431 217 105 28 derjemte
552 218 183 27 begagna.andra
750 217 43 21 för-

44 251 136 21 värfskällor.
209 252 97 27 Mången
324 258 38 14 var
381 251 48 21 icke
451 258 38 14 ens
505 251 52 28 sjelf
570 258 65 20 egare
651 251 24 20 af
688 251 42 21 den
742 251 51 27 jord

44 285 43 20 han
103 285 78 20 skötte.
212 285 93 20 Talaren
321 285 115 28 godkände
452 285 86 20 derföre
553 285 118 20 utskottets
687 291 107 14 samman-

42 319 217 28 jemkningsförslag.

112 353 222 28 Landtdagsmannen
349 353 114 21 Brusila
479 353 67 28 ansåg
560 353 28 28 på
603 353 54 27 skäl,
673 360 45 14 som
734 353 60 28 Hag-

44 394 49 14 man
109 387 125 27 framhållit,
251 389 31 19 att
292 387 137 26 rusthållare,
445 387 145 21 nämndemän
601 388 39 20 och
651 387 141 28 frälselägen-

43 421 191 21 hetsinnehafvare
260 421 34 21 väl
314 421 67 21 borde
401 421 99 28 begagna
519 421 68 28 högre
608 422 63 20 karta
693 421 33 21 till
750 421 42 28 lys-

44 455 143 28 ningssedlar,
210 462 51 14 men
283 455 51 22 ville
357 455 55 21 dock
432 455 116 28 godkänna
567 455 118 22 utskottets
701 455 91 28 förslag,

44 489 56 22 helst
116 497 27 13 en
159 489 77 29 dyrare
251 490 64 21 karta
329 489 48 22 icke
392 489 39 28 gaf
443 490 68 28 högre
526 490 116 21 anseende.

115 524 221 29 Landtdagsmannen
352 524 199 22 Teräsrautila
560 532 38 14 var
609 531 51 15 ense
672 524 50 22 med
732 524 59 28 Hag-

45 554 57 38 man.
173 584 3 1 N

112 593 44 21 Vid
171 593 94 21 anställd
279 593 100 28 votering
393 593 92 27 gillades
498 593 118 21 utskottets
627 594 167 27 sammanjemk-

43 628 149 28 ningsförslag
207 627 50 21 med
272 628 27 20 20
314 628 70 20 röster
400 629 44 19 mot
461 628 32 20 14.

112 662 11 27 8
132 662 20 27 5,
160 669 49 21 pag.
224 662 33 21 20.
277 662 121 27 Angående
406 662 167 28 privilegiebref
579 662 33 20 för
620 662 99 21 kaffehus
728 670 27 14 m.
766 670 26 13 m.

112 696 223 28 Landtdagsmannen
350 696 132 28 Paajanen
496 696 83 28 yrkade
589 698 32 19 att
631 697 87 21 ståndet
729 698 66 20 måtte

45 730 103 22 vidblifva
164 730 38 21 sitt
217 730 59 22 förra
291 730 78 22 beslut.

113 764 222 28 Landtdagsmannen
351 765 113 21 Tiainen
479 765 96 28 yttrade,
591 767 32 19 att
637 766 12 27 8
664 766 48 20 icke
728 766 66 20 borde

46 800 24 21 sä
84 800 91 26 förstäs,
194 806 46 14 som
257 799 69 21 skulle
341 806 51 14 man
408 799 125 28 derigenom
553 799 112 28 förbjudas
684 800 32 20 att
732 801 14 19 t.
763 807 33 13 ex.

46 834 54 28 sälja
120 834 22 21 &t
161 840 27 15 en
206 833 93 22 resande
315 840 26 15 en
357 834 58 27 kopp
430 834 68 27 kaffe,
521 835 52 20 utan
593 834 62 27 afsäg
670 834 126 21 densamma

46 868 76 21 endast
141 868 59 26 dem,
223 875 46 14 som
285 868 76 28 gjorde
377 867 60 22 detta
452 869 33 20 till
501 870 32 19 ett
547 868 63 28 yrke,
633 869 54 20 eller
701 868 46 21 höll
763 869 32 20 sä-

44 903 41 20 dan
106 903 82 20 rörelse
209 903 13 20 &
241 902 200 28 marknadsplatser
460 902 53 21 eller
534 903 69 20 större
623 903 94 20 fabriks-
740 903 54 20 eller

44 937 222 28 bruksinrättningar,
281 937 36 21 vid
331 936 74 22 hvilka
420 937 37 21 det
472 943 51 15 vore
539 936 24 22 af
577 936 78 22 nöden.

112 971 222 28 Landtdagsmannen
349 971 96 21 Holma
461 970 124 27 anmärkte,
606 972 31 20 att
653 971 142 27 näringsstäl-

44 1006 37 20 len
101 1006 35 20 väl
157 1005 35 21 vid
208 1005 199 28 marknadsplatser
423 1005 40 21 och
477 1005 96 21 fabriker
589 1005 71 21 kunde
676 1012 52 14 vara
743 1005 53 21 nöd-

45 1039 100 28 vändiga,
161 1046 49 14 men
226 1039 53 21 ville
294 1039 48 21 icke
357 1040 33 19 att
405 1039 80 21 sädana
499 1040 7 20 i
521 1039 120 21 allmänhet
655 1039 58 28 finge
730 1039 66 21 inrät-

44 1076 34 18 tas
98 1074 28 28 pä
145 1073 84 27 landet,
250 1073 92 21 emedan
358 1072 37 22 det
410 1072 70 22 skulle
495 1072 149 22 ästadkomma
660 1074 59 20 stora
734 1074 62 20 oord-

46 1107 84 29 ningar.

113 1141 157 22 Sekreteraren
291 1141 111 28 upplyste,
425 1143 32 19 att
477 1140 76 22 härvid
573 1141 90 21 alldeles
679 1141 49 21 icke
744 1148 51 14 vore

46 1176 61 28 fråga
122 1183 35 13 om
171 1176 134 27 rättigheten
321 1176 31 20 att
367 1176 94 27 anlägga
475 1174 115 27 värdshus,
609 1174 99 22 kaffehus
724 1182 27 13 m.
768 1183 26 13 m.

45 1210 28 28 på
91 1209 85 27 landet,
198 1211 53 19 utan
271 1209 76 21 endast
367 1216 34 14 om
416 1209 163 21 bestämmande
595 1209 24 21 af
632 1209 75 21 värdet
722 1209 24 20 af
760 1210 36 20 det

46 1243 119 29 stämplade
181 1250 89 21 papper,
289 1243 82 28 hvarpå
385 1244 129 26 resolution,
537 1243 142 27 hvarigenom
695 1243 43 21 slik
752 1245 43 19 rät-

46 1278 71 28 tighet
132 1277 148 27 meddelades,
295 1277 66 21 borde
377 1278 99 20 skrifvas.

113 1345 87 22 Ankom
216 1352 28 14 en
259 1345 127 28 deputation
402 1346 49 20 från
469 1344 190 29 borgareståndet,
682 1344 78 22 anförd
775 1345 24 21 af

46 1381 50 20 herr
110 1380 165 28 borgmästaren
289 1380 140 28 Tengström,
445 1379 89 22 hvilken
547 1379 137 27 meddelade,
700 1380 32 19 att
747 1379 49 21 bor-

46 1414 140 30 gareståndet
212 1415 85 30 antagit
319 1414 161 31 ridderskapets
505 1414 40 22 och
567 1413 75 23 adelns
665 1413 133 29 inbjudning
