967 1703
198 130 41 22 234
478 135 37 18 Den
528 134 21 17 15
562 133 41 19 febr.

236 195 34 21 På
292 194 136 21 framställda
450 194 161 28 propositioner
632 193 72 22 beslöt
726 193 86 22 ståndet
834 194 32 20 att
885 193 33 21 uti

168 229 167 28 ifrågavarande
355 229 12 26 &
387 228 67 21 borde
473 228 83 21 införas
576 228 7 21 i
604 227 68 21 första
691 234 65 15 mom.
776 228 55 21 efter
850 227 68 22 orden

170 264 35 26 »af
217 264 48 21 vice
281 262 156 21 ordföranden"
453 262 96 28 följande
564 262 78 28 tillägg
657 262 65 27 eller
732 262 8 21 i
750 261 103 22 händelse
870 261 48 22 ord-

169 297 91 22 förande
281 297 54 21 eller
352 297 47 20 vice
415 296 130 21 ordförande
561 296 48 21 icke
624 296 69 21 finnes
709 296 24 21 af
746 296 172 28 kyrkoherden",

168 332 40 20 och
223 331 7 21 i
247 329 53 23 sista
315 331 54 20 eller
392 331 5 20 3
413 337 64 14 mom.
493 330 113 28 angående
620 330 91 21 kallelse
727 331 35 19 till
781 330 136 21 kommunal-

169 367 93 19 stämma
277 365 55 21 efter
348 364 62 21 ordet
425 364 124 22 kallelsetid
563 364 96 28 följande
674 364 91 28 mening
781 370 59 20 ,som
850 364 68 21 likväl

168 400 49 21 icke
232 400 8 21 i
255 400 72 27 någon
342 398 103 22 händelse
460 399 35 21 må
510 398 127 29 understiga
652 398 45 22 åtta
712 398 88 29 dagar".

236 434 13 21 I
263 433 67 29 öfrigt
344 433 126 29 godkändes
485 434 12 28 $
513 434 32 20 17.

511 486 12 26 8
540 485 32 21 18.

235 520 222 28 Landtdagsmannen
472 519 118 29 Hagman
606 518 86 29 yttrade
707 520 32 20 att
754 519 43 21 han
812 518 8 22 i
833 518 84 22 utskot-

168 557 32 20 tet
214 556 124 20 reserverat
352 554 33 28 sig
400 555 45 19 mot
461 554 166 28 ifrågavarande
643 554 22 27 &,
681 553 40 21 och
736 553 82 28 yrkade
834 554 31 20 att
880 553 38 21 det

167 590 23 21 af
205 590 80 20 honom
296 589 8 20 i
317 588 164 21 reservationen
496 588 135 21 framställda
642 588 92 27 förslag,
750 587 113 28 angäende
874 588 42 20 ter-

167 624 100 21 minerna
287 622 34 21 till
341 622 26 22 de
386 622 109 21 ordinarie
510 622 270 26 kommunalstämmorna,
796 622 68 20 mätte
879 628 37 14 an-

166 660 72 25 tagas,
255 656 90 23 emedan
364 656 26 22 de
406 656 24 21 af
443 656 107 22 utskottet
564 656 8 21 i
590 656 77 21 sädant
682 656 103 21 afseende
800 655 116 22 förordade

167 691 207 28 tidsbestämningar
384 697 52 14 voro
447 690 89 21 alldeles
547 690 124 28 olämplige.

234 725 223 28 Landtdagsmannen
477 719 118 33 Östring
610 724 95 28 begärde
720 724 107 28 votering.

234 760 63 21 Efter
317 759 122 22 framställd
458 759 135 29 proposition
614 759 47 21 blef
679 765 79 22 genom
781 758 136 28 omröstning

165 796 114 28 Hagmans
301 795 8 20 i
331 795 54 20 hans
409 794 134 21 reservation
566 793 135 22 framställda
723 793 83 28 förslag
828 794 90 27 antaget

165 830 50 22 med
230 830 27 21 29
273 830 71 20 röster
358 830 45 19 mot
420 829 18 20 7.

232 864 11 21 I
259 864 68 28 öfrigt
342 863 91 28 gillades
449 864 18 26 $.

405 915 24 27 88
446 915 33 26 19,
495 915 34 26 20,
545 915 24 20 21
587 914 41 21 och
643 915 34 20 22.

235 949 138 22 Godkändes.

511 984 11 27 8
538 983 34 21 23.

233 1018 222 28 Landtdagsmannen
475 1017 120 28 Hagman
615 1017 113 21 anmärkte
743 1019 33 19 att
790 1017 43 21 han
849 1017 67 21 redan

164 1054 8 21 i
186 1054 107 20 utskottet
308 1052 47 21 haft
370 1059 73 14 annan
458 1052 57 28 åsigt
531 1051 112 29 angående
654 1051 37 21 det
700 1052 101 26 röstetal,
817 1052 34 20 för
861 1052 55 20 hvil-

164 1089 38 20 ket
218 1095 27 13 en
260 1094 80 21 person
355 1086 58 28 finge
429 1088 65 19 rösta.
525 1086 44 20 Det
584 1086 72 20 kunde
672 1086 112 27 nemligen
798 1086 72 21 hända
884 1088 32 19 att

165 1129 26 14 en
207 1128 81 22 person
304 1120 55 28 egde
374 1120 94 26 hälften,
485 1127 27 14 en
528 1120 107 27 tredjedel
650 1120 53 21 eller
719 1121 13 19 2
747 1120 132 28 tredjedelar
894 1120 24 20 af

164 1156 146 21 kommunens
323 1154 50 28 jord
389 1154 40 21 och
445 1154 99 21 skattade
555 1154 96 20 derefter
661 1154 34 20 till
705 1154 139 21 kommunen.
874 1154 41 21 Om

164 1191 44 20 han
224 1190 27 20 då
266 1189 48 21 icke
329 1188 58 28 finge
403 1190 59 19 rösta
477 1189 33 20 för
526 1194 60 15 mera
601 1189 28 19 än
645 1194 27 14 en
687 1188 102 27 sjettedel
804 1188 24 20 af
842 1188 26 20 de
879 1188 36 21 vid

165 1226 106 19 stämman
286 1222 180 28 representerade
481 1222 116 26 mantalen,
613 1222 23 20 så
646 1222 68 27 ansåg
724 1222 84 21 talaren
819 1224 32 19 att
861 1222 55 21 hans

164 1259 43 19 rätt
222 1263 52 14 vore
289 1256 90 25 kränkt,
396 1256 91 20 emedan
502 1256 69 26 några
585 1255 32 26 få,
634 1262 45 13 som
695 1256 83 20 betalte
786 1255 84 21 mindre
881 1256 34 20 till

164 1291 143 25 kommunen,
322 1289 73 21 kunde
410 1290 87 19 komma
514 1288 106 21 tillstädes
636 1289 40 20 och
693 1289 120 20 öfverrösta
827 1289 88 21 honom.

232 1324 222 28 Landtdagsmannen
477 1323 66 21 Keto
566 1323 86 28 yttrade
668 1325 32 19 att
715 1330 35 14 om
765 1323 102 29 Hagman
884 1324 31 20 äf-

163 1367 42 14 ven
221 1360 13 20 å
249 1366 42 14 ena
305 1358 60 21 sidan
380 1358 73 21 kunde
469 1358 66 21 hafva
551 1358 46 21 skäl
608 1358 33 20 till
653 1358 32 21 sin
697 1358 150 28 anmärkning,
863 1365 51 14 vore

164 1395 36 21 det
215 1395 13 20 å
242 1393 69 22 andra
326 1393 61 21 sidan
402 1393 83 28 vådligt
500 1395 32 19 att
546 1393 73 21 lemna
635 1393 73 22 alltför
724 1395 45 19 stor
784 1393 60 22 makt
855 1394 21 21 åt
887 1401 27 14 en

162 1437 90 22 person,
269 1428 91 23 emedan
375 1428 44 21 han
435 1427 27 23 då
476 1428 87 22 komme
579 1429 32 20 att
630 1428 68 23 blifva
714 1429 101 29 enväldig
830 1429 7 21 i
852 1429 61 22 kom-
