975 1703
199 135 42 22 248
486 141 38 16 Den
537 139 21 17 17
571 138 42 17 febr.

172 201 48 21 från
241 200 82 21 antalet
345 199 24 21 af
389 199 105 28 skadliga.
528 192 73 27 Äfven
623 197 208 29 fredlysningstiden
855 197 67 28 ansåg

172 230 84 26 talaren
276 234 54 21 böra
350 241 53 14 vara
425 234 67 26 sådan
511 240 45 14 som
576 232 87 22 ståndet
678 232 104 27 beslutat,
805 239 51 14 men
871 232 51 21 ville

172 270 56 20 dock
243 269 7 20 i
266 268 103 22 afseende
384 269 13 20 å
413 268 57 21 tiden
487 268 34 21 för
536 267 140 28 fredlysande
692 267 23 21 af
726 267 110 28 rapphöns
847 266 76 21 förena

172 304 33 28 sig
225 304 32 20 uti
277 303 162 28 ridderskapets
461 302 39 21 och
520 302 74 20 adelns
615 302 79 20 beslut.
723 302 98 20 Böterne
836 302 34 20 för
886 301 36 21 dö-

172 338 70 21 dande
261 338 24 20 af
301 338 36 27 elg
355 337 68 28 ansåg
441 337 84 20 talaren
540 336 54 21 böra
608 336 133 21 bestämmas
757 336 32 20 till
806 336 41 20 300
862 335 61 20 mark

173 372 39 21 och
234 371 49 21 icke
306 371 97 28 förhöjas
424 371 33 20 till
478 371 40 21 500
534 370 71 27 mark,
628 370 72 21 såsom
716 369 152 29 ridderskapet
883 370 40 21 och

172 407 63 20 adeln
258 405 121 28 föreslagit.
413 405 11 21 I
445 405 66 28 öfrigt
531 404 75 21 trodde
632 405 84 21 talaren
739 403 138 30 fredlysande
901 404 24 22 af

171 441 76 21 bäfver
262 441 48 20 icke
326 440 98 21 medföra
441 441 66 28 något
522 447 65 20 gagn.

240 474 222 28 Landtdagsmannen
481 474 123 21 Tiainen:
619 474 40 21 Att
674 474 42 21 han
733 474 34 21 för
782 473 32 21 sin
826 473 35 21 del
875 473 48 22 icke

171 509 73 22 kunde
259 509 78 21 förena
351 508 34 28 sig
399 509 8 20 i
422 509 162 27 ridderskapets
601 509 40 20 och
652 508 75 21 adelns
738 508 71 21 beslut
820 515 35 14 om
865 508 58 21 fred-

171 543 91 28 lysande
278 541 24 23 af
314 543 119 28 rapphöns,
449 543 75 21 hvilka
539 543 84 20 talaren
639 543 68 28 ansåg
723 542 6 21 i
745 543 60 20 detta
821 543 102 20 afseende

171 578 53 20 böra
244 577 107 20 likställas
371 577 52 20 med
441 577 75 28 vanlig
537 577 134 27 skogsfogel,
696 576 70 21 såsom
790 576 71 27 tjäder
884 577 39 20 och

172 618 55 14 orre.
257 611 40 20 Att
312 611 67 28 fånga
393 611 110 28 rapphöns
519 618 35 13 om
570 617 123 14 sommaren
708 609 89 28 tjenade
814 610 33 21 till
861 611 62 26 intet,

172 645 92 21 emedan
284 645 26 21 de
329 645 48 21 icke
395 645 74 20 kunde
484 645 69 21 under
568 645 70 20 denna
653 644 68 21 årstid
736 644 104 21 förvaras.
869 644 54 21 Vin-

172 679 66 21 tertid
258 679 93 21 betaltes
373 679 33 20 för
426 679 110 28 rapphöns
552 679 99 20 deremot
665 679 46 20 lika
726 678 87 28 mycket
829 685 45 14 som
889 678 35 21 för

175 720 57 20 orre,
250 714 39 20 och
309 713 69 21 under
397 715 86 19 senaste
498 714 71 20 vinter
584 712 56 22 hade
655 712 8 22 i
679 712 32 22 S:t
726 713 134 27 Petersburg
880 712 43 29 pri-

172 750 33 18 set
220 748 34 20 för
269 747 111 29 rapphöns
396 748 92 28 uppgått
503 748 56 20 ända
573 747 34 21 till
624 748 26 20 70
665 747 13 21 å
693 748 28 20 80
736 747 50 29 kop.

239 782 222 28 Landtdagsmannen
477 782 83 21 Akola
574 782 102 21 förmälte
692 782 33 28 sig
740 789 52 14 vara
807 789 52 14 ense
875 782 49 21 med

172 810 90 34 Östring
278 816 39 21 och
334 817 68 27 ansåg
417 818 31 19 att
464 816 85 21 ståndet
564 816 48 21 icke
628 816 67 21 borde
711 816 67 21 ändra
794 816 37 20 sitt
845 816 78 20 beslut.

240 850 223 28 Landtdagsmannen
470 851 132 27 Hagman:
613 850 35 22 Då
659 850 118 22 utskottets
785 850 138 22 betänkande

171 885 7 20 i
194 885 119 28 anledning
333 885 24 20 af
374 884 164 29 ifrågavarande
560 885 39 20 sak
615 886 73 20 senast
707 885 86 21 förevar
808 885 7 21 i
831 886 92 26 ståndet,

172 919 78 21 väckte
265 920 70 20 haren
350 920 98 20 ständets
463 920 69 27 lifliga
547 920 100 20 intresse.
678 919 34 21 Då
723 926 29 14 nu
763 919 91 21 stånden
865 921 58 19 stan-

171 955 37 19 nat
223 953 8 21 i
248 953 58 21 olika
326 954 81 26 beslut,
431 954 73 20 anhöll
524 954 96 26 talaren,
635 954 7 20 i
658 954 41 21 den
715 954 158 28 förutsättning
891 955 32 20 att

171 988 104 21 intresset
289 988 35 20 för
339 989 74 20 ämnet
428 988 133 21 fortfarande
577 995 51 14 vore
642 988 54 26 lika,
713 990 31 19 att
755 988 90 21 ärendet
856 989 67 21 måtte

171 1022 130 28 bordläggas
317 1023 28 27 på
360 1022 45 21 åtta
421 1022 73 29 dagar.

238 1056 222 28 Landtdagsmannen
480 1051 118 33 Östring
617 1057 113 20 anmärkte
746 1059 59 18 emot
819 1057 104 26 Tiainen,

171 1092 31 19 att
217 1091 208 28 fredlysningstiden
442 1091 33 20 för
490 1091 110 28 rapphöns
617 1091 69 28 enligt
701 1091 59 21 förut
775 1091 100 28 gällande
886 1092 37 27 lag

170 1125 104 21 bestämts
294 1125 57 20 ifrån
372 1125 42 20 den
435 1126 9 19 1
467 1125 117 21 november
604 1125 36 21 till
656 1125 40 21 och
711 1125 50 21 med
777 1125 40 22 den
834 1127 24 20 31
874 1126 48 27 juli.

170 1159 87 27 Frågan
280 1159 72 28 gällde
373 1159 84 21 således
477 1167 29 13 nu
527 1159 55 21 blott
601 1161 32 19 att
648 1159 101 28 förlänga
765 1159 158 28 fredlysnings-

170 1192 60 22 tiden
246 1193 33 21 till
295 1192 42 22 den
353 1193 26 21 15
395 1193 93 27 augusti.
518 1194 99 27 Antages
633 1193 48 21 icke
697 1193 72 21 denna
784 1194 99 28 ändring,
899 1195 24 20 så

170 1227 71 21 blefve
260 1227 207 27 fredlysningstiden
486 1227 135 21 fortfarande
642 1227 127 21 densamma
788 1235 47 13 som
850 1228 73 20 härin-

170 1260 51 20 tills.
251 1260 11 20 I
278 1260 67 28 öfrigt
359 1260 98 21 motsade
473 1261 83 20 talaren
572 1260 113 28 Hagmans
702 1261 96 27 begäran
814 1268 35 14 om
860 1263 62 19 ären-

171 1294 47 20 dets
234 1294 167 28 bordläggning.

238 1328 221 29 Landtdagsmannen
475 1329 117 29 Hagman
612 1330 149 21 återhemtade
777 1330 33 21 sin
825 1330 97 29 begäran

169 1365 33 20 att
221 1362 91 22 ärendet
334 1363 67 22 måtte
424 1363 132 29 bordläggas
578 1364 131 22 åtminstone
729 1365 34 20 till
784 1366 62 20 nästa
866 1373 55 13 sam-

170 1398 122 28 manträde,
316 1398 91 22 emedan
430 1399 82 21 talaren
533 1399 20 28 ej
574 1400 57 21 varit
650 1400 7 22 i
677 1399 87 23 tillfälle
780 1402 31 20 att
827 1401 94 29 granska

170 1433 257 30 expeditionsutskottets
441 1434 119 21 utlåtande.
