1003 1703
214 137 40 20 898
493 139 37 16 Den
544 138 21 17 15
580 137 49 22 april.

185 202 42 20 kan
250 201 48 21 half
319 200 32 20 till
373 199 30 20 tio
424 197 164 28 föremiddagen
609 197 78 20 samlas
703 197 7 20 i
726 197 96 22 ståndets
838 204 47 13 rum
901 196 34 21 för

186 237 31 20 att
231 235 89 28 begifva
335 234 33 27 sig
383 233 34 20 till
432 232 181 28 Nikolaikyrkan,
629 231 39 21 och
685 231 95 22 derifrån
797 232 54 21 efter
865 231 70 21 slutad

186 270 123 29 gudstjenst
324 269 34 20 till
373 267 114 22 rikssalen.

255 338 92 22 Ståndet
363 337 103 21 åtskildes
481 337 93 20 klockan
590 342 26 14 en
633 337 63 26 qvart
711 336 33 20 till
760 336 43 20 nio.

718 383 19 16 In
751 382 59 17 fidem:

665 411 16 19 s.
697 410 24 20 W.
738 410 130 24 Hougberg.

332 552 48 20 Den
397 552 26 21 15
439 551 67 28 april,
522 550 88 21 klockan
626 550 51 28 half
689 549 27 22 10
727 549 50 29 före
790 549 117 30 middagen.

255 615 43 22 Vid
313 615 133 28 protokollet
461 613 163 21 undertecknad
643 612 189 28 brukspredikant.

254 684 44 21 Till
318 682 136 28 underdänig
474 682 103 28 ätlydnad
598 682 23 20 af
639 681 116 21 ständerne
771 681 114 22 meddelad
899 682 38 20 nä-

187 720 36 27 dig
238 718 98 26 kallelse,
354 717 92 28 begäfvo
463 717 34 27 sig
512 716 170 21 bondeständets
698 716 141 21 medlemmar
854 716 83 21 inemot

187 753 92 21 klockan
296 753 26 21 10
337 760 26 13 ur
379 752 204 27 samlingsrummet,
599 751 34 20 för
649 752 31 19 att
695 750 32 21 uti
741 750 87 22 stadens
838 750 99 22 Nikolai-

187 788 70 28 kyrkä
276 786 78 22 afhöra
374 786 221 28 landtdagspredikan
615 785 39 21 och
673 785 96 21 derefter
784 785 82 21 infinna
882 786 55 27 sig
924 781 17 39 i

187 822 114 26 rikssalen,
317 822 87 20 hvarest
420 821 54 21 efter
491 820 36 21 det
542 820 211 28 landtdagsbeslutet
768 820 72 21 blifvit
850 820 88 28 uppläst

186 857 20 20 h.
223 863 19 14 e.
258 856 226 28 generalguvernören
504 855 59 21 öfver
578 854 94 21 Finland
687 854 87 22 komme
790 856 31 19 att
836 855 12 20 &
863 854 28 21 H.
907 854 30 21 M.

187 890 120 28 Kejsarens
325 892 82 26 vägnar
425 889 144 21 hemförlofva
585 889 116 21 ständerne
717 890 39 20 och
773 889 78 21 afsluta
866 889 71 21 landt-

187 925 77 28 dagen.

255 993 63 23 Efter
338 993 116 28 middagen
474 994 93 21 klockan
584 994 9 20 1
611 992 136 22 återkommo
768 993 168 22 bondeståndets

187 1029 141 22 medlemmar
351 1028 46 21 från
421 1028 106 21 rikssalen
551 1028 33 20 till
605 1027 36 21 sitt
657 1028 153 27 samlingsrum
827 1028 12 21 &
855 1028 81 21 riddar-

186 1059 70 38 huset.
510 1092 99 2 NIIIN

254 1131 81 28 Afgick
357 1130 42 21 den
422 1131 66 21 redan
509 1131 7 20 i
537 1131 86 27 förrgär
638 1131 91 20 utsedda
744 1131 155 28 deputationen
915 1131 24 21 af

186 1166 44 22 fem
248 1166 121 22 ledamöter
384 1165 34 21 för
433 1167 32 19 att
480 1166 34 20 till
530 1165 27 21 de
573 1165 70 27 öfriga
658 1165 92 21 ständen
765 1165 103 22 framföra
883 1167 52 20 bon-

187 1200 124 22 deständets
330 1199 198 28 afskedshelsning;
548 1199 41 21 och
605 1199 68 21 skulle
690 1200 74 21 dervid
780 1200 76 28 början
872 1202 64 26 göras

187 1234 39 21 hos
241 1234 151 27 ridderskapet
406 1234 40 21 och
462 1234 70 20 adeln.

254 1300 115 29 Emottogs
391 1308 27 14 en
441 1300 127 29 deputation
588 1302 48 20 frän
657 1301 186 28 borgareständet,
860 1302 77 22 anförd

187 1336 24 21 af
223 1336 165 27 borgmästaren
402 1335 90 27 Hildén,
509 1336 89 21 hvilken
614 1336 69 21 aflade
699 1336 38 21 sitt
753 1337 73 21 ständs
840 1337 96 22 afskeds-

186 1369 102 28 helsning
303 1369 40 21 och
358 1369 75 22 dervid
448 1369 94 28 yttrade:

253 1403 185 29 Borgareständet
460 1404 98 22 anhäller
578 1412 78 21 genom
676 1412 41 21 oss,
733 1405 47 22 sina
796 1406 139 29 deputerade,

186 1439 32 22 att
239 1438 23 22 få
283 1438 78 29 bringa
380 1439 36 21 det
435 1438 135 23 hedervärda
585 1439 158 22 bondeståndet
758 1441 33 21 sin
806 1448 74 15 varma
896 1442 40 21 och
