995 1703
211 134 42 20 862
494 136 36 20 Den
544 139 22 17 15
578 136 49 26 april.

162 209 2 2 +
184 197 130 25 bortblanda
329 196 42 23 den
386 205 78 20 genom
480 199 138 28 motförslag,
637 206 35 14 om
688 206 50 14 man
753 199 127 28 verkeligen
896 200 38 21 ön-

185 232 66 21 skade
274 238 26 15 en
322 232 202 23 tillfredsställande
546 233 94 28 lösning.
671 233 41 20 Om
735 233 41 22 ock
797 233 65 28 lagen
882 241 52 14 vore

184 267 70 28 tydlig
269 266 53 27 deri,
338 269 31 18 att
384 267 43 21 alla
442 267 48 28 fyra
505 267 90 22 ständen
611 267 66 22 borde
693 275 52 14 vara
760 269 65 27 eniga
840 268 33 21 till
888 269 46 20 vin-

185 301 71 21 nande
278 301 24 20 af
322 303 31 18 ett
376 301 128 21 ständernas
527 301 77 27 beslut,
625 302 24 20 sä
669 302 66 20 borde
751 309 49 14 man
817 302 55 21 dock
887 303 48 20 icke

185 336 58 20 hälla
259 336 73 27 derpä,
346 337 51 19 utan
413 335 83 28 hänsyn
513 336 33 20 till
561 336 38 20 allt
609 338 74 18 annat.
706 336 93 21 Talaren
810 336 56 21 hade
877 337 58 21 förut

185 370 107 26 anmärkt,
315 372 31 18 att
368 370 37 20 det
427 370 52 28 säge
502 370 38 21 illa
562 372 23 18 ut
608 377 35 13 om
663 370 118 22 ständerne
799 371 48 21 icke
862 371 73 21 kunde

184 405 89 21 komma
292 404 100 21 öfverens
413 405 7 20 i
440 404 71 21 denna
530 405 67 27 fräga,
613 412 46 14 som
675 405 7 21 i
696 404 53 22 visst
765 405 102 21 afseende
883 412 51 15 vore

185 440 42 20 den
251 439 179 28 allravigtigaste,
452 439 40 21 och
515 441 31 19 att
568 438 37 22 det
623 440 20 27 ej
664 439 68 21 heller
749 447 50 14 vore
816 440 120 28 grannlaga

186 476 31 20 att
232 474 92 21 försätta
339 474 28 20 H.
384 474 29 21 M.
428 473 108 29 Kejsaren
552 474 7 20 i
575 474 188 28 nödvändigheten
776 477 31 18 att
817 477 77 26 genast
906 476 29 20 ef-

186 511 33 19 ter
235 509 42 21 den
292 509 69 21 första
376 509 138 33 landtdagen
525 509 49 21 slita
590 515 27 13 en
631 509 52 20 tvist
699 509 93 21 emellan
808 509 98 21 ständen.

254 543 223 27 Landtdagsmannen
500 538 118 32 Östring:
641 544 40 20 Att
703 543 83 21 talaren
810 546 58 19 ännu
887 544 49 21 icke

187 578 109 29 uppfattat
315 578 177 21 beskaffenheten
512 578 24 21 af
552 577 123 21 Pelkonens
695 578 88 28 förslag.
812 578 77 29 Enligt
904 581 32 19 ut-

186 614 93 21 skottets
299 612 137 22 betänkande
456 612 70 22 skulle
546 619 26 14 en
588 612 108 28 fjerdedel
710 613 23 20 af
746 612 190 22 bränvinsskatten

187 648 68 28 enligt
277 647 125 28 ungefärlig
425 647 121 28 beräkning
567 646 50 22 med
640 648 111 26 1,700,000
770 648 62 20 mark
851 648 86 21 tillfalla

187 683 165 21 kommunerna.
381 682 45 21 Det
437 682 70 27 öfriga
518 682 97 20 deremot
626 681 70 21 skulle
708 682 130 21 statsverket
848 683 89 21 erhälla.

188 717 94 22 Talaren
302 717 52 21 ville
374 723 36 20 nu,
430 717 66 20 innan
517 716 43 21 han
574 715 87 29 yttrade
677 716 33 28 sig
725 718 100 19 närmare
841 717 7 20 i
863 717 74 27 saken,

187 754 50 20 veta
257 759 34 13 om
306 751 115 22 Pelkonen
436 751 47 21 frän
500 751 41 20 den
556 750 85 21 kronan
656 750 137 22 förbehällna
808 751 92 21 andelen
916 751 24 21 af

187 786 191 23 bränvinsskatten
389 785 102 22 fordrade
502 785 113 26 2,400,000
625 785 69 27 mark,
706 786 40 21 och
754 786 109 21 dessutom
872 787 66 20 efter-

187 822 42 27 gift
244 821 23 20 af
279 820 207 21 bränvinsarrendet
496 820 97 27 660,000,
604 819 83 21 hvilket
698 820 38 20 allt
747 820 192 21 sammanräknadt

188 856 49 21 med
253 855 93 21 berörda
362 855 111 27 1,700,000
488 855 87 27 belöpte
587 854 32 27 sig
630 854 33 21 till
675 854 60 21 öfver
745 855 114 27 4,000,000
869 855 68 21 mark.

255 889 222 28 Landtdagsmannen
492 888 135 22 Pelkonen
643 888 132 28 förklarade,
788 890 32 20 att
830 889 54 20 hans
894 889 44 21 för-

188 925 47 28 slag
250 924 61 27 afsäg
327 923 77 21 endast
419 925 32 19 att
461 923 212 27 bränvinsarrendet,
684 923 152 21 motsvarande
847 924 91 26 660,000

188 959 69 26 mark,
272 957 67 22 borde
355 958 127 27 eftergifvas
498 958 40 21 och
551 959 32 19 att
593 957 158 22 kommunerna
761 957 70 22 skulle
843 957 23 22 af
874 958 65 21 brän-

188 993 135 21 vinsskatten
339 992 95 21 tilldelas
450 993 112 26 2,400,000
577 992 69 27 mark,
661 992 154 21 motsvarande
825 992 7 21 i
844 992 36 21 det
890 994 49 19 när-

189 1029 68 20 maste
280 1026 41 22 den
344 1026 112 28 egentliga
476 1027 146 28 jordskatten.
652 1026 101 22 Nämnda
772 1033 96 15 summor
883 1034 56 14 sam-

188 1061 148 22 manräknade
356 1061 102 29 utgjorde
478 1061 37 22 det
534 1061 25 21 af
571 1061 84 21 talaren
669 1061 126 28 föreslagna
810 1061 129 28 totalbelop-

189 1098 38 26 pet
242 1096 114 27 3,060,000
372 1096 68 20 mark.

256 1130 222 28 Landtdagsmannen
494 1124 118 33 Östring
627 1136 38 14 var
680 1130 65 21 äfven
759 1130 24 20 af
791 1130 42 20 den
844 1129 96 28 mening,

189 1166 32 19 att
238 1171 27 15 en
284 1164 213 28 sammanjemkning
512 1164 24 20 af
550 1164 104 21 ständens
669 1164 72 20 beslut
756 1170 51 14 vore
823 1164 116 27 högeligen

189 1199 24 20 af
232 1198 79 22 nöden.
340 1198 12 20 I
371 1200 68 19 annat
459 1198 38 21 fall
518 1200 67 19 sattes
600 1199 69 19 större
686 1198 39 21 och
741 1198 108 27 vigtigare
863 1198 77 21 intres-

189 1239 38 14 sen
245 1233 29 27 pä
292 1232 47 28 spel
358 1234 27 19 än
401 1232 77 27 sjelfva
493 1232 42 21 den
551 1232 109 21 såkallade
675 1231 189 27 bränvinsfrägan.
894 1232 46 21 Två

187 1265 210 28 jemkningsförslag
419 1265 55 21 hade
497 1273 29 13 nu
548 1265 72 22 blifvit
642 1264 142 28 framställda,
804 1265 38 21 det
858 1272 42 14 ena
918 1266 25 20 af

189 1299 66 28 Keto,
277 1300 37 20 det
336 1299 68 21 andra
423 1300 25 20 af
463 1299 120 22 Pelkonen.
612 1299 45 21 Det
672 1299 66 27 förra,
753 1299 55 21 eller
823 1299 117 22 utskottets

189 1334 68 22 andra
271 1334 130 22 alternativa
417 1334 144 28 betänkande,
576 1334 120 27 medförde,
710 1341 35 14 om
755 1333 37 21 det
802 1336 84 26 antogs,
898 1334 42 22 den

189 1368 124 29 olägenhet,
329 1370 32 20 att
375 1368 256 29 husbehofsbränningen
646 1369 86 22 komme
747 1370 32 20 att
794 1368 33 21 till
843 1369 98 29 betydlig

190 1403 35 22 del
246 1404 92 27 gvarstä,
358 1403 95 22 särdeles
468 1403 8 22 i
492 1403 26 21 de
539 1404 128 27 landsorter,
683 1404 7 21 i
705 1404 75 21 hvilka
794 1403 147 22 bränvinstill-

191 1438 107 29 verkning
318 1438 72 21 idkats
408 1438 7 21 i
434 1439 70 21 större
526 1439 58 21 män.
613 1439 45 21 Det
676 1438 99 29 sednare,
790 1437 151 24 innefattande
