998 1709
203 123 25 23 16
489 128 38 19 Den
540 130 22 18 15
573 129 36 23 jan.

240 190 223 32 Landtdagsmannen
483 190 100 21 Simula
597 197 39 14 var
650 196 52 15 ense
718 190 50 22 med
782 185 94 36 Brusila.

240 224 100 21 Arendet
355 224 151 21 remitterades
522 224 33 20 till
571 224 100 21 enskilda
684 224 204 22 besvärsutskottet.

241 287 123 28 Föredrogs
385 287 173 22 statsutskottets
580 287 137 22 betänkande
738 295 35 14 n:o
793 289 13 20 2
824 288 8 20 i
851 287 74 25 anled-

175 322 53 29 ning
243 322 24 21 af
280 322 28 21 H.
324 322 27 21 K.
367 322 51 21 M:ts
434 322 79 28 nädiga
527 322 135 28 proposition
678 329 36 14 n:o
726 323 27 20 30
764 322 112 28 angäende
892 328 34 16 re-

173 357 69 21 vision
264 356 24 22 af
306 356 41 22 den
368 364 79 21 genom
467 356 80 29 nädiga
567 356 127 22 manifestet
712 356 43 22 den
770 358 13 20 9
799 357 55 28 april
872 357 54 21 1840

174 391 104 29 stadgade
295 392 133 28 omsättning
444 392 24 20 af
480 391 206 29 räntepersedlarne
702 392 7 20 i
724 392 80 20 landet.

241 425 126 23 Bordlades.

241 489 223 28 Landtdagsmannen
484 489 91 23 Klami
596 489 73 21 anhöll
686 497 34 14 om
736 488 63 22 ordet
813 490 40 21 och
868 489 58 22 erin-

173 523 52 23 rade
245 524 7 21 i
273 523 119 29 anledning
412 524 24 21 af
452 524 113 28 Hagmans
586 524 100 21 ofvanför
706 525 7 20 i
733 525 43 27 dag
796 524 77 28 gjorda
889 532 37 14 an-

174 559 127 27 märkning,
322 560 32 19 att
374 558 73 22 Klami
468 559 53 21 talat
541 559 52 21 flere
609 559 84 28 gängor
709 560 40 20 och
764 559 139 28 vidlyftigare
919 560 7 20 i

174 601 27 13 en
222 593 40 21 och
283 600 81 14 samma
384 593 50 27 sak,
458 595 27 19 än
505 600 46 15 som
567 593 69 28 enligt
652 594 97 21 ständets
765 594 160 21 öfverenskom-

174 628 68 21 melse
257 627 38 22 ske
310 627 74 27 bordt,
405 629 33 19 att
457 628 54 28 han,
527 628 83 26 Klami,
631 628 48 21 icke
695 628 106 28 någonsin
817 628 7 21 i
840 635 27 14 en
887 628 40 22 sak

174 664 69 26 yttrat
258 662 33 28 sig
305 663 52 20 flere
373 664 28 19 än
417 664 77 20 trenne
510 663 83 28 gänger
609 662 41 21 och
661 664 32 19 att
704 670 34 13 om
749 663 55 21 hans
814 662 30 22 tal
855 662 72 28 tredje

175 698 87 27 gängen
281 697 58 21 varit
359 697 67 27 nägot
446 697 87 28 längre,
555 696 56 22 hade
633 697 35 21 det
682 697 48 21 haft
745 698 33 20 sin
794 697 70 29 grund
879 697 47 21 deri

175 733 32 19 att
223 732 83 21 talaren
323 730 92 29 nödgats
431 732 104 21 anmärka
551 733 58 20 emot
624 732 68 20 andra
707 732 116 28 yttranden
838 738 47 14 som
896 732 31 21 af-

175 766 54 21 vikit
245 766 48 21 frän
309 767 80 20 ämnet.
419 766 79 28 Nägon
514 767 57 27 gäng
587 766 59 21 förut
660 766 56 21 hade
732 766 55 21 hans
802 766 71 28 tredje
889 773 37 14 an-

175 800 110 28 dragande
301 800 63 21 äfven
381 800 57 21 varit
452 800 67 28 nägot
534 800 71 28 längt,
624 807 51 14 men
691 800 27 21 dä
732 800 56 21 hade
803 801 41 21 ock
858 800 69 21 andra

175 835 64 28 gifvit
259 834 118 28 anledning
397 835 83 27 dertillj
503 842 51 14 men
574 835 70 27 aldrig
664 834 56 22 hade
739 835 43 21 han
801 836 54 20 talat
878 834 48 28 fyra

175 870 89 28 gänger.
293 869 36 21 Dä
344 869 71 21 Slotte
431 869 101 21 anmärkt
547 871 45 19 mot
607 868 95 28 talaren,
721 869 55 21 hade
792 869 42 21 han
850 869 77 21 endast

175 904 40 21 talt
234 906 80 19 tvenne
335 904 89 28 gänger.
454 903 94 21 Talaren
568 903 51 22 ville
640 902 86 22 derföre
747 904 64 28 lägga
824 904 102 28 Hagman

175 940 29 27 pä
223 938 86 21 minnet
331 940 31 19 att
384 938 127 27 framdeles,
532 938 27 21 dä
581 938 43 21 han
647 938 110 28 företager
780 938 32 28 sig
834 941 32 19 att
889 946 38 13 an-

175 973 83 26 märka,
274 972 64 21 ställa
353 973 24 20 sä
392 973 32 20 till
441 974 31 19 att
487 972 43 21 han
547 972 48 21 icke
610 972 66 28 begår
690 972 97 28 misstag.

243 1007 223 27 Landtdagsmannen
488 1006 120 28 Hagman
635 1006 102 22 förmälte
760 1009 31 19 att
812 1007 54 21 hans
889 1014 38 15 an-

175 1042 116 28 märkning
306 1042 57 21 varit
378 1041 98 28 grundad
492 1042 28 27 på
535 1040 98 22 ståndets
648 1041 78 21 beslut.

244 1076 221 27 Landtdagsmannen
486 1075 94 21 Klami
599 1075 94 21 invände
714 1077 31 19 att
760 1075 101 28 Hagman
877 1076 49 22 icke

176 1112 7 20 i
199 1112 71 27 någon
285 1110 68 21 måtto
368 1110 72 28 styrkt
455 1110 33 21 sin
504 1109 145 29 beskyllning.

244 1144 177 22 Sammanträdet
436 1144 102 22 slutades.

683 1178 21 18 In
716 1177 60 19 fidem:

652 1206 54 20 Karl
724 1203 82 23 Limön.

348 1292 48 22 Den
412 1292 28 22 15
449 1293 105 29 januari,
571 1292 89 22 klockan
676 1293 26 21 11
714 1292 51 29 före
779 1292 118 29 middagen.

245 1338 137 23 Protokollet
394 1340 75 21 fördes
484 1340 24 21 af
520 1337 175 29 undertecknad,
709 1337 90 23 hist.-fil.
814 1338 111 22 kandidat.

244 1404 124 28 Föredrogs
384 1404 78 28 utdrag
476 1404 25 20 af
519 1402 161 29 ridderskapets
701 1401 41 23 och
761 1402 76 22 adelns
851 1404 74 27 proto-

177 1437 45 23 koll
245 1438 34 23 för
298 1438 42 22 den
361 1438 25 22 12
405 1438 92 28 dennes,
520 1437 114 23 utvisande
656 1439 33 20 att
710 1437 153 29 ridderskapet
885 1437 41 22 och
