1009 1709
213 133 40 21 932

183 199 94 21 skottets
293 198 137 22 betänkande
445 198 8 20 i
468 198 119 27 anledning
603 197 23 21 af
639 197 28 21 H.
683 197 27 21 K.
726 196 50 22 M:ts
792 197 80 29 nådiga
886 204 48 22 pro-

183 233 94 28 position
293 232 114 28 angående
423 231 93 29 ändring
531 233 7 20 i
553 232 58 21 vissa
626 232 60 20 delar
701 231 24 21 af
738 232 110 21 allmänna
858 232 76 28 lagens

183 268 120 28 stadgande
319 267 7 21 i
341 267 27 21 24
383 266 93 29 kapitlet
492 266 213 29 byggningabalken.

253 302 103 22 Gillades.

211 372 41 22 N:o
270 372 46 21 119.

252 407 22 21 S.
290 407 20 21 d.
340 406 122 28 Föredrogs
482 406 179 29 prestaständets,
681 412 78 22 genom
780 406 155 28 protokollsut-

183 441 53 29 drag
259 442 23 20 af
303 441 41 21 den
367 441 22 20 11
413 441 132 21 sistförlidne
561 440 130 28 December,
706 440 127 22 meddelade
849 441 86 28 inbjud-

183 477 54 27 ning
257 476 34 20 till
309 475 160 21 bondeståndet
488 478 31 19 att
534 476 77 21 förena
627 475 33 28 sig
675 476 32 20 uti
722 474 36 22 det
774 475 24 21 af
810 475 125 22 kontrakts-

182 512 89 27 prosten
288 510 64 21 Sirén
367 510 7 20 i
389 510 162 29 prestaståndet
567 510 78 20 väckta
660 510 89 28 förslag,
768 510 113 27 angående
896 517 39 14 un-

183 545 106 27 derdånig
308 544 93 28 petition
421 552 35 14 om
477 544 134 22 afskaffande
631 544 25 21 af
674 544 41 21 den
731 544 7 20 i
754 544 80 28 nådiga
852 544 84 28 kungö-

183 580 72 20 relsen
276 580 24 20 af
315 579 42 21 den
376 580 28 20 30
416 580 88 27 januari
521 580 55 20 1862
591 586 65 14 mom.
673 580 25 20 17
715 578 105 28 stadgade
835 579 101 21 termins-

183 614 65 28 afgift
269 614 24 20 af
314 620 39 14 sex
372 614 61 20 rubel
454 613 34 21 för
503 614 76 28 hvarje
595 614 36 20 vid
647 613 136 29 gymnasium
799 613 53 21 eller
868 614 68 27 högre

184 648 184 22 elementarskola
390 648 123 22 inskrifven
536 648 55 27 elev,
614 655 45 14 som
680 648 48 20 icke
743 648 44 20 kan
802 648 134 21 vederbörli-

183 690 43 21 gen
242 683 75 28 styrka
332 684 32 20 att
379 683 113 28 synnerlig
508 682 115 29 fattigdom
639 682 67 21 sådan
718 682 75 28 afgifts
804 682 132 28 erläggande

183 717 95 21 hindrar.

251 752 99 20 Berörda
365 751 130 29 inbjudning
511 753 77 27 antogs
604 751 109 21 såtillvida
729 752 32 20 att
772 751 86 21 ståndet
868 751 68 28 ansåg

185 786 142 21 omförmälda
342 786 64 28 afgift
421 786 54 21 böra
490 786 77 22 endast
583 786 110 21 nedsättas
709 786 33 20 till
758 786 83 21 hälften
855 786 24 21 af
888 786 48 20 dess

184 827 31 14 nu
236 820 101 28 gällande
359 820 87 28 belopp,
469 820 40 22 och
532 820 84 22 således
639 820 33 20 till
695 822 32 19 tre
750 820 61 22 rubel
833 820 34 22 för
884 820 53 21 hvar

183 855 87 21 termin.

213 924 42 22 N:o
271 925 48 21 120.
408 925 57 21 Den
481 925 30 21 22
524 925 108 29 januari
647 925 70 21 1864.

253 959 22 21 S.
291 960 20 20 d.
341 959 123 28 Föredrogs
487 962 156 19 sammansatta
662 960 46 27 lag-
729 960 40 21 och
788 959 149 22 ekonomieut-

185 994 92 21 skottets
292 994 145 26 betänkande,
452 994 8 20 i
475 994 119 28 anledning
609 994 25 20 af
647 994 28 21 H.
691 994 27 22 K.
734 994 51 21 M:ts
798 994 80 28 nådiga
888 1001 49 21 pro-

184 1029 95 27 position
299 1028 113 28 angående
428 1029 123 27 grunderne
568 1028 33 21 för
616 1036 27 13 en
659 1028 80 22 allmän
756 1028 130 28 författning
902 1036 35 14 om

181 1063 50 27 jagt
247 1063 40 21 och
303 1062 108 28 djurfång.

252 1097 104 21 Punkten
373 1098 17 19 1.
421 1096 92 23 Ständet
533 1098 67 27 ansåg
619 1098 68 21 haren
707 1098 53 21 böra
779 1098 103 20 hänföras
904 1098 33 21 till

184 1132 88 21 klassen
295 1132 24 21 af
339 1131 109 29 oskadligt
470 1132 111 21 villebråd.
612 1131 81 22 Likaså
715 1132 40 26 räf,
778 1132 67 27 mård,
865 1132 72 27 hiller,

185 1168 47 26 örn,
247 1166 31 27 uf,
293 1166 51 27 hök,
360 1166 71 28 glada,
446 1166 46 21 falk
508 1166 40 21 och
563 1166 72 28 uggla.

253 1200 44 22 Till
319 1200 88 22 klassen
429 1200 24 22 af
472 1200 117 28 skadedjur
607 1200 70 22 skulle
693 1201 83 21 således
792 1200 54 22 höra
861 1202 76 20 endast

185 1236 70 26 björn,
271 1242 60 20 varg,
346 1235 21 21 lo
383 1236 40 20 och
439 1235 74 21 filfras.

252 1268 103 21 Punkten
372 1269 18 20 2.
421 1268 98 21 Gillades
543 1268 41 21 den
607 1269 63 27 åsigt,
693 1270 32 20 att
745 1269 7 20 i
768 1269 43 21 den
826 1268 110 22 blifvande

182 1302 143 28 jagtstadgan
348 1302 69 21 skulle
440 1302 86 28 intagas
547 1302 118 29 stadgande
685 1303 82 27 derom,
786 1305 31 19 att
832 1304 42 21 den
890 1311 47 14 som

185 1337 58 21 sårat
258 1336 105 22 villebråd
379 1337 83 21 saklöst
477 1337 54 28 egde
548 1336 89 29 förfölja
652 1337 40 21 och
703 1337 56 21 döda
770 1338 36 22 det
816 1339 28 28 på
854 1346 83 14 annans

185 1372 68 21 mark.

253 1406 102 22 Punkten
371 1407 19 21 5.
420 1407 87 28 Antogs
528 1406 215 22 landssekreteraren
765 1415 41 14 von
825 1408 113 22 Weissen-

185 1442 65 28 ber.s
265 1442 142 27 rescrvation,
422 1442 7 20 i
445 1442 74 21 stället
534 1442 34 21 för
583 1442 118 21 utskottets
716 1442 149 29 betänkande;
876 1444 62 21 hvar-
