961 1700
350 120 37 16 Den
401 120 10 16 3
423 124 50 12 mars.
719 115 38 20 407

262 180 48 20 Den
324 179 15 21 3
354 188 63 18 mars,
434 179 88 22 klockan
538 178 28 22 10
575 178 50 29 före
640 179 117 29 middagen.

107 236 137 21 Protokollet
254 235 72 21 fördes
337 236 23 21 af
368 236 172 26 undertecknad,
556 237 71 19 senats
638 238 62 19 extra
714 236 72 28 kopist

42 270 37 21 och
95 270 90 21 hist.-fil.
202 270 109 21 kandidat.

107 338 126 22 Justerades
249 340 79 20 tvenne
343 338 208 28 protokollsutdrag,
565 338 37 21 det
618 345 40 14 ena
670 339 25 20 af
706 338 41 22 den
758 339 27 21 24

40 373 38 21 och
93 373 38 21 det
144 373 67 21 andra
226 372 25 22 af
264 373 41 21 den
320 373 27 20 29
362 372 109 22 nästlidne
485 372 103 22 februari.

105 453 122 28 Föredrogs
248 453 220 21 ekonomiutskottets
487 453 137 21 betänkande
639 460 35 14 n:o
691 454 19 26 3,
726 453 6 21 i
748 461 37 13 an-

38 487 89 28 ledning
147 488 24 20 af
183 487 79 28 nädiga
276 488 164 27 propositionen
455 495 34 13 n:o
505 489 34 25 43,
554 487 112 28 angäende
682 488 103 27 utvidgad

38 522 101 21 handels-
154 522 40 21 och
209 521 162 28 näringsfrihet.

293 584 87 22 Momm.
397 593 19 18 a,
432 586 11 20 b
458 586 38 20 och
511 593 17 13 ce.

107 615 138 37 Godkändes.
500 629 3 2 :

361 653 65 22 Mom.
443 655 19 20 d.

105 694 221 28 Landtdagsmannen
348 694 84 21 Akola
454 694 123 27 anmärkte,
599 695 33 19 att
654 696 129 19 momentets

37 728 136 28 ordalydelse
193 728 72 21 kunde
284 728 71 21 tolkas
376 728 33 27 så,
429 730 32 19 att
477 728 75 21 endast
566 728 99 21 enskilda
680 736 103 20 personer

37 762 54 28 egde
111 762 105 28 rättighet
233 764 32 19 att
282 762 141 22 införskrifva
441 762 39 21 och
495 762 112 22 införtulla
621 762 60 28 gods.
711 762 71 29 Sagde

37 796 105 28 rättighet
157 797 67 27 ansåg
244 796 84 22 talaren
343 796 56 22 dock
413 797 54 21 böra
480 796 121 22 utsträckas
617 796 62 22 äfven
697 798 32 20 till
745 798 37 20 bo-

37 830 46 29 lag,
98 831 7 20 i
121 831 82 21 hvilket
217 831 103 21 afseende
335 832 83 20 talaren
433 832 82 28 yrkade
530 832 30 27 $:s
575 831 151 21 förändrande.

104 865 222 28 Landtdagsmannen
341 865 173 22 Kontiainen
529 872 38 14 var
583 872 51 14 ense
649 865 50 21 med
712 865 71 21 Akola

37 900 40 20 och
91 900 52 21 ville
160 899 119 27 dessutom,
295 901 31 19 att
341 900 7 20 i
364 900 72 20 stället
450 900 34 20 för
495 900 67 20 orden
573 906 67 22 ,egna
650 900 130 28 produkter"

36 934 70 21 skulle
121 934 91 20 insättas
228 934 67 21 orden
309 938 58 24 ,eget
383 934 62 22 lands
459 934 137 28 produkter."

103 968 221 28 Landtdagsmannen
339 968 88 21 Klami
441 969 66 27 ansåg
522 968 37 21 det
569 975 51 15 vara
631 968 109 28 sjelffallet
750 970 32 19 att

36 1002 65 28 bolag
111 1002 119 22 tillkomme
242 1002 41 21 den
294 1002 23 22 af
325 1003 72 21 Akola
406 1002 125 28 ifrågasatte
541 1003 105 28 rättighet
656 1003 40 21 och
707 1003 75 21 trodde

36 1039 32 19 att
87 1039 130 19 momentets
237 1036 135 29 ordalydelse
390 1038 8 20 i
417 1038 76 20 sådant
507 1037 103 21 afseende
625 1037 49 21 icke
689 1037 93 21 behöfde

35 1071 86 21 ändras.
159 1071 105 21 Deremot
286 1071 145 22 understödde
454 1072 82 21 talaren
558 1072 26 20 de
607 1071 23 21 af
648 1071 134 21 Kontiainen

35 1106 125 28 föreslagna
179 1106 78 20 ordens
277 1106 132 26 insättande,
429 1106 90 20 emedan
538 1105 36 21 det
589 1112 51 15 vore
655 1106 81 28 skäligt
751 1108 32 18 att

35 1147 50 14 man
104 1140 58 28 finge
182 1140 67 21 frihet
268 1142 32 19 att
314 1141 73 20 utföra
401 1141 64 20 äfven
480 1141 78 20 andras
574 1141 167 27 tillverkningar
754 1142 27 19 än

35 1175 49 20 sina
99 1181 62 21 egna.

104 1208 221 29 Landtdagsmannen
345 1209 71 21 Keto
435 1209 100 21 förmälte
550 1209 34 28 sig
598 1216 52 14 vara
666 1215 52 15 ense
733 1209 49 21 med

35 1243 74 21 Klami
125 1245 56 18 samt
195 1243 82 28 yrkade
292 1243 115 28 derjemte,
423 1245 32 19 att
471 1244 65 20 orden
554 1243 45 26 ,till
615 1250 55 21 egen
683 1244 99 20 förbruk-

35 1277 64 29 ning”
115 1277 66 21 måtte
201 1277 87 29 utbytas
304 1279 58 19 emot
378 1277 66 22 orden
461 1278 46 26 ,till
522 1284 55 22 egen
592 1278 37 21 och
643 1278 81 21 andras
739 1277 43 22 för-

36 1311 127 28 brukning.*

103 1344 221 29 Landtdagsmannen
342 1345 127 21 Heikura
487 1345 102 21 förenade
605 1346 34 27 sig
653 1346 50 20 med
718 1346 64 20 Keto.

104 1378 221 29 Landtdagsmannen
340 1373 109 33 Östring
464 1379 123 21 förklarade
601 1380 33 27 sig
649 1380 48 20 icke
708 1380 74 20 kunna

36 1413 116 28 godkänna
167 1413 26 22 de
208 1413 24 21 af
245 1413 131 28 föregäende
388 1414 67 21 talare
465 1414 123 28 föreslagna
599 1414 123 28 ändringar,
733 1421 49 21 syn-
