<?xml version="1.0" encoding="UTF-8"?>
<alto xmlns="http://www.loc.gov/standards/alto/ns-v3#" xmlns:xlink="http://www.w3.org/1999/xlink" xmlns:xsi="http://www.w3.org/2001/XMLSchema-instance" xsi:schemaLocation="http://www.loc.gov/standards/alto/ns-v3# http://www.loc.gov/alto/v3/alto-3-0.xsd">
	<Description>
		<MeasurementUnit>pixel</MeasurementUnit>
		<sourceImageInformation>
			<fileName>/tmp/tess_9gvrcpbf_input.PNG</fileName>
		</sourceImageInformation>
		<OCRProcessing ID="OCR_0">
			<ocrProcessingStep>
				<processingSoftware>
					<softwareName>tesseract 5.3.4</softwareName>
				</processingSoftware>
			</ocrProcessingStep>
		</OCRProcessing>
	</Description>
	<Layout>
		<Page WIDTH="964" HEIGHT="1703" PHYSICAL_IMG_NR="0" ID="page_0">
			<PrintSpace HPOS="0" VPOS="0" WIDTH="964" HEIGHT="1703">
				<ComposedBlock ID="cblock_0" HPOS="201" VPOS="137" WIDTH="411" HEIGHT="22">
					<TextBlock ID="block_0" HPOS="201" VPOS="137" WIDTH="411" HEIGHT="22">
						<TextLine ID="line_0" HPOS="201" VPOS="137" WIDTH="411" HEIGHT="22">
							<String ID="string_0" HPOS="201" VPOS="137" WIDTH="41" HEIGHT="21" WC="0.96" CONTENT="420"/><SP WIDTH="244" VPOS="137" HPOS="242"/>
							<String ID="string_1" HPOS="486" VPOS="142" WIDTH="38" HEIGHT="17" WC="0.96" CONTENT="Den"/><SP WIDTH="14" VPOS="142" HPOS="524"/>
							<String ID="string_2" HPOS="538" VPOS="142" WIDTH="10" HEIGHT="17" WC="0.95" CONTENT="3"/><SP WIDTH="12" VPOS="142" HPOS="548"/>
							<String ID="string_3" HPOS="560" VPOS="146" WIDTH="52" HEIGHT="12" WC="0.96" CONTENT="mars."/>
						</TextLine>
					</TextBlock>
				</ComposedBlock>
				<ComposedBlock ID="cblock_1" HPOS="171" VPOS="201" WIDTH="761" HEIGHT="1269">
					<TextBlock ID="block_1" HPOS="172" VPOS="201" WIDTH="751" HEIGHT="98">
						<TextLine ID="line_1" HPOS="172" VPOS="201" WIDTH="751" HEIGHT="28">
							<String ID="string_4" HPOS="172" VPOS="202" WIDTH="86" HEIGHT="21" WC="0.96" CONTENT="landets"/><SP WIDTH="16" VPOS="202" HPOS="258"/>
							<String ID="string_5" HPOS="274" VPOS="201" WIDTH="100" HEIGHT="28" WC="0.96" CONTENT="gällande"/><SP WIDTH="15" VPOS="201" HPOS="374"/>
							<String ID="string_6" HPOS="389" VPOS="203" WIDTH="68" HEIGHT="26" WC="0.93" CONTENT="mynt."/><SP WIDTH="31" VPOS="203" HPOS="457"/>
							<String ID="string_7" HPOS="488" VPOS="201" WIDTH="93" HEIGHT="22" WC="0.92" CONTENT="Talaren"/><SP WIDTH="15" VPOS="201" HPOS="581"/>
							<String ID="string_8" HPOS="596" VPOS="201" WIDTH="96" HEIGHT="28" WC="0.93" CONTENT="föreslog"/><SP WIDTH="15" VPOS="201" HPOS="692"/>
							<String ID="string_9" HPOS="707" VPOS="201" WIDTH="86" HEIGHT="21" WC="0.92" CONTENT="derföre"/><SP WIDTH="16" VPOS="201" HPOS="793"/>
							<String ID="string_10" HPOS="809" VPOS="203" WIDTH="32" HEIGHT="20" WC="0.96" CONTENT="att"/><SP WIDTH="15" VPOS="203" HPOS="841"/>
							<String ID="string_11" HPOS="856" VPOS="201" WIDTH="67" HEIGHT="21" WC="0.96" CONTENT="orden"/>
						</TextLine>
						<TextLine ID="line_2" HPOS="175" VPOS="235" WIDTH="748" HEIGHT="28">
							<String ID="string_12" HPOS="175" VPOS="254" WIDTH="8" HEIGHT="9" WC="0.48" CONTENT="n"/><SP WIDTH="4" VPOS="254" HPOS="183"/>
							<String ID="string_13" HPOS="187" VPOS="235" WIDTH="105" HEIGHT="22" WC="0.71" CONTENT="Finlands"/><SP WIDTH="15" VPOS="235" HPOS="292"/>
							<String ID="string_14" HPOS="307" VPOS="235" WIDTH="70" HEIGHT="22" WC="0.96" CONTENT="banks"/><SP WIDTH="15" VPOS="235" HPOS="377"/>
							<String ID="string_15" HPOS="392" VPOS="235" WIDTH="84" HEIGHT="21" WC="0.77" CONTENT="sedlar&quot;"/><SP WIDTH="17" VPOS="235" HPOS="476"/>
							<String ID="string_16" HPOS="493" VPOS="236" WIDTH="68" HEIGHT="21" WC="0.93" CONTENT="måtte"/><SP WIDTH="15" VPOS="236" HPOS="561"/>
							<String ID="string_17" HPOS="576" VPOS="236" WIDTH="87" HEIGHT="27" WC="0.92" CONTENT="utbytas"/><SP WIDTH="15" VPOS="236" HPOS="663"/>
							<String ID="string_18" HPOS="678" VPOS="235" WIDTH="7" HEIGHT="20" WC="0.95" CONTENT="i"/><SP WIDTH="12" VPOS="235" HPOS="685"/>
							<String ID="string_19" HPOS="697" VPOS="235" WIDTH="70" HEIGHT="22" WC="0.95" CONTENT="likhet"/><SP WIDTH="9" VPOS="235" HPOS="767"/>
							<String ID="string_20" HPOS="776" VPOS="236" WIDTH="50" HEIGHT="21" WC="0.93" CONTENT="med"/><SP WIDTH="11" VPOS="236" HPOS="826"/>
							<String ID="string_21" HPOS="837" VPOS="235" WIDTH="86" HEIGHT="21" WC="0.92" CONTENT="ändrin-"/>
						</TextLine>
						<TextLine ID="line_3" HPOS="173" VPOS="269" WIDTH="628" HEIGHT="30">
							<String ID="string_22" HPOS="173" VPOS="277" WIDTH="42" HEIGHT="22" WC="0.95" CONTENT="gen"/><SP WIDTH="14" VPOS="277" HPOS="215"/>
							<String ID="string_23" HPOS="229" VPOS="271" WIDTH="32" HEIGHT="20" WC="0.95" CONTENT="uti"/><SP WIDTH="15" VPOS="271" HPOS="261"/>
							<String ID="string_24" HPOS="276" VPOS="271" WIDTH="13" HEIGHT="20" WC="0.93" CONTENT="3"/><SP WIDTH="16" VPOS="271" HPOS="289"/>
							<String ID="string_25" HPOS="305" VPOS="271" WIDTH="12" HEIGHT="27" WC="0.85" CONTENT="$"/><SP WIDTH="16" VPOS="271" HPOS="317"/>
							<String ID="string_26" HPOS="333" VPOS="271" WIDTH="59" HEIGHT="34" WC="0.96" CONTENT="emot"/><SP WIDTH="14" VPOS="271" HPOS="392"/>
							<String ID="string_27" HPOS="406" VPOS="269" WIDTH="68" HEIGHT="22" WC="0.96" CONTENT="orden"/><SP WIDTH="16" VPOS="269" HPOS="474"/>
							<String ID="string_28" HPOS="490" VPOS="270" WIDTH="98" HEIGHT="26" WC="0.92" CONTENT=",landets"/><SP WIDTH="16" VPOS="270" HPOS="588"/>
							<String ID="string_29" HPOS="604" VPOS="269" WIDTH="100" HEIGHT="29" WC="0.96" CONTENT="gällande"/><SP WIDTH="16" VPOS="269" HPOS="704"/>
							<String ID="string_30" HPOS="720" VPOS="271" WIDTH="81" HEIGHT="27" WC="0.83" CONTENT="mynt.”"/>
						</TextLine>
					</TextBlock>
					<TextBlock ID="block_2" HPOS="173" VPOS="287" WIDTH="752" HEIGHT="355">
						<TextLine ID="line_4" HPOS="242" VPOS="287" WIDTH="681" HEIGHT="51">
							<String ID="string_31" HPOS="242" VPOS="294" WIDTH="221" HEIGHT="38" WC="0.90" CONTENT="Landtdagsmannen"/><SP WIDTH="15" VPOS="294" HPOS="463"/>
							<String ID="string_32" HPOS="478" VPOS="287" WIDTH="203" HEIGHT="51" WC="0.91" CONTENT="Kumpulainen"/><SP WIDTH="14" VPOS="287" HPOS="681"/>
							<String ID="string_33" HPOS="695" VPOS="305" WIDTH="68" HEIGHT="28" WC="0.96" CONTENT="ansåg"/><SP WIDTH="16" VPOS="305" HPOS="763"/>
							<String ID="string_34" HPOS="779" VPOS="304" WIDTH="35" HEIGHT="22" WC="0.96" CONTENT="det"/><SP WIDTH="11" VPOS="304" HPOS="814"/>
							<String ID="string_35" HPOS="825" VPOS="311" WIDTH="51" HEIGHT="14" WC="0.93" CONTENT="vara"/><SP WIDTH="11" VPOS="311" HPOS="876"/>
							<String ID="string_36" HPOS="887" VPOS="305" WIDTH="36" HEIGHT="20" WC="0.91" CONTENT="be-"/>
						</TextLine>
						<TextLine ID="line_5" HPOS="173" VPOS="339" WIDTH="751" HEIGHT="29">
							<String ID="string_37" HPOS="173" VPOS="340" WIDTH="95" HEIGHT="28" WC="0.88" CONTENT="tänkligt"/><SP WIDTH="15" VPOS="340" HPOS="268"/>
							<String ID="string_38" HPOS="283" VPOS="341" WIDTH="33" HEIGHT="19" WC="0.95" CONTENT="att"/><SP WIDTH="14" VPOS="341" HPOS="316"/>
							<String ID="string_39" HPOS="330" VPOS="341" WIDTH="80" HEIGHT="26" WC="0.96" CONTENT="antaga"/><SP WIDTH="16" VPOS="341" HPOS="410"/>
							<String ID="string_40" HPOS="426" VPOS="339" WIDTH="42" HEIGHT="21" WC="0.96" CONTENT="den"/><SP WIDTH="15" VPOS="339" HPOS="468"/>
							<String ID="string_41" HPOS="483" VPOS="340" WIDTH="23" HEIGHT="20" WC="0.93" CONTENT="af"/><SP WIDTH="14" VPOS="340" HPOS="506"/>
							<String ID="string_42" HPOS="520" VPOS="333" WIDTH="91" HEIGHT="34" WC="0.92" CONTENT="Östring"/><SP WIDTH="15" VPOS="333" HPOS="611"/>
							<String ID="string_43" HPOS="626" VPOS="339" WIDTH="124" HEIGHT="28" WC="0.96" CONTENT="föreslagna"/><SP WIDTH="16" VPOS="339" HPOS="750"/>
							<String ID="string_44" HPOS="766" VPOS="339" WIDTH="99" HEIGHT="27" WC="0.96" CONTENT="ändring."/><SP WIDTH="26" VPOS="339" HPOS="865"/>
							<String ID="string_45" HPOS="891" VPOS="339" WIDTH="33" HEIGHT="27" WC="0.96" CONTENT="Ty"/>
						</TextLine>
						<TextLine ID="line_6" HPOS="174" VPOS="373" WIDTH="749" HEIGHT="29">
							<String ID="string_46" HPOS="174" VPOS="374" WIDTH="68" HEIGHT="22" WC="0.96" CONTENT="under"/><SP WIDTH="16" VPOS="374" HPOS="242"/>
							<String ID="string_47" HPOS="258" VPOS="374" WIDTH="163" HEIGHT="28" WC="0.96" CONTENT="benämningen"/><SP WIDTH="14" VPOS="374" HPOS="421"/>
							<String ID="string_48" HPOS="435" VPOS="374" WIDTH="85" HEIGHT="20" WC="0.96" CONTENT="landets"/><SP WIDTH="16" VPOS="374" HPOS="520"/>
							<String ID="string_49" HPOS="536" VPOS="374" WIDTH="100" HEIGHT="28" WC="0.95" CONTENT="gällande"/><SP WIDTH="15" VPOS="374" HPOS="636"/>
							<String ID="string_50" HPOS="651" VPOS="376" WIDTH="62" HEIGHT="26" WC="0.96" CONTENT="mynt"/><SP WIDTH="14" VPOS="376" HPOS="713"/>
							<String ID="string_51" HPOS="727" VPOS="373" WIDTH="72" HEIGHT="21" WC="0.95" CONTENT="kunde"/><SP WIDTH="20" VPOS="373" HPOS="799"/>
							<String ID="string_52" HPOS="819" VPOS="373" WIDTH="41" HEIGHT="21" WC="0.92" CONTENT="ock"/><SP WIDTH="20" VPOS="373" HPOS="860"/>
							<String ID="string_53" HPOS="880" VPOS="374" WIDTH="43" HEIGHT="20" WC="0.91" CONTENT="för-"/>
						</TextLine>
						<TextLine ID="line_7" HPOS="174" VPOS="408" WIDTH="749" HEIGHT="29">
							<String ID="string_54" HPOS="174" VPOS="410" WIDTH="44" HEIGHT="20" WC="0.92" CONTENT="stås"/><SP WIDTH="20" VPOS="410" HPOS="218"/>
							<String ID="string_55" HPOS="238" VPOS="408" WIDTH="66" HEIGHT="29" WC="0.96" CONTENT="ryska"/><SP WIDTH="20" VPOS="408" HPOS="304"/>
							<String ID="string_56" HPOS="324" VPOS="408" WIDTH="78" HEIGHT="27" WC="0.96" CONTENT="sedlar,"/><SP WIDTH="20" VPOS="408" HPOS="402"/>
							<String ID="string_57" HPOS="422" VPOS="408" WIDTH="24" HEIGHT="21" WC="0.96" CONTENT="så"/><SP WIDTH="14" VPOS="408" HPOS="446"/>
							<String ID="string_58" HPOS="460" VPOS="408" WIDTH="65" HEIGHT="28" WC="0.95" CONTENT="länge"/><SP WIDTH="16" VPOS="408" HPOS="525"/>
							<String ID="string_59" HPOS="541" VPOS="408" WIDTH="81" HEIGHT="21" WC="0.96" CONTENT="sådana"/><SP WIDTH="15" VPOS="408" HPOS="622"/>
							<String ID="string_60" HPOS="637" VPOS="415" WIDTH="51" HEIGHT="14" WC="0.95" CONTENT="vore"/><SP WIDTH="16" VPOS="415" HPOS="688"/>
							<String ID="string_61" HPOS="704" VPOS="408" WIDTH="111" HEIGHT="28" WC="0.96" CONTENT="gångbara"/><SP WIDTH="16" VPOS="408" HPOS="815"/>
							<String ID="string_62" HPOS="831" VPOS="408" WIDTH="31" HEIGHT="21" WC="0.93" CONTENT="uti"/><SP WIDTH="15" VPOS="408" HPOS="862"/>
							<String ID="string_63" HPOS="877" VPOS="408" WIDTH="46" HEIGHT="21" WC="0.90" CONTENT="lan-"/>
						</TextLine>
						<TextLine ID="line_8" HPOS="175" VPOS="442" WIDTH="750" HEIGHT="28">
							<String ID="string_64" HPOS="175" VPOS="443" WIDTH="35" HEIGHT="21" WC="0.96" CONTENT="det"/><SP WIDTH="16" VPOS="443" HPOS="210"/>
							<String ID="string_65" HPOS="226" VPOS="443" WIDTH="40" HEIGHT="21" WC="0.96" CONTENT="och"/><SP WIDTH="16" VPOS="443" HPOS="266"/>
							<String ID="string_66" HPOS="282" VPOS="442" WIDTH="69" HEIGHT="22" WC="0.95" CONTENT="finska"/><SP WIDTH="15" VPOS="442" HPOS="351"/>
							<String ID="string_67" HPOS="366" VPOS="442" WIDTH="87" HEIGHT="22" WC="0.96" CONTENT="banken"/><SP WIDTH="15" VPOS="442" HPOS="453"/>
							<String ID="string_68" HPOS="468" VPOS="442" WIDTH="48" HEIGHT="22" WC="0.96" CONTENT="icke"/><SP WIDTH="16" VPOS="442" HPOS="516"/>
							<String ID="string_69" HPOS="532" VPOS="442" WIDTH="108" HEIGHT="22" WC="0.96" CONTENT="befriades"/><SP WIDTH="16" VPOS="442" HPOS="640"/>
							<String ID="string_70" HPOS="656" VPOS="442" WIDTH="57" HEIGHT="22" WC="0.96" CONTENT="ifrån"/><SP WIDTH="16" VPOS="442" HPOS="713"/>
							<String ID="string_71" HPOS="729" VPOS="442" WIDTH="152" HEIGHT="28" WC="0.96" CONTENT="skyldigheten"/><SP WIDTH="12" VPOS="442" HPOS="881"/>
							<String ID="string_72" HPOS="893" VPOS="444" WIDTH="32" HEIGHT="20" WC="0.96" CONTENT="att"/>
						</TextLine>
						<TextLine ID="line_9" HPOS="174" VPOS="476" WIDTH="749" HEIGHT="29">
							<String ID="string_73" HPOS="174" VPOS="479" WIDTH="110" HEIGHT="26" WC="0.92" CONTENT="emottaga"/><SP WIDTH="16" VPOS="479" HPOS="284"/>
							<String ID="string_74" HPOS="300" VPOS="477" WIDTH="59" HEIGHT="27" WC="0.96" CONTENT="dem,"/><SP WIDTH="17" VPOS="477" HPOS="359"/>
							<String ID="string_75" HPOS="376" VPOS="478" WIDTH="56" HEIGHT="20" WC="0.96" CONTENT="samt"/><SP WIDTH="15" VPOS="478" HPOS="432"/>
							<String ID="string_76" HPOS="447" VPOS="476" WIDTH="28" HEIGHT="22" WC="0.96" CONTENT="då"/><SP WIDTH="15" VPOS="476" HPOS="475"/>
							<String ID="string_77" HPOS="490" VPOS="477" WIDTH="36" HEIGHT="21" WC="0.96" CONTENT="det"/><SP WIDTH="15" VPOS="477" HPOS="526"/>
							<String ID="string_78" HPOS="541" VPOS="478" WIDTH="58" HEIGHT="20" WC="0.92" CONTENT="ännu"/><SP WIDTH="15" VPOS="478" HPOS="599"/>
							<String ID="string_79" HPOS="614" VPOS="477" WIDTH="48" HEIGHT="28" WC="0.91" CONTENT="låge"/><SP WIDTH="17" VPOS="477" HPOS="662"/>
							<String ID="string_80" HPOS="679" VPOS="477" WIDTH="76" HEIGHT="21" WC="0.96" CONTENT="endast"/><SP WIDTH="11" VPOS="477" HPOS="755"/>
							<String ID="string_81" HPOS="766" VPOS="478" WIDTH="8" HEIGHT="20" WC="0.96" CONTENT="i"/><SP WIDTH="9" VPOS="478" HPOS="774"/>
							<String ID="string_82" HPOS="783" VPOS="477" WIDTH="92" HEIGHT="28" WC="0.96" CONTENT="hoppet,"/><SP WIDTH="16" VPOS="477" HPOS="875"/>
							<String ID="string_83" HPOS="891" VPOS="478" WIDTH="32" HEIGHT="20" WC="0.96" CONTENT="att"/>
						</TextLine>
						<TextLine ID="line_10" HPOS="174" VPOS="512" WIDTH="750" HEIGHT="29">
							<String ID="string_84" HPOS="174" VPOS="512" WIDTH="65" HEIGHT="29" WC="0.93" CONTENT="ryska"/><SP WIDTH="19" VPOS="512" HPOS="239"/>
							<String ID="string_85" HPOS="258" VPOS="512" WIDTH="111" HEIGHT="22" WC="0.89" CONTENT="sedlarnes"/><SP WIDTH="20" VPOS="512" HPOS="369"/>
							<String ID="string_86" HPOS="389" VPOS="512" WIDTH="130" HEIGHT="27" WC="0.91" CONTENT="tvångskurs"/><SP WIDTH="20" VPOS="512" HPOS="519"/>
							<String ID="string_87" HPOS="539" VPOS="512" WIDTH="7" HEIGHT="20" WC="0.96" CONTENT="i"/><SP WIDTH="19" VPOS="512" HPOS="546"/>
							<String ID="string_88" HPOS="565" VPOS="512" WIDTH="74" HEIGHT="21" WC="0.96" CONTENT="landet"/><SP WIDTH="20" VPOS="512" HPOS="639"/>
							<String ID="string_89" HPOS="659" VPOS="512" WIDTH="120" HEIGHT="28" WC="0.94" CONTENT="upphörde."/><SP WIDTH="29" VPOS="512" HPOS="779"/>
							<String ID="string_90" HPOS="808" VPOS="512" WIDTH="45" HEIGHT="21" WC="0.95" CONTENT="Det"/><SP WIDTH="19" VPOS="512" HPOS="853"/>
							<String ID="string_91" HPOS="872" VPOS="518" WIDTH="52" HEIGHT="15" WC="0.94" CONTENT="vore"/>
						</TextLine>
						<TextLine ID="line_11" HPOS="173" VPOS="546" WIDTH="751" HEIGHT="28">
							<String ID="string_92" HPOS="173" VPOS="547" WIDTH="48" HEIGHT="21" WC="0.93" CONTENT="fara"/><SP WIDTH="15" VPOS="547" HPOS="221"/>
							<String ID="string_93" HPOS="236" VPOS="546" WIDTH="62" HEIGHT="22" WC="0.92" CONTENT="värdt"/><SP WIDTH="16" VPOS="546" HPOS="298"/>
							<String ID="string_94" HPOS="314" VPOS="548" WIDTH="32" HEIGHT="19" WC="0.95" CONTENT="att"/><SP WIDTH="14" VPOS="548" HPOS="346"/>
							<String ID="string_95" HPOS="360" VPOS="546" WIDTH="75" HEIGHT="21" WC="0.93" CONTENT="landet"/><SP WIDTH="16" VPOS="546" HPOS="435"/>
							<String ID="string_96" HPOS="451" VPOS="546" WIDTH="196" HEIGHT="21" WC="0.92" CONTENT="öfversvämmades"/><SP WIDTH="16" VPOS="546" HPOS="647"/>
							<String ID="string_97" HPOS="663" VPOS="546" WIDTH="24" HEIGHT="21" WC="0.96" CONTENT="af"/><SP WIDTH="13" VPOS="546" HPOS="687"/>
							<String ID="string_98" HPOS="700" VPOS="546" WIDTH="65" HEIGHT="28" WC="0.96" CONTENT="ryska"/><SP WIDTH="16" VPOS="546" HPOS="765"/>
							<String ID="string_99" HPOS="781" VPOS="546" WIDTH="77" HEIGHT="21" WC="0.93" CONTENT="sedlar."/><SP WIDTH="25" VPOS="546" HPOS="858"/>
							<String ID="string_100" HPOS="883" VPOS="546" WIDTH="41" HEIGHT="21" WC="0.92" CONTENT="Ta-"/>
						</TextLine>
						<TextLine ID="line_12" HPOS="174" VPOS="580" WIDTH="750" HEIGHT="42">
							<String ID="string_101" HPOS="174" VPOS="582" WIDTH="61" HEIGHT="21" WC="0.92" CONTENT="laren"/><SP WIDTH="15" VPOS="582" HPOS="235"/>
							<String ID="string_102" HPOS="250" VPOS="580" WIDTH="149" HEIGHT="22" WC="0.92" CONTENT="återhemtade"/><SP WIDTH="19" VPOS="580" HPOS="399"/>
							<String ID="string_103" HPOS="418" VPOS="580" WIDTH="38" HEIGHT="21" WC="0.95" CONTENT="sitt"/><SP WIDTH="15" VPOS="580" HPOS="456"/>
							<String ID="string_104" HPOS="471" VPOS="580" WIDTH="97" HEIGHT="28" WC="0.95" CONTENT="yrkande"/><SP WIDTH="16" VPOS="580" HPOS="568"/>
							<String ID="string_105" HPOS="584" VPOS="587" WIDTH="34" HEIGHT="14" WC="0.93" CONTENT="om"/><SP WIDTH="16" VPOS="587" HPOS="618"/>
							<String ID="string_106" HPOS="634" VPOS="581" WIDTH="30" HEIGHT="26" WC="0.75" CONTENT="8:s"/><SP WIDTH="16" VPOS="581" HPOS="664"/>
							<String ID="string_107" HPOS="680" VPOS="580" WIDTH="159" HEIGHT="42" WC="0.96" CONTENT="godkännande"/><SP WIDTH="16" VPOS="580" HPOS="839"/>
							<String ID="string_108" HPOS="855" VPOS="580" WIDTH="69" HEIGHT="28" WC="0.95" CONTENT="enligt"/>
						</TextLine>
						<TextLine ID="line_13" HPOS="174" VPOS="614" WIDTH="221" HEIGHT="28">
							<String ID="string_109" HPOS="174" VPOS="616" WIDTH="117" HEIGHT="20" WC="0.96" CONTENT="utskottets"/><SP WIDTH="15" VPOS="616" HPOS="291"/>
							<String ID="string_110" HPOS="306" VPOS="614" WIDTH="89" HEIGHT="28" WC="0.96" CONTENT="förslag."/>
						</TextLine>
					</TextBlock>
					<TextBlock ID="block_3" HPOS="173" VPOS="648" WIDTH="754" HEIGHT="196">
						<TextLine ID="line_14" HPOS="241" VPOS="648" WIDTH="684" HEIGHT="29">
							<String ID="string_111" HPOS="241" VPOS="649" WIDTH="222" HEIGHT="27" WC="0.91" CONTENT="Landtdagsmannen"/><SP WIDTH="22" VPOS="649" HPOS="463"/>
							<String ID="string_112" HPOS="485" VPOS="648" WIDTH="135" HEIGHT="22" WC="0.92" CONTENT="Pelkonen"/><SP WIDTH="21" VPOS="648" HPOS="620"/>
							<String ID="string_113" HPOS="641" VPOS="656" WIDTH="38" HEIGHT="14" WC="0.96" CONTENT="var"/><SP WIDTH="20" VPOS="656" HPOS="679"/>
							<String ID="string_114" HPOS="699" VPOS="656" WIDTH="51" HEIGHT="14" WC="0.96" CONTENT="ense"/><SP WIDTH="18" VPOS="656" HPOS="750"/>
							<String ID="string_115" HPOS="768" VPOS="649" WIDTH="49" HEIGHT="21" WC="0.93" CONTENT="med"/><SP WIDTH="16" VPOS="649" HPOS="817"/>
							<String ID="string_116" HPOS="833" VPOS="643" WIDTH="92" HEIGHT="34" WC="0.92" CONTENT="Östring"/>
						</TextLine>
						<TextLine ID="line_15" HPOS="175" VPOS="682" WIDTH="749" HEIGHT="29">
							<String ID="string_117" HPOS="175" VPOS="684" WIDTH="39" HEIGHT="21" WC="0.96" CONTENT="och"/><SP WIDTH="16" VPOS="684" HPOS="214"/>
							<String ID="string_118" HPOS="230" VPOS="683" WIDTH="113" HEIGHT="24" WC="0.96" CONTENT="anmärkte"/><SP WIDTH="16" VPOS="683" HPOS="343"/>
							<String ID="string_119" HPOS="359" VPOS="684" WIDTH="58" HEIGHT="20" WC="0.93" CONTENT="emot"/><SP WIDTH="15" VPOS="684" HPOS="417"/>
							<String ID="string_120" HPOS="432" VPOS="682" WIDTH="172" HEIGHT="29" WC="0.91" CONTENT="Kumpulainen,"/><SP WIDTH="15" VPOS="682" HPOS="604"/>
							<String ID="string_121" HPOS="619" VPOS="685" WIDTH="32" HEIGHT="19" WC="0.96" CONTENT="att"/><SP WIDTH="16" VPOS="685" HPOS="651"/>
							<String ID="string_122" HPOS="667" VPOS="690" WIDTH="34" HEIGHT="14" WC="0.96" CONTENT="om"/><SP WIDTH="16" VPOS="690" HPOS="701"/>
							<String ID="string_123" HPOS="717" VPOS="683" WIDTH="41" HEIGHT="22" WC="0.96" CONTENT="ock"/><SP WIDTH="15" VPOS="683" HPOS="758"/>
							<String ID="string_124" HPOS="773" VPOS="683" WIDTH="65" HEIGHT="28" WC="0.96" CONTENT="ryska"/><SP WIDTH="15" VPOS="683" HPOS="838"/>
							<String ID="string_125" HPOS="853" VPOS="683" WIDTH="71" HEIGHT="22" WC="0.96" CONTENT="sedlar"/>
						</TextLine>
						<TextLine ID="line_16" HPOS="174" VPOS="717" WIDTH="749" HEIGHT="28">
							<String ID="string_126" HPOS="174" VPOS="725" WIDTH="51" HEIGHT="14" WC="0.96" CONTENT="voro"/><SP WIDTH="16" VPOS="725" HPOS="225"/>
							<String ID="string_127" HPOS="241" VPOS="719" WIDTH="7" HEIGHT="20" WC="0.96" CONTENT="i"/><SP WIDTH="15" VPOS="719" HPOS="248"/>
							<String ID="string_128" HPOS="263" VPOS="717" WIDTH="75" HEIGHT="22" WC="0.93" CONTENT="landet"/><SP WIDTH="15" VPOS="717" HPOS="338"/>
							<String ID="string_129" HPOS="353" VPOS="717" WIDTH="120" HEIGHT="28" WC="0.91" CONTENT="gångbare,"/><SP WIDTH="23" VPOS="717" HPOS="473"/>
							<String ID="string_130" HPOS="496" VPOS="718" WIDTH="24" HEIGHT="21" WC="0.96" CONTENT="så"/><SP WIDTH="19" VPOS="718" HPOS="520"/>
							<String ID="string_131" HPOS="539" VPOS="718" WIDTH="57" HEIGHT="27" WC="0.96" CONTENT="finge"/><SP WIDTH="16" VPOS="718" HPOS="596"/>
							<String ID="string_132" HPOS="612" VPOS="717" WIDTH="63" HEIGHT="22" WC="0.96" CONTENT="dessa"/><SP WIDTH="15" VPOS="717" HPOS="675"/>
							<String ID="string_133" HPOS="690" VPOS="718" WIDTH="7" HEIGHT="20" WC="0.96" CONTENT="i"/><SP WIDTH="16" VPOS="718" HPOS="697"/>
							<String ID="string_134" HPOS="713" VPOS="718" WIDTH="43" HEIGHT="21" WC="0.95" CONTENT="alla"/><SP WIDTH="16" VPOS="718" HPOS="756"/>
							<String ID="string_135" HPOS="772" VPOS="718" WIDTH="38" HEIGHT="21" WC="0.93" CONTENT="fall"/><SP WIDTH="15" VPOS="718" HPOS="810"/>
							<String ID="string_136" HPOS="825" VPOS="719" WIDTH="98" HEIGHT="20" WC="0.91" CONTENT="invexlas"/>
						</TextLine>
						<TextLine ID="line_17" HPOS="173" VPOS="752" WIDTH="754" HEIGHT="29">
							<String ID="string_137" HPOS="173" VPOS="753" WIDTH="33" HEIGHT="20" WC="0.96" CONTENT="till"/><SP WIDTH="15" VPOS="753" HPOS="206"/>
							<String ID="string_138" HPOS="221" VPOS="753" WIDTH="71" HEIGHT="21" WC="0.96" CONTENT="finska"/><SP WIDTH="20" VPOS="753" HPOS="292"/>
							<String ID="string_139" HPOS="312" VPOS="752" WIDTH="77" HEIGHT="27" WC="0.96" CONTENT="sedlar,"/><SP WIDTH="21" VPOS="752" HPOS="389"/>
							<String ID="string_140" HPOS="410" VPOS="752" WIDTH="7" HEIGHT="21" WC="0.96" CONTENT="i"/><SP WIDTH="20" VPOS="752" HPOS="417"/>
							<String ID="string_141" HPOS="437" VPOS="752" WIDTH="108" HEIGHT="21" WC="0.93" CONTENT="anseende"/><SP WIDTH="15" VPOS="752" HPOS="545"/>
							<String ID="string_142" HPOS="560" VPOS="753" WIDTH="88" HEIGHT="20" WC="0.91" CONTENT="hvartill"/><SP WIDTH="15" VPOS="753" HPOS="648"/>
							<String ID="string_143" HPOS="663" VPOS="753" WIDTH="84" HEIGHT="21" WC="0.96" CONTENT="talaren"/><SP WIDTH="15" VPOS="753" HPOS="747"/>
							<String ID="string_144" HPOS="762" VPOS="753" WIDTH="68" HEIGHT="28" WC="0.95" CONTENT="ansåg"/><SP WIDTH="15" VPOS="753" HPOS="830"/>
							<String ID="string_145" HPOS="845" VPOS="753" WIDTH="41" HEIGHT="21" WC="0.96" CONTENT="den"/><SP WIDTH="16" VPOS="753" HPOS="886"/>
							<String ID="string_146" HPOS="902" VPOS="753" WIDTH="25" HEIGHT="21" WC="0.96" CONTENT="af"/>
						</TextLine>
						<TextLine ID="line_18" HPOS="174" VPOS="786" WIDTH="749" HEIGHT="30">
							<String ID="string_147" HPOS="174" VPOS="787" WIDTH="162" HEIGHT="29" WC="0.92" CONTENT="Kumpulainen"/><SP WIDTH="20" VPOS="787" HPOS="336"/>
							<String ID="string_148" HPOS="356" VPOS="786" WIDTH="85" HEIGHT="29" WC="0.93" CONTENT="yttrade"/><SP WIDTH="21" VPOS="786" HPOS="441"/>
							<String ID="string_149" HPOS="462" VPOS="787" WIDTH="151" HEIGHT="28" WC="0.91" CONTENT="betänklighet"/><SP WIDTH="19" VPOS="787" HPOS="613"/>
							<String ID="string_150" HPOS="632" VPOS="787" WIDTH="48" HEIGHT="21" WC="0.93" CONTENT="icke"/><SP WIDTH="20" VPOS="787" HPOS="680"/>
							<String ID="string_151" HPOS="700" VPOS="787" WIDTH="95" HEIGHT="28" WC="0.91" CONTENT="förtjena"/><SP WIDTH="15" VPOS="787" HPOS="795"/>
							<String ID="string_152" HPOS="810" VPOS="789" WIDTH="67" HEIGHT="26" WC="0.93" CONTENT="något"/><SP WIDTH="16" VPOS="789" HPOS="877"/>
							<String ID="string_153" HPOS="893" VPOS="788" WIDTH="30" HEIGHT="21" WC="0.92" CONTENT="af-"/>
						</TextLine>
						<TextLine ID="line_19" HPOS="174" VPOS="822" WIDTH="85" HEIGHT="22">
							<String ID="string_154" HPOS="174" VPOS="822" WIDTH="85" HEIGHT="22" WC="0.96" CONTENT="seende."/>
						</TextLine>
					</TextBlock>
					<TextBlock ID="block_4" HPOS="171" VPOS="837" WIDTH="761" HEIGHT="526">
						<TextLine ID="line_20" HPOS="242" VPOS="837" WIDTH="682" HEIGHT="48">
							<String ID="string_155" HPOS="242" VPOS="856" WIDTH="223" HEIGHT="28" WC="0.92" CONTENT="Landtdagsmannen"/><SP WIDTH="15" VPOS="856" HPOS="465"/>
							<String ID="string_156" HPOS="480" VPOS="855" WIDTH="66" HEIGHT="22" WC="0.93" CONTENT="Keto"/><SP WIDTH="16" VPOS="855" HPOS="546"/>
							<String ID="string_157" HPOS="562" VPOS="856" WIDTH="95" HEIGHT="28" WC="0.96" CONTENT="föreslog"/><SP WIDTH="16" VPOS="856" HPOS="657"/>
							<String ID="string_158" HPOS="673" VPOS="857" WIDTH="31" HEIGHT="20" WC="0.93" CONTENT="att"/><SP WIDTH="11" VPOS="857" HPOS="704"/>
							<String ID="string_159" HPOS="715" VPOS="857" WIDTH="30" HEIGHT="27" WC="0.40" CONTENT="&amp;:s"/><SP WIDTH="10" VPOS="857" HPOS="745"/>
							<String ID="string_160" HPOS="755" VPOS="857" WIDTH="22" HEIGHT="28" WC="0.79" CONTENT="ly"/><SP WIDTH="2" VPOS="857" HPOS="777"/>
							<String ID="string_161" HPOS="779" VPOS="837" WIDTH="59" HEIGHT="41" WC="0.16" CONTENT="Jälaa"/><SP WIDTH="13" VPOS="837" HPOS="838"/>
							<String ID="string_162" HPOS="851" VPOS="857" WIDTH="73" HEIGHT="22" WC="0.84" CONTENT="blefve"/>
						</TextLine>
						<TextLine ID="line_21" HPOS="175" VPOS="890" WIDTH="750" HEIGHT="29">
							<String ID="string_163" HPOS="175" VPOS="891" WIDTH="106" HEIGHT="28" WC="0.93" CONTENT="följande:"/><SP WIDTH="25" VPOS="891" HPOS="281"/>
							<String ID="string_164" HPOS="306" VPOS="890" WIDTH="105" HEIGHT="27" WC="0.88" CONTENT=",Enskild"/><SP WIDTH="19" VPOS="890" HPOS="411"/>
							<String ID="string_165" HPOS="430" VPOS="890" WIDTH="58" HEIGHT="21" WC="0.95" CONTENT="bank"/><SP WIDTH="23" VPOS="890" HPOS="488"/>
							<String ID="string_166" HPOS="511" VPOS="892" WIDTH="24" HEIGHT="19" WC="0.93" CONTENT="är"/><SP WIDTH="21" VPOS="892" HPOS="535"/>
							<String ID="string_167" HPOS="556" VPOS="890" WIDTH="121" HEIGHT="28" WC="0.96" CONTENT="berättigad"/><SP WIDTH="21" VPOS="890" HPOS="677"/>
							<String ID="string_168" HPOS="698" VPOS="893" WIDTH="32" HEIGHT="18" WC="0.93" CONTENT="att"/><SP WIDTH="15" VPOS="893" HPOS="730"/>
							<String ID="string_169" HPOS="745" VPOS="891" WIDTH="83" HEIGHT="27" WC="0.92" CONTENT="utgifva"/><SP WIDTH="16" VPOS="891" HPOS="828"/>
							<String ID="string_170" HPOS="844" VPOS="891" WIDTH="81" HEIGHT="21" WC="0.92" CONTENT="kredit-"/>
						</TextLine>
						<TextLine ID="line_22" HPOS="175" VPOS="924" WIDTH="749" HEIGHT="29">
							<String ID="string_171" HPOS="175" VPOS="925" WIDTH="70" HEIGHT="21" WC="0.96" CONTENT="sedlar"/><SP WIDTH="20" VPOS="925" HPOS="245"/>
							<String ID="string_172" HPOS="265" VPOS="924" WIDTH="94" HEIGHT="29" WC="0.96" CONTENT="löpande"/><SP WIDTH="20" VPOS="924" HPOS="359"/>
							<String ID="string_173" HPOS="379" VPOS="926" WIDTH="53" HEIGHT="19" WC="0.92" CONTENT="utan"/><SP WIDTH="14" VPOS="926" HPOS="432"/>
							<String ID="string_174" HPOS="446" VPOS="926" WIDTH="63" HEIGHT="20" WC="0.96" CONTENT="ränta"/><SP WIDTH="15" VPOS="926" HPOS="509"/>
							<String ID="string_175" HPOS="524" VPOS="925" WIDTH="33" HEIGHT="20" WC="0.93" CONTENT="till"/><SP WIDTH="15" VPOS="925" HPOS="557"/>
							<String ID="string_176" HPOS="572" VPOS="924" WIDTH="80" HEIGHT="28" WC="0.96" CONTENT="belopp"/><SP WIDTH="16" VPOS="924" HPOS="652"/>
							<String ID="string_177" HPOS="668" VPOS="925" WIDTH="25" HEIGHT="20" WC="0.96" CONTENT="af"/><SP WIDTH="12" VPOS="925" HPOS="693"/>
							<String ID="string_178" HPOS="705" VPOS="925" WIDTH="38" HEIGHT="21" WC="0.93" CONTENT="sitt"/><SP WIDTH="16" VPOS="925" HPOS="743"/>
							<String ID="string_179" HPOS="759" VPOS="925" WIDTH="165" HEIGHT="28" WC="0.82" CONTENT="grundkapital,"/>
						</TextLine>
						<TextLine ID="line_23" HPOS="174" VPOS="958" WIDTH="750" HEIGHT="29">
							<String ID="string_180" HPOS="174" VPOS="961" WIDTH="58" HEIGHT="19" WC="0.93" CONTENT="emot"/><SP WIDTH="10" VPOS="961" HPOS="232"/>
							<String ID="string_181" HPOS="242" VPOS="959" WIDTH="142" HEIGHT="27" WC="0.91" CONTENT="nedsättning"/><SP WIDTH="10" VPOS="959" HPOS="384"/>
							<String ID="string_182" HPOS="394" VPOS="959" WIDTH="24" HEIGHT="20" WC="0.93" CONTENT="af"/><SP WIDTH="8" VPOS="959" HPOS="418"/>
							<String ID="string_183" HPOS="426" VPOS="958" WIDTH="162" HEIGHT="21" WC="0.91" CONTENT="redannämnde"/><SP WIDTH="11" VPOS="958" HPOS="588"/>
							<String ID="string_184" HPOS="599" VPOS="959" WIDTH="249" HEIGHT="28" WC="0.91" CONTENT="säkerhetshandlingar."/><SP WIDTH="22" VPOS="959" HPOS="848"/>
							<String ID="string_185" HPOS="870" VPOS="959" WIDTH="54" HEIGHT="22" WC="0.92" CONTENT="Kre-"/>
						</TextLine>
						<TextLine ID="line_24" HPOS="175" VPOS="993" WIDTH="749" HEIGHT="22">
							<String ID="string_186" HPOS="175" VPOS="993" WIDTH="143" HEIGHT="22" WC="0.91" CONTENT="ditsedlarnes"/><SP WIDTH="16" VPOS="993" HPOS="318"/>
							<String ID="string_187" HPOS="334" VPOS="993" WIDTH="84" HEIGHT="21" WC="0.92" CONTENT="valörer"/><SP WIDTH="15" VPOS="993" HPOS="418"/>
							<String ID="string_188" HPOS="433" VPOS="993" WIDTH="131" HEIGHT="21" WC="0.92" CONTENT="bestämmas"/><SP WIDTH="16" VPOS="993" HPOS="564"/>
							<String ID="string_189" HPOS="580" VPOS="993" WIDTH="25" HEIGHT="21" WC="0.93" CONTENT="af"/><SP WIDTH="12" VPOS="993" HPOS="605"/>
							<String ID="string_190" HPOS="617" VPOS="995" WIDTH="90" HEIGHT="20" WC="0.92" CONTENT="senaten"/><SP WIDTH="16" VPOS="995" HPOS="707"/>
							<String ID="string_191" HPOS="723" VPOS="993" WIDTH="40" HEIGHT="22" WC="0.96" CONTENT="och"/><SP WIDTH="16" VPOS="993" HPOS="763"/>
							<String ID="string_192" HPOS="779" VPOS="994" WIDTH="35" HEIGHT="21" WC="0.96" CONTENT="mä"/><SP WIDTH="15" VPOS="994" HPOS="814"/>
							<String ID="string_193" HPOS="829" VPOS="994" WIDTH="33" HEIGHT="21" WC="0.96" CONTENT="till"/><SP WIDTH="14" VPOS="994" HPOS="862"/>
							<String ID="string_194" HPOS="876" VPOS="994" WIDTH="48" HEIGHT="21" WC="0.96" CONTENT="dem"/>
						</TextLine>
						<TextLine ID="line_25" HPOS="175" VPOS="1026" WIDTH="750" HEIGHT="30">
							<String ID="string_195" HPOS="175" VPOS="1028" WIDTH="109" HEIGHT="28" WC="0.92" CONTENT="begagnas"/><SP WIDTH="16" VPOS="1028" HPOS="284"/>
							<String ID="string_196" HPOS="300" VPOS="1026" WIDTH="86" HEIGHT="29" WC="0.90" CONTENT="tryckta"/><SP WIDTH="13" VPOS="1026" HPOS="386"/>
							<String ID="string_197" HPOS="399" VPOS="1040" WIDTH="22" HEIGHT="2" WC="0.93" CONTENT="—"/><SP WIDTH="11" VPOS="1040" HPOS="421"/>
							<String ID="string_198" HPOS="432" VPOS="1028" WIDTH="41" HEIGHT="20" WC="0.93" CONTENT="ete."/><SP WIDTH="9" VPOS="1028" HPOS="473"/>
							<String ID="string_199" HPOS="482" VPOS="1040" WIDTH="25" HEIGHT="2" WC="0.92" CONTENT="—"/><SP WIDTH="13" VPOS="1040" HPOS="507"/>
							<String ID="string_200" HPOS="520" VPOS="1026" WIDTH="35" HEIGHT="22" WC="0.93" CONTENT="vid"/><SP WIDTH="16" VPOS="1026" HPOS="555"/>
							<String ID="string_201" HPOS="571" VPOS="1027" WIDTH="145" HEIGHT="29" WC="0.92" CONTENT="uppvisandet"/><SP WIDTH="14" VPOS="1027" HPOS="716"/>
							<String ID="string_202" HPOS="730" VPOS="1028" WIDTH="8" HEIGHT="20" WC="0.93" CONTENT="i"/><SP WIDTH="15" VPOS="1028" HPOS="738"/>
							<String ID="string_203" HPOS="753" VPOS="1028" WIDTH="67" HEIGHT="28" WC="0.92" CONTENT="nägot"/><SP WIDTH="15" VPOS="1028" HPOS="820"/>
							<String ID="string_204" HPOS="835" VPOS="1028" WIDTH="24" HEIGHT="21" WC="0.93" CONTENT="af"/><SP WIDTH="13" VPOS="1028" HPOS="859"/>
							<String ID="string_205" HPOS="872" VPOS="1028" WIDTH="53" HEIGHT="22" WC="0.92" CONTENT="ban-"/>
						</TextLine>
						<TextLine ID="line_26" HPOS="174" VPOS="1062" WIDTH="750" HEIGHT="28">
							<String ID="string_206" HPOS="174" VPOS="1062" WIDTH="53" HEIGHT="22" WC="0.92" CONTENT="kens"/><SP WIDTH="20" VPOS="1062" HPOS="227"/>
							<String ID="string_207" HPOS="247" VPOS="1062" WIDTH="87" HEIGHT="26" WC="0.95" CONTENT="kontor,"/><SP WIDTH="21" VPOS="1062" HPOS="334"/>
							<String ID="string_208" HPOS="355" VPOS="1062" WIDTH="49" HEIGHT="21" WC="0.93" CONTENT="med"/><SP WIDTH="22" VPOS="1062" HPOS="404"/>
							<String ID="string_209" HPOS="426" VPOS="1062" WIDTH="74" HEIGHT="21" WC="0.90" CONTENT="silfver"/><SP WIDTH="21" VPOS="1062" HPOS="500"/>
							<String ID="string_210" HPOS="521" VPOS="1062" WIDTH="54" HEIGHT="21" WC="0.93" CONTENT="eller"/><SP WIDTH="19" VPOS="1062" HPOS="575"/>
							<String ID="string_211" HPOS="594" VPOS="1062" WIDTH="85" HEIGHT="21" WC="0.92" CONTENT="landets"/><SP WIDTH="21" VPOS="1062" HPOS="679"/>
							<String ID="string_212" HPOS="700" VPOS="1062" WIDTH="100" HEIGHT="28" WC="0.93" CONTENT="gällande"/><SP WIDTH="15" VPOS="1062" HPOS="800"/>
							<String ID="string_213" HPOS="815" VPOS="1064" WIDTH="62" HEIGHT="26" WC="0.93" CONTENT="mynt"/><SP WIDTH="15" VPOS="1064" HPOS="877"/>
							<String ID="string_214" HPOS="892" VPOS="1063" WIDTH="32" HEIGHT="21" WC="0.92" CONTENT="in-"/>
						</TextLine>
						<TextLine ID="line_27" HPOS="173" VPOS="1096" WIDTH="751" HEIGHT="29">
							<String ID="string_215" HPOS="173" VPOS="1097" WIDTH="50" HEIGHT="27" WC="0.96" CONTENT="fria,"/><SP WIDTH="20" VPOS="1097" HPOS="223"/>
							<String ID="string_216" HPOS="243" VPOS="1096" WIDTH="36" HEIGHT="22" WC="0.93" CONTENT="vid"/><SP WIDTH="21" VPOS="1096" HPOS="279"/>
							<String ID="string_217" HPOS="300" VPOS="1096" WIDTH="99" HEIGHT="28" WC="0.92" CONTENT="äfventyr"/><SP WIDTH="21" VPOS="1096" HPOS="399"/>
							<String ID="string_218" HPOS="420" VPOS="1098" WIDTH="32" HEIGHT="19" WC="0.93" CONTENT="att"/><SP WIDTH="15" VPOS="1098" HPOS="452"/>
							<String ID="string_219" HPOS="467" VPOS="1097" WIDTH="65" HEIGHT="27" WC="0.96" CONTENT="eljest"/><SP WIDTH="14" VPOS="1097" HPOS="532"/>
							<String ID="string_220" HPOS="546" VPOS="1103" WIDTH="53" HEIGHT="15" WC="0.96" CONTENT="vara"/><SP WIDTH="15" VPOS="1103" HPOS="599"/>
							<String ID="string_221" HPOS="614" VPOS="1096" WIDTH="47" HEIGHT="21" WC="0.93" CONTENT="sina"/><SP WIDTH="15" VPOS="1096" HPOS="661"/>
							<String ID="string_222" HPOS="676" VPOS="1097" WIDTH="189" HEIGHT="28" WC="0.87" CONTENT="bankrättigheter"/><SP WIDTH="16" VPOS="1097" HPOS="865"/>
							<String ID="string_223" HPOS="881" VPOS="1098" WIDTH="43" HEIGHT="20" WC="0.93" CONTENT="för-"/>
						</TextLine>
						<TextLine ID="line_28" HPOS="172" VPOS="1126" WIDTH="760" HEIGHT="37">
							<String ID="string_224" HPOS="172" VPOS="1126" WIDTH="86" HEIGHT="37" WC="0.88" CONTENT="lustig.*"/><SP WIDTH="671" VPOS="1126" HPOS="258"/>
							<String ID="string_225" HPOS="929" VPOS="1144" WIDTH="3" HEIGHT="2" WC="0.31" CONTENT=":"/>
						</TextLine>
						<TextLine ID="line_29" HPOS="240" VPOS="1164" WIDTH="683" HEIGHT="30">
							<String ID="string_226" HPOS="240" VPOS="1164" WIDTH="222" HEIGHT="28" WC="0.90" CONTENT="Landtdagsmannen"/><SP WIDTH="15" VPOS="1164" HPOS="462"/>
							<String ID="string_227" HPOS="477" VPOS="1165" WIDTH="88" HEIGHT="21" WC="0.93" CONTENT="Klami"/><SP WIDTH="16" VPOS="1165" HPOS="565"/>
							<String ID="string_228" HPOS="581" VPOS="1165" WIDTH="115" HEIGHT="21" WC="0.93" CONTENT="förordade"/><SP WIDTH="15" VPOS="1165" HPOS="696"/>
							<String ID="string_229" HPOS="711" VPOS="1166" WIDTH="30" HEIGHT="27" WC="0.12" CONTENT="&amp;:s"/><SP WIDTH="12" VPOS="1166" HPOS="741"/>
							<String ID="string_230" HPOS="753" VPOS="1166" WIDTH="122" HEIGHT="28" WC="0.93" CONTENT="antagande"/><SP WIDTH="11" VPOS="1166" HPOS="875"/>
							<String ID="string_231" HPOS="886" VPOS="1172" WIDTH="37" HEIGHT="14" WC="0.92" CONTENT="en-"/>
						</TextLine>
						<TextLine ID="line_30" HPOS="172" VPOS="1200" WIDTH="751" HEIGHT="28">
							<String ID="string_232" HPOS="172" VPOS="1200" WIDTH="40" HEIGHT="28" WC="0.92" CONTENT="ligt"/><SP WIDTH="20" VPOS="1200" HPOS="212"/>
							<String ID="string_233" HPOS="232" VPOS="1200" WIDTH="117" HEIGHT="21" WC="0.92" CONTENT="utskottets"/><SP WIDTH="20" VPOS="1200" HPOS="349"/>
							<String ID="string_234" HPOS="369" VPOS="1200" WIDTH="138" HEIGHT="21" WC="0.92" CONTENT="betänkande"/><SP WIDTH="20" VPOS="1200" HPOS="507"/>
							<String ID="string_235" HPOS="527" VPOS="1200" WIDTH="7" HEIGHT="20" WC="0.93" CONTENT="i"/><SP WIDTH="20" VPOS="1200" HPOS="534"/>
							<String ID="string_236" HPOS="554" VPOS="1200" WIDTH="76" HEIGHT="27" WC="0.92" CONTENT="öfrigt,"/><SP WIDTH="21" VPOS="1200" HPOS="630"/>
							<String ID="string_237" HPOS="651" VPOS="1202" WIDTH="60" HEIGHT="18" WC="0.92" CONTENT="utom"/><SP WIDTH="18" VPOS="1202" HPOS="711"/>
							<String ID="string_238" HPOS="729" VPOS="1201" WIDTH="32" HEIGHT="20" WC="0.93" CONTENT="att"/><SP WIDTH="16" VPOS="1201" HPOS="761"/>
							<String ID="string_239" HPOS="777" VPOS="1200" WIDTH="65" HEIGHT="21" WC="0.92" CONTENT="orden"/><SP WIDTH="18" VPOS="1200" HPOS="842"/>
							<String ID="string_240" HPOS="860" VPOS="1200" WIDTH="63" HEIGHT="27" WC="0.90" CONTENT=",med"/>
						</TextLine>
						<TextLine ID="line_31" HPOS="172" VPOS="1228" WIDTH="751" HEIGHT="33">
							<String ID="string_241" HPOS="172" VPOS="1234" WIDTH="74" HEIGHT="20" WC="0.93" CONTENT="silfver"/><SP WIDTH="20" VPOS="1234" HPOS="246"/>
							<String ID="string_242" HPOS="266" VPOS="1234" WIDTH="54" HEIGHT="20" WC="0.95" CONTENT="eller"/><SP WIDTH="15" VPOS="1234" HPOS="320"/>
							<String ID="string_243" HPOS="335" VPOS="1234" WIDTH="7" HEIGHT="19" WC="0.92" CONTENT="i"/><SP WIDTH="14" VPOS="1234" HPOS="342"/>
							<String ID="string_244" HPOS="356" VPOS="1234" WIDTH="86" HEIGHT="20" WC="0.91" CONTENT="landets"/><SP WIDTH="20" VPOS="1234" HPOS="442"/>
							<String ID="string_245" HPOS="462" VPOS="1233" WIDTH="102" HEIGHT="28" WC="0.93" CONTENT="gällande"/><SP WIDTH="15" VPOS="1233" HPOS="564"/>
							<String ID="string_246" HPOS="579" VPOS="1235" WIDTH="72" HEIGHT="26" WC="0.91" CONTENT="mynt*"/><SP WIDTH="16" VPOS="1235" HPOS="651"/>
							<String ID="string_247" HPOS="667" VPOS="1228" WIDTH="68" HEIGHT="26" WC="0.92" CONTENT="mätte"/><SP WIDTH="15" VPOS="1228" HPOS="735"/>
							<String ID="string_248" HPOS="750" VPOS="1234" WIDTH="120" HEIGHT="21" WC="0.90" CONTENT="bibehällas"/><SP WIDTH="16" VPOS="1234" HPOS="870"/>
							<String ID="string_249" HPOS="886" VPOS="1242" WIDTH="37" HEIGHT="12" WC="0.93" CONTENT="en-"/>
						</TextLine>
						<TextLine ID="line_32" HPOS="171" VPOS="1267" WIDTH="752" HEIGHT="29">
							<String ID="string_250" HPOS="171" VPOS="1268" WIDTH="40" HEIGHT="27" WC="0.92" CONTENT="ligt"/><SP WIDTH="20" VPOS="1268" HPOS="211"/>
							<String ID="string_251" HPOS="231" VPOS="1267" WIDTH="105" HEIGHT="27" WC="0.92" CONTENT="förslaget"/><SP WIDTH="20" VPOS="1267" HPOS="336"/>
							<String ID="string_252" HPOS="356" VPOS="1267" WIDTH="8" HEIGHT="20" WC="0.93" CONTENT="i"/><SP WIDTH="20" VPOS="1267" HPOS="364"/>
							<String ID="string_253" HPOS="384" VPOS="1267" WIDTH="79" HEIGHT="27" WC="0.93" CONTENT="nädiga"/><SP WIDTH="19" VPOS="1267" HPOS="463"/>
							<String ID="string_254" HPOS="482" VPOS="1267" WIDTH="175" HEIGHT="28" WC="0.96" CONTENT="propositionen,"/><SP WIDTH="20" VPOS="1267" HPOS="657"/>
							<String ID="string_255" HPOS="677" VPOS="1268" WIDTH="56" HEIGHT="20" WC="0.93" CONTENT="helst"/><SP WIDTH="21" VPOS="1268" HPOS="733"/>
							<String ID="string_256" HPOS="754" VPOS="1268" WIDTH="65" HEIGHT="28" WC="0.92" CONTENT="sagde"/><SP WIDTH="16" VPOS="1268" HPOS="819"/>
							<String ID="string_257" HPOS="835" VPOS="1268" WIDTH="88" HEIGHT="28" WC="0.91" CONTENT="uttryck"/>
						</TextLine>
						<TextLine ID="line_33" HPOS="172" VPOS="1300" WIDTH="750" HEIGHT="30">
							<String ID="string_258" HPOS="172" VPOS="1302" WIDTH="31" HEIGHT="20" WC="0.96" CONTENT="uti"/><SP WIDTH="15" VPOS="1302" HPOS="203"/>
							<String ID="string_259" HPOS="218" VPOS="1300" WIDTH="70" HEIGHT="21" WC="0.96" CONTENT="finska"/><SP WIDTH="16" VPOS="1300" HPOS="288"/>
							<String ID="string_260" HPOS="304" VPOS="1301" WIDTH="74" HEIGHT="20" WC="0.96" CONTENT="texten"/><SP WIDTH="16" VPOS="1301" HPOS="378"/>
							<String ID="string_261" HPOS="394" VPOS="1300" WIDTH="23" HEIGHT="21" WC="0.96" CONTENT="af"/><SP WIDTH="14" VPOS="1300" HPOS="417"/>
							<String ID="string_262" HPOS="431" VPOS="1301" WIDTH="163" HEIGHT="29" WC="0.96" CONTENT="propositionen"/><SP WIDTH="11" VPOS="1301" HPOS="594"/>
							<String ID="string_263" HPOS="605" VPOS="1301" WIDTH="27" HEIGHT="28" WC="0.97" CONTENT="pä"/><SP WIDTH="11" VPOS="1301" HPOS="632"/>
							<String ID="string_264" HPOS="643" VPOS="1301" WIDTH="60" HEIGHT="21" WC="0.93" CONTENT="detta"/><SP WIDTH="11" VPOS="1301" HPOS="703"/>
							<String ID="string_265" HPOS="714" VPOS="1302" WIDTH="63" HEIGHT="21" WC="0.96" CONTENT="ställe"/><SP WIDTH="12" VPOS="1302" HPOS="777"/>
							<String ID="string_266" HPOS="789" VPOS="1308" WIDTH="51" HEIGHT="15" WC="0.96" CONTENT="vore"/><SP WIDTH="11" VPOS="1308" HPOS="840"/>
							<String ID="string_267" HPOS="851" VPOS="1302" WIDTH="71" HEIGHT="21" WC="0.96" CONTENT="bättre"/>
						</TextLine>
						<TextLine ID="line_34" HPOS="171" VPOS="1335" WIDTH="232" HEIGHT="28">
							<String ID="string_268" HPOS="171" VPOS="1335" WIDTH="104" HEIGHT="22" WC="0.78" CONTENT="Ofversatt"/><SP WIDTH="16" VPOS="1335" HPOS="275"/>
							<String ID="string_269" HPOS="291" VPOS="1336" WIDTH="27" HEIGHT="20" WC="0.96" CONTENT="än"/><SP WIDTH="16" VPOS="1336" HPOS="318"/>
							<String ID="string_270" HPOS="334" VPOS="1335" WIDTH="7" HEIGHT="21" WC="0.96" CONTENT="i"/><SP WIDTH="15" VPOS="1335" HPOS="341"/>
							<String ID="string_271" HPOS="356" VPOS="1336" WIDTH="12" HEIGHT="27" WC="0.86" CONTENT="8"/><SP WIDTH="16" VPOS="1336" HPOS="368"/>
							<String ID="string_272" HPOS="384" VPOS="1336" WIDTH="19" HEIGHT="20" WC="0.96" CONTENT="3."/>
						</TextLine>
					</TextBlock>
					<TextBlock ID="block_5" HPOS="171" VPOS="1369" WIDTH="752" HEIGHT="101">
						<TextLine ID="line_35" HPOS="238" VPOS="1369" WIDTH="684" HEIGHT="30">
							<String ID="string_273" HPOS="238" VPOS="1369" WIDTH="223" HEIGHT="29" WC="0.91" CONTENT="Landtdagsmannen"/><SP WIDTH="20" VPOS="1369" HPOS="461"/>
							<String ID="string_274" HPOS="481" VPOS="1371" WIDTH="126" HEIGHT="28" WC="0.96" CONTENT="Hagman"/><SP WIDTH="18" VPOS="1371" HPOS="607"/>
							<String ID="string_275" HPOS="625" VPOS="1371" WIDTH="52" HEIGHT="22" WC="0.96" CONTENT="ville"/><SP WIDTH="16" VPOS="1371" HPOS="677"/>
							<String ID="string_276" HPOS="693" VPOS="1371" WIDTH="6" HEIGHT="21" WC="0.93" CONTENT="i"/><SP WIDTH="16" VPOS="1371" HPOS="699"/>
							<String ID="string_277" HPOS="715" VPOS="1371" WIDTH="69" HEIGHT="21" WC="0.92" CONTENT="likhet"/><SP WIDTH="15" VPOS="1371" HPOS="784"/>
							<String ID="string_278" HPOS="799" VPOS="1371" WIDTH="51" HEIGHT="22" WC="0.96" CONTENT="med"/><SP WIDTH="15" VPOS="1371" HPOS="850"/>
							<String ID="string_279" HPOS="865" VPOS="1371" WIDTH="57" HEIGHT="22" WC="0.96" CONTENT="Keto"/>
						</TextLine>
						<TextLine ID="line_36" HPOS="171" VPOS="1404" WIDTH="751" HEIGHT="30">
							<String ID="string_280" HPOS="171" VPOS="1407" WIDTH="32" HEIGHT="19" WC="0.93" CONTENT="att"/><SP WIDTH="20" VPOS="1407" HPOS="203"/>
							<String ID="string_281" HPOS="223" VPOS="1405" WIDTH="30" HEIGHT="27" WC="0.88" CONTENT="&amp;:s"/><SP WIDTH="21" VPOS="1405" HPOS="253"/>
							<String ID="string_282" HPOS="274" VPOS="1404" WIDTH="136" HEIGHT="29" WC="0.92" CONTENT="ordalydelse"/><SP WIDTH="20" VPOS="1404" HPOS="410"/>
							<String ID="string_283" HPOS="430" VPOS="1406" WIDTH="68" HEIGHT="21" WC="0.93" CONTENT="mätte"/><SP WIDTH="20" VPOS="1406" HPOS="498"/>
							<String ID="string_284" HPOS="518" VPOS="1405" WIDTH="113" HEIGHT="22" WC="0.92" CONTENT="förändras"/><SP WIDTH="21" VPOS="1405" HPOS="631"/>
							<String ID="string_285" HPOS="652" VPOS="1408" WIDTH="56" HEIGHT="19" WC="0.93" CONTENT="samt"/><SP WIDTH="21" VPOS="1408" HPOS="708"/>
							<String ID="string_286" HPOS="729" VPOS="1405" WIDTH="96" HEIGHT="29" WC="0.93" CONTENT="föreslog"/><SP WIDTH="15" VPOS="1405" HPOS="825"/>
							<String ID="string_287" HPOS="840" VPOS="1406" WIDTH="33" HEIGHT="22" WC="0.96" CONTENT="för"/><SP WIDTH="16" VPOS="1406" HPOS="873"/>
							<String ID="string_288" HPOS="889" VPOS="1406" WIDTH="33" HEIGHT="21" WC="0.96" CONTENT="sin"/>
						</TextLine>
						<TextLine ID="line_37" HPOS="171" VPOS="1439" WIDTH="752" HEIGHT="31">
							<String ID="string_289" HPOS="171" VPOS="1439" WIDTH="34" HEIGHT="21" WC="0.90" CONTENT="del"/><SP WIDTH="16" VPOS="1439" HPOS="205"/>
							<String ID="string_290" HPOS="221" VPOS="1439" WIDTH="98" HEIGHT="29" WC="0.93" CONTENT="följande"/><SP WIDTH="15" VPOS="1439" HPOS="319"/>
							<String ID="string_291" HPOS="334" VPOS="1439" WIDTH="126" HEIGHT="23" WC="0.96" CONTENT="redaktion:"/><SP WIDTH="20" VPOS="1439" HPOS="460"/>
							<String ID="string_292" HPOS="480" VPOS="1440" WIDTH="92" HEIGHT="22" WC="0.96" CONTENT="Enskild"/><SP WIDTH="15" VPOS="1440" HPOS="572"/>
							<String ID="string_293" HPOS="587" VPOS="1440" WIDTH="58" HEIGHT="22" WC="0.96" CONTENT="bank"/><SP WIDTH="16" VPOS="1440" HPOS="645"/>
							<String ID="string_294" HPOS="661" VPOS="1443" WIDTH="24" HEIGHT="19" WC="0.93" CONTENT="är"/><SP WIDTH="15" VPOS="1443" HPOS="685"/>
							<String ID="string_295" HPOS="700" VPOS="1441" WIDTH="124" HEIGHT="28" WC="0.93" CONTENT="berättigad"/><SP WIDTH="15" VPOS="1441" HPOS="824"/>
							<String ID="string_296" HPOS="839" VPOS="1441" WIDTH="84" HEIGHT="29" WC="0.92" CONTENT="utgifva"/>
						</TextLine>
					</TextBlock>
				</ComposedBlock>
			</PrintSpace>
		</Page>
	</Layout>
</alto>
