964 1709
339 120 37 16 Den
390 120 9 16 7
413 124 50 12 mars.
715 114 40 20 479

39 186 31 14 ces
86 178 36 22 det
137 178 132 25 åtminstone
285 179 55 28 mig,
357 187 48 13 men
419 180 40 28 jag
472 179 36 21 vill
521 180 19 27 ej
552 179 76 21 härom
639 180 73 21 vidare
724 179 59 27 orda,

40 208 106 26 emnande
159 214 36 20 det
205 213 23 21 åt
238 214 65 20 hvars
315 214 40 20 och
366 221 37 13 ens
416 216 49 26 oget
477 218 89 17 samvete
577 216 55 19 samt
643 215 22 20 åt
675 214 36 21 det
721 214 60 21 kom-

38 248 71 20 nande
130 248 80 27 slägtet
231 248 39 20 och
290 248 104 20 historien
411 250 32 19 att
458 248 95 28 afgöras,
577 248 27 21 de
620 249 37 20 der
673 248 61 20 skola
749 250 33 19 ut-

37 281 38 21 sala
96 282 32 20 sin
150 282 112 27 opartiska
278 282 49 20 dom
343 282 109 21 deröfver!
483 282 53 20 Helt
555 282 73 21 säkert
643 282 66 21 hafva
723 282 60 20 mina

37 315 73 21 iktade
126 316 155 21 ständsbröder
297 322 79 22 genom
392 316 59 21 detta
467 317 38 20 sitt
521 317 71 20 beslut
601 316 120 28 ingalunda
731 323 52 13 vun-

37 350 27 20 ait
85 350 47 21 sina
153 358 56 20 egna
224 351 154 27 medborgares
395 352 19 27 ej
431 351 68 21 heller
515 352 67 20 andra
598 351 85 21 bildade
699 351 84 21 menni-

37 385 57 21 skors
109 385 62 21 bifall
188 398 22 2 —
230 385 39 21 och
287 385 48 21 icke
353 386 77 26 heller,
454 386 68 28 enligt
537 386 56 21 hvad
606 386 40 28 jag
661 387 52 25 tror,
735 386 49 28 godt

36 423 97 19 samvetes
148 420 135 22 vittnesbörd.
313 419 40 22 Om
375 420 36 21 det
430 420 47 21 åter
493 420 80 21 skedde
589 420 23 21 af
624 420 100 28 misstag,
747 420 36 20 det

36 454 39 21 kan
95 454 43 21 alla
158 454 89 21 tankars
267 454 40 21 och
326 454 97 28 hjertans
444 455 89 28 uppsäts
553 454 123 22 allvetande
695 455 88 20 domare

35 489 68 21 allena
119 489 124 21 utransaka.

99 523 11 20 I
125 523 104 21 afseende
245 524 13 21 &
273 524 11 28 &
300 524 27 21 24
343 530 63 22 synes
423 524 41 21 den
479 524 57 28 äsigt
551 524 66 20 hafva
631 523 102 21 herrskat
743 524 40 20 hos

35 557 94 21 ständets
150 558 148 27 medlemmar,
319 560 32 19 att
366 565 78 21 genom
459 558 162 28 uppställandet
638 558 39 20 och
693 558 90 28 tvänget

35 592 21 20 af
75 599 25 13 en
121 592 54 20 hård
195 592 40 21 och
256 594 76 26 sträng
355 593 46 27 lag,
423 592 60 22 bilda
503 592 56 28 goda
579 592 40 21 och
642 592 141 21 rättskaffens

34 626 131 26 menniskor,
187 626 26 21 dä
232 626 27 22 de
280 627 59 21 ställt
358 626 101 29 zigenare
478 626 69 22 under
563 633 27 14 en
606 626 92 21 särskild
713 628 70 19 strän-

34 667 50 21 gare
104 660 46 28 lag,
171 662 107 20 menande
298 663 31 19 att
349 661 27 21 de
397 661 126 29 derigenom
543 660 68 22 blifva
629 661 56 28 goda
700 661 83 21 menni-

33 695 51 21 skor
107 696 39 20 och
169 696 71 21 bättre
263 696 152 28 medborgare,
439 697 27 20 än
485 696 57 21 hvad
557 695 26 22 de
599 696 34 20 för
649 695 134 21 närvarande

33 732 44 24 äro,
99 730 40 21 och
160 732 31 19 att
211 730 38 22 vär
269 737 162 21 gemensamma
447 730 124 29 borgerliga
587 730 36 28 lag
638 730 48 21 icke
702 730 81 22 förmär

33 764 66 28 stäfja
119 764 62 22 deras
202 765 37 21 råa
258 766 66 27 lynne
341 765 39 21 och
396 766 103 20 bostraffa
515 765 62 21 deras
592 765 65 21 brott.
688 764 42 29 Jag
745 764 38 21 vill

34 799 47 20 icke
102 799 97 21 försvara
221 799 62 21 deras
301 800 118 28 illbragder
435 800 40 21 och
490 799 184 28 kringstrykande
689 799 94 21 lefnads-

34 835 51 25 sätt;
101 840 50 14 men
165 834 39 28 jag
220 834 105 28 beklagar
341 834 60 21 desto
417 842 54 19 mer,
487 836 31 19 att
534 834 25 20 de
575 834 73 20 blifvit
663 834 78 28 bragta
751 833 33 20 till

35 870 32 18 ett
87 868 77 22 sädant
185 869 104 27 olyckligt
309 869 98 21 tillständ
425 870 46 27 just
491 875 79 22 genom
586 867 161 29 verkningarna
763 868 23 21 af

33 903 107 21 särskilda
159 903 146 28 tvängslagar,
326 903 59 21 säväl
405 903 7 21 i
431 903 94 21 Finland
547 910 46 14 som
613 902 7 21 i
637 902 90 28 Sverige
743 902 40 22 och

34 937 120 28 Ryssland,
170 938 31 28 ity
217 939 32 20 att
265 938 26 21 de
306 938 7 20 i
329 938 42 20 alla
386 938 76 21 länder
478 944 79 22 genom
573 936 106 22 särskilda
689 937 95 28 lagstad-

34 972 85 28 ganden
141 974 36 20 äro
198 973 111 21 uteslutna
329 972 49 22 frän
398 973 115 21 nationens
533 972 133 28 gemenskap
688 972 40 21 och
751 972 32 21 sä-

34 1008 66 21 lunda
116 1008 78 20 ställda
212 1009 60 19 utom
290 1008 47 27 lag,
361 1007 110 21 sannolikt
486 1007 56 21 ända
557 1006 48 21 från
621 1006 26 21 de
663 1006 56 21 tider
735 1006 6 21 i
758 1007 25 20 15

35 1042 154 27 århundradet,
211 1042 27 21 då
257 1042 27 21 de
305 1041 110 22 såkallade
436 1042 130 21 Tatarernas
587 1041 53 21 eller
660 1040 124 29 Mongoler-

35 1084 39 14 nas
89 1076 63 21 välde
168 1077 7 20 i
190 1076 110 29 Ryssland
315 1076 47 22 blef
376 1076 101 28 störtadt,
499 1076 33 21 till
546 1076 88 21 hvilken
650 1077 55 19 stam
721 1075 63 21 deras

34 1111 96 21 förfäder
151 1111 60 21 torde
231 1112 65 20 hafva
316 1111 49 21 hört
387 1111 39 21 och
442 1112 123 20 sedermera
581 1110 69 21 säsom
666 1110 118 28 landsflyk-

35 1146 72 28 tingar
127 1146 134 26 hitkommit,
282 1146 27 20 dä
329 1146 26 20 de
375 1147 76 26 genast
467 1146 47 20 frän
530 1144 78 28 början
624 1144 33 21 för
673 1145 38 20 sitt
727 1144 58 21 olika

35 1180 66 28 spräk
117 1180 38 21 och
173 1180 31 21 sin
220 1180 105 21 hedniska
341 1180 92 27 religion
448 1180 73 20 blefvo
537 1180 90 20 utstötta
642 1178 48 22 frän
705 1179 79 21 folkets

35 1214 140 28 gemenskap.
210 1208 65 27 Ända
294 1214 48 21 från
362 1214 71 20 denna
453 1214 31 20 tid
504 1214 39 20 har
563 1213 61 21 deras
645 1213 90 27 ledning
751 1213 33 20 till

35 1248 135 21 kristendom
191 1248 39 21 och
251 1248 108 28 sedlighet
380 1248 71 21 blifvit
469 1250 77 19 nästan
562 1248 64 20 totalt
641 1247 143 26 försummad,

35 1282 41 22 den
100 1282 121 29 menskliga
243 1282 173 28 kärlekspligten
437 1282 89 21 alldeles
547 1282 92 20 lemnats
655 1282 7 20 i
678 1281 106 28 glömska,

37 1324 49 14 man
103 1317 38 21 har
156 1317 83 21 bemött
255 1318 48 20 dem
320 1318 69 20 såsom
406 1317 82 21 fiender
503 1316 40 22 och
559 1316 49 20 sökt
619 1315 76 21 endast
705 1322 78 20 genom

37 1352 88 26 stränga
140 1351 61 27 lagar
215 1350 60 21 bilda
291 1350 58 26 dem,
365 1350 84 21 hvilket
463 1350 66 26 dock,
545 1350 70 20 såsom
631 1350 152 19 erfarenheten

37 1386 100 26 nogsamt
152 1384 63 27 visar,
239 1384 118 28 ingalunda
372 1384 93 28 lyckats,
489 1385 22 25 ty
526 1384 64 26 lagen
607 1382 72 26 dödar,
702 1382 42 21 han
761 1384 24 18 är

37 1419 20 27 ej
73 1418 73 28 gifven
163 1420 31 19 att
209 1420 51 26 göra
278 1418 107 26 lefvande,
401 1418 71 20 dertill
490 1419 23 19 är
529 1418 41 20 han
586 1417 34 20 för
631 1424 59 20 svag.
700 1430 26 2 —
738 1416 46 20 Och
