964 1703
210 133 41 19 434
497 139 37 16 Den
547 139 10 16 3
570 143 51 12 mars.

181 197 127 27 samlingen.
339 197 104 21 Talarens
464 197 56 28 åsigt
540 204 38 14 var
598 197 40 20 den
653 199 32 19 att
700 197 82 21 brottet
798 198 59 21 skett
872 199 59 19 emot

181 231 37 20 det
239 231 123 28 borgerliga
382 231 115 21 samhället
517 231 40 21 och
573 233 31 19 att
619 231 38 21 det
672 232 63 21 straff
749 231 42 22 den
805 232 126 28 borgerliga

180 265 63 28 lagen
263 265 100 28 ådömde,
386 265 102 28 utgjorde
509 273 27 14 en
556 266 113 27 försoning
689 265 80 22 derför.
799 266 73 21 Sedan
887 266 44 21 för-

181 300 101 28 brytaren
297 300 48 21 lidit
360 300 60 22 detta
434 301 63 21 straff
510 301 55 20 hade
581 301 43 20 han
638 301 69 21 betalt
722 301 33 21 sin
772 301 63 21 skuld
845 301 22 20 åt
878 302 52 20 rätt-

180 334 68 22 visan.
283 335 167 27 Församlingen
471 335 67 21 borde
562 335 19 27 ej
606 335 77 27 ålägga
705 336 82 20 honom
809 335 122 28 någonting

180 375 67 15 mera.
277 369 51 21 Alla
347 369 49 21 dess
416 369 142 21 medlemmar
576 376 51 13 vore
646 370 93 26 syndare
758 370 40 20 och
819 369 84 21 således
923 370 7 20 i

179 402 68 22 behof
264 403 25 21 af
307 403 76 27 tillgift
403 403 40 21 och
463 403 139 27 förlossning.
631 402 44 22 Det
695 403 90 21 anstode
806 402 87 22 derföre
909 404 20 27 ej

179 436 157 29 församlingen
352 439 32 19 att
400 438 24 20 af
436 438 146 28 brottslingen
601 437 74 22 vidare
690 438 74 21 fordra
779 437 100 29 offentlig
893 438 37 20 be-

179 471 111 21 kännelse.
321 471 82 21 Sådant
423 472 64 21 ledde
507 472 33 20 till
560 472 122 21 katolicism
702 472 40 21 och
757 472 86 21 hvilade
858 472 29 28 på
902 479 27 14 en

178 505 222 29 rättfärdighetslära,
421 514 46 13 som
483 507 20 27 ej
520 506 187 21 öfverensstämde
723 506 50 21 med
788 506 42 21 den
847 506 82 22 luther-

179 541 39 20 ska
232 541 97 27 kyrkans
344 541 102 21 väsende.
476 541 76 28 Enligt
572 540 59 22 detta
650 541 72 28 dugde
738 541 76 21 endast
829 541 100 22 lefvande

179 577 55 24 tron,
250 581 50 14 men
316 575 28 28 på
359 581 27 15 en
402 575 67 21 sådan
485 575 71 28 grund
570 575 72 22 kunde
657 583 51 13 man
724 576 21 27 ej
762 575 72 28 bygga
849 583 26 14 en
887 575 42 21 for-

178 609 52 21 dran
246 609 28 28 på
290 609 98 29 offentlig
404 610 140 21 bekännelse.
575 609 76 22 Såsom
666 610 102 21 Mansten
784 609 67 22 redan
862 611 67 27 yttrat

178 644 23 20 så
221 643 69 21 afhöll
310 643 116 22 Frälsaren
442 644 48 21 icke
506 644 68 21 Judas
590 645 47 20 från
653 645 42 20 den
709 644 68 21 första
792 644 137 27 nattvarden,

177 678 69 20 ehuru
268 678 43 20 han
333 679 35 20 väl
382 679 76 20 visste
479 680 31 19 att
531 679 68 21 Judas
619 686 38 13 var
673 679 38 21 der
727 685 26 14 en
769 679 90 27 ovärdig
874 680 54 26 gäst.

177 712 167 28 Församlingen
364 713 67 21 borde
452 713 35 21 väl
508 713 19 27 ej
548 720 60 14 mera
627 714 27 19 än
675 712 48 21 dess
738 712 72 22 Herre
827 713 40 21 och
882 712 46 22 Mä-

179 749 57 19 stare
254 746 65 22 hafva
339 749 43 19 rätt
398 749 31 19 att
444 748 115 27 utestänga
575 748 72 27 någon
663 747 48 21 från
726 748 137 20 nattvarden.
892 747 37 21 All

177 781 87 28 kyrklig
287 782 93 28 ordning
402 789 38 13 var
463 782 106 28 fullgjord
589 788 78 22 genom
687 781 141 29 iakttagande
849 782 24 21 af
896 782 31 20 fö-

175 816 118 21 reskriften
314 818 32 19 att
365 817 67 27 ingen
452 816 58 28 finge
532 816 62 22 träda
614 816 33 21 till
668 816 99 22 Herrans
790 816 65 27 bord,
877 816 50 21 med

176 850 84 22 mindre
281 852 27 20 än
329 853 32 19 att
380 852 44 20 han
444 851 118 21 öfvervarit
583 851 36 21 det
639 851 110 21 allmänna
765 851 162 21 skriftermålet.

175 885 179 29 Församlingens
374 887 44 20 rätt
438 886 66 21 borde
525 887 20 27 ej
566 886 85 20 sträcka
672 885 33 28 sig
725 886 76 28 längre
824 885 50 21 med
896 886 31 20 af-

176 920 79 21 seende
278 921 28 28 på
328 920 41 22 den
392 927 42 14 ena
454 922 27 19 än
501 921 29 27 på
550 920 41 22 den
612 920 77 26 andra,
712 920 91 21 emedan
819 920 44 21 alla
878 920 49 21 dess

176 954 142 22 medlemmar
337 961 52 14 voro
410 954 57 21 inför
488 955 50 21 Gud
557 954 51 21 lika.
639 954 94 21 Talaren
749 955 67 27 ansåg
831 956 32 19 att
876 954 51 21 ifrä-

176 989 122 28 gavarande
320 990 12 26 $
355 989 72 21 blifvit
450 989 23 21 af
493 990 107 20 utskottet
620 989 34 21 väl
675 988 90 22 affattad
785 989 41 21 och
845 988 82 28 yrkade

176 1023 86 21 derföre
277 1025 32 19 att
324 1023 42 21 den
382 1023 68 20 måtte
466 1023 133 28 godkännas.

242 1057 223 28 Landtdagsmannen
480 1057 133 28 Nyrönen
629 1057 68 28 ansäg
712 1059 32 18 att
759 1064 49 14 man
819 1040 40 37 här
871 1064 55 14 sam-

174 1091 160 22 manblandade
349 1092 36 20 två
401 1091 106 21 särskilda
522 1091 104 28 begrepp,
645 1091 41 21 den
705 1091 86 28 synliga
807 1091 40 20 och
863 1097 63 22 osyn-

173 1125 45 29 liga
237 1126 165 27 församlingen.
432 1126 72 27 Fräga
523 1131 52 15 vore
591 1132 29 13 nu
635 1126 20 27 ej
673 1132 34 14 om
723 1125 42 21 den
780 1125 70 26 förra,
873 1128 52 19 utan

175 1167 35 14 om
224 1161 42 20 den
282 1167 76 14 senare
375 1160 39 21 och
430 1160 50 21 dess
494 1161 58 27 yttre
568 1159 99 29 ordning.
697 1159 94 21 Talaren
802 1159 76 22 trodde
889 1159 37 21 det

174 1202 51 14 vara
240 1195 58 21 klart
314 1196 32 20 att
362 1194 153 28 brottslingen,
535 1201 46 13 som
597 1194 68 21 brutit
680 1194 38 20 sitt
734 1194 191 28 döpelseförbund,

173 1229 67 21 borde
256 1229 105 21 uteslutas
376 1236 26 14 ur
417 1228 166 27 församlingen,
599 1227 57 21 intill
672 1228 49 20 dess
737 1228 43 20 han
795 1228 59 26 gjort
869 1228 56 21 bätt-

172 1262 55 27 ring.
264 1262 87 20 Samma
369 1261 125 21 förfarande
514 1261 110 27 iakttages
641 1262 26 26 ju
687 1261 65 21 äfven
773 1260 7 20 i
799 1261 67 21 andra
881 1261 43 21 för-

173 1296 91 27 eningar
280 1297 14 19 t.
311 1302 34 13 ex.
361 1297 31 19 ett
407 1295 131 27 bankbolag.
567 1294 49 21 Den
627 1294 92 21 medlem
731 1301 46 13 som
788 1294 68 21 brutit
867 1297 58 19 emot

172 1330 97 28 bolaget,
290 1329 135 29 förskingrat
445 1330 49 20 dess
515 1328 116 29 egendom,
651 1329 73 21 blefve
740 1328 56 22 skild
815 1330 48 20 frän
879 1330 45 20 det-

173 1371 87 14 samma.
291 1364 45 21 Det
348 1371 52 14 vore
415 1363 119 29 ingalunda
548 1365 44 20 rätt
608 1365 31 19 att
654 1363 43 22 han
712 1363 58 28 finge
781 1363 47 21 äter
838 1363 86 22 inträda

171 1400 7 20 i
194 1399 98 28 bolaget,
313 1401 39 19 när
373 1399 42 21 han
435 1399 37 20 det
492 1399 61 27 ville,
574 1400 52 19 utan
641 1400 32 19 att
688 1398 55 21 först
758 1399 53 27 göra
828 1399 96 28 bättring

172 1435 39 21 och
227 1436 81 20 ersätta
324 1434 41 21 den
382 1434 67 21 skada
464 1434 42 21 han
522 1433 130 22 förorsakat.
677 1433 32 21 Pä
720 1435 67 20 annat
797 1434 43 20 sätt
850 1433 73 22 kunde
