964 1709
203 130 42 20 480
489 134 36 16 Den
540 134 8 15 7
563 138 49 11 mars.

176 196 57 18 ännu
254 193 35 21 vid
305 193 63 21 dessa
383 192 41 21 den
441 192 109 20 allmänna
565 192 172 28 upplysningens
753 191 56 21 tider
824 191 7 20 i
848 197 76 14 senare

177 228 83 20 hälften
276 227 23 20 af
309 228 25 19 19
346 226 146 21 århundradet
503 226 37 21 vill
550 233 49 13 man
612 225 107 21 behandla
730 225 49 21 dom
789 226 28 27 på
827 225 45 20 lika
883 217 43 28 sätt

177 269 46 14 som
238 261 120 21 tillförene!
379 260 46 22 Och
440 260 55 21 dock
509 262 37 20 äro
562 260 26 21 de
603 260 109 21 väsenden
727 260 50 20 med
791 259 84 21 förnuft
886 259 40 21 och

177 296 87 28 odödlig
284 295 51 28 själ,
359 295 84 21 således
462 295 126 20 menniskor
603 294 78 21 liksom
697 294 22 21 vi
734 294 44 21 alla
792 293 78 28 andra,
886 293 40 22 och

177 338 82 14 samma
274 330 136 27 återlösning
425 331 23 19 är
463 329 107 21 utsträckt
585 329 33 21 till
633 329 49 20 dem
699 335 46 15 som
761 329 33 20 till
810 335 43 21 oss;
875 329 51 20 skil-

177 365 70 22 naden
263 364 77 22 bestod
354 365 56 20 blott
432 364 55 27 deri,
511 365 31 20 att
558 371 50 13 man
623 363 48 21 icke
687 363 6 20 i
710 363 151 28 verkligheten
877 363 49 20 sökt

177 401 53 26 göra
250 399 49 21 dem
320 399 111 28 delaktiga
451 398 23 21 af
492 398 163 27 återlösningen
671 398 40 21 och
727 397 75 21 lifsens
818 397 48 27 ord,
889 405 37 20 ge-

177 441 51 14 nom
248 435 29 27 på
297 433 49 21 dem
367 433 113 28 tillämpad
498 433 193 21 menniskokärlek
705 432 40 21 och
761 432 166 28 undervisning,

179 471 51 19 utan
252 468 104 21 åsidosatt
376 469 76 20 lifsens
471 468 82 21 Herres
573 467 120 28 befallning
713 469 31 19 att
759 467 46 21 lära
820 467 39 20 allt
874 467 53 26 folk,

180 503 84 21 således
280 503 64 20 äfven
360 502 112 28 zigenare!
499 502 95 21 Sålunda
609 503 23 19 är
648 501 36 21 det
699 501 70 21 finska
784 501 69 21 folket
869 501 59 28 sjelft

177 537 95 22 orsaken
292 537 34 20 till
347 539 31 18 att
399 537 129 28 zigenarene
545 536 86 21 befinna
645 536 52 28 sig
689 531 10 38 i
713 537 31 20 ett
760 537 23 19 sä
798 535 129 28 beklagans-

178 571 62 22 värdt
260 571 104 21 tillstånd.
397 571 110 21 Nationen
527 571 39 20 har
585 570 84 21 bemött
689 570 48 21 dem
752 570 71 21 såsom
838 569 89 27 fiender,

180 606 165 21 embetsverken
366 605 97 22 föraktat
482 605 59 27 dem,
564 604 134 22 läroståndet
717 605 40 20 har
774 605 7 20 i
797 604 103 21 afseende
916 605 12 20 å

180 641 62 21 deras
256 640 90 21 lärande
362 641 56 20 varit
434 640 123 28 försumligt
573 639 39 21 och
627 639 116 27 vårdslöst,
760 639 35 21 det
808 639 40 21 har
859 639 20 28 ej
891 647 37 13 an-

181 677 43 20 sett
242 675 78 21 sådant
338 682 52 14 vara
408 675 32 20 sin
455 675 65 28 pligt,
544 675 106 27 styrelsen
665 674 40 21 har
720 674 20 27 ej
756 674 58 21 burit
829 675 99 20 närmare

180 717 87 20 omsorg
287 717 35 13 om
343 709 57 21 hvad
419 709 34 21 till
473 709 63 21 deras
556 709 151 21 civiliserande
721 708 73 21 kunde
811 710 63 26 göras
889 708 39 21 och

180 744 56 21 huru
259 744 63 21 deras
344 743 156 28 undervisning
520 743 49 21 bäst
584 743 67 21 måtte
666 743 89 28 bringas
770 743 7 20 i
793 743 86 27 verket;
902 742 27 21 de

179 779 65 21 hafva
264 778 24 21 af
305 778 43 21 alla
366 778 72 21 blifvit
453 778 99 21 lemnade
567 777 107 22 värnlösa.
704 777 44 21 Det
763 777 56 21 enda
835 784 46 14 som
896 777 33 20 till

179 813 63 21 deras
257 813 63 21 bästa
335 813 69 27 gjorts
420 814 31 25 är,
467 814 31 19 att
513 819 50 14 man
580 819 78 20 genom
673 813 89 27 stränga
776 812 73 27 lagars
863 812 66 27 tvång

181 847 40 21 och
236 847 54 21 hård
305 847 134 28 behandling
450 847 48 20 sökt
509 847 65 28 ytligt
584 846 107 21 förbättra
701 846 50 21 dem
762 859 26 2 —
799 846 67 21 likväl
877 848 52 19 utan

180 884 32 19 att
234 881 37 21 det
293 881 89 21 afsedda
402 881 123 21 ändamålet
545 881 94 21 vunnits.
668 881 39 21 Att
723 881 138 27 öfvervinna,
885 888 44 14 om-

180 916 70 22 vända
271 916 40 21 och
327 915 107 22 förbättra
450 923 26 14 en
492 916 24 21 rå
532 916 39 21 och
586 916 8 20 i
609 915 102 21 hedniskt
727 915 152 28 själstillstånd
893 923 36 13 va-

180 951 67 21 rande
262 950 124 28 menniska,
407 951 73 21 dertill
493 950 104 22 behöfves
613 950 86 29 mycket
714 957 61 14 mera
790 952 27 19 än
833 957 27 14 en
876 950 54 21 hård

181 985 40 22 och
236 985 118 28 tvingande
370 985 46 28 lag;
437 985 71 21 dertill
524 985 109 21 erfordras
649 985 140 21 öfverseende
805 984 124 27 mennisko-

181 1020 76 21 kärlek
272 1020 39 21 och
328 1020 118 27 menskligt
461 1020 196 27 behandlingssätt,
680 1020 32 20 flit
728 1019 40 21 och
783 1019 125 27 förmaning
922 1019 8 20 i

181 1054 169 27 undervisande,
366 1061 78 20 genom
460 1056 32 19 att
506 1054 100 21 lefvande
622 1056 53 26 göra
691 1054 36 21 det
742 1053 141 29 evangeliska
897 1059 33 15 or-

181 1089 47 26 det,
242 1089 64 20 hvars
321 1089 197 27 vederqvickande,
533 1089 85 27 ljufliga
633 1089 40 20 och
688 1088 127 28 lifgifvande
830 1088 59 21 kraft
900 1088 30 20 al-

181 1123 50 20 lena
246 1124 24 19 är
286 1122 92 28 mäktigt
394 1124 32 19 att
440 1125 72 18 utrota
528 1123 35 20 det
579 1123 66 28 djupa
660 1123 91 26 förderf,
773 1129 45 14 som
833 1121 98 22 vidlåder

182 1163 35 14 oss
232 1163 60 14 arma
308 1157 68 20 fallna
391 1157 125 21 menniskor
531 1157 7 20 i
554 1163 78 21 gemen
648 1157 40 20 och
704 1157 20 27 ej
741 1157 101 27 zigenare
853 1156 77 21 allena.

250 1191 43 28 Jag
313 1193 46 19 tror
380 1191 95 27 derföre,
498 1193 32 19 att
548 1191 59 21 mina
627 1191 152 21 ståndsbröder
800 1197 79 22 genom
899 1192 32 19 att

182 1225 49 22 icke
247 1227 99 19 närmare
362 1226 100 27 behjerta
478 1226 39 21 och
528 1226 117 27 öfverväga
655 1226 77 26 saken,
747 1225 77 21 endast
834 1225 97 28 följande

181 1259 123 21 förfädrens
328 1260 109 27 exempel,
460 1259 56 20 fallit
535 1260 28 27 på
583 1259 80 20 tanken
683 1261 32 18 att
734 1259 109 27 uppställa
862 1260 32 19 ett
908 1259 23 20 så

182 1294 84 25 strängt
285 1293 166 27 lagstadgande,
474 1293 39 20 och
533 1294 31 19 att
584 1293 75 20 sådant
680 1293 47 20 icke
747 1292 57 21 skett
819 1292 24 21 af
857 1292 74 27 afvogt

183 1327 61 20 sinne
260 1328 45 19 mot
320 1326 140 28 zigenarene,
481 1329 51 18 utan
551 1327 90 20 fastmer
656 1327 23 20 af
693 1334 26 13 en
735 1327 84 28 ensidig
835 1326 95 29 uppfatt-

184 1361 52 28 ning
256 1361 24 20 af
297 1361 41 21 den
359 1361 99 28 kristliga
478 1361 116 21 kärlekens
614 1361 87 28 pligter.
732 1361 47 21 Och
793 1369 30 13 nu
839 1361 92 21 äterstär

184 1395 44 27 mig
246 1396 55 20 intet
320 1395 74 22 vidare
413 1398 27 19 än
456 1398 31 19 att
501 1396 92 28 hoppas,
614 1398 31 19 att
660 1396 116 21 framdeles
793 1395 73 28 dylika
881 1395 49 21 obe-

183 1429 75 22 tänkta
273 1430 72 20 beslut
361 1431 19 27 ej
397 1430 67 21 måtte
480 1430 72 22 fattas.
