973 1703
353 138 37 16 Den
404 138 9 16 7
426 137 49 22 april.
718 133 38 20 721

38 197 82 22 erhölle
136 199 86 19 ettusen
238 197 68 21 mark.
336 197 43 21 Väl
394 197 55 22 hade
466 187 91 42 Östring
567 197 49 22 sökt
629 198 115 21 framhålla
755 200 32 19 att

38 232 50 21 hela
108 232 99 28 anslaget
227 232 27 20 de
275 231 69 22 första
362 232 51 21 åren
434 232 48 21 icke
503 232 70 21 skulle
593 232 67 21 blifva
681 233 105 27 användt,

39 268 50 19 utan
106 266 143 28 besparingar
268 265 27 22 då
310 266 74 21 kunna
405 267 74 26 göras,
500 273 45 14 som
566 266 27 21 de
616 273 76 14 senare
713 267 73 21 kunde

38 300 117 21 användas.
178 300 68 20 Detta
261 307 51 14 vore
328 299 66 21 likväl
410 300 59 21 svårt
482 301 31 20 att
522 301 49 20 veta
581 301 28 27 på
619 300 99 21 förhand.
734 301 52 21 Man

37 334 67 20 borde
120 334 87 21 derföre
223 334 64 20 ställa
302 334 24 20 så
341 334 33 20 till
390 335 32 19 att
437 334 80 27 nödiga
528 334 71 20 medel
612 335 85 21 funnos.
721 335 65 21 Folk-

39 368 102 21 skolorna
155 374 63 21 voro,
234 368 70 21 såsom
317 367 114 21 Pelkonen
444 368 87 28 antydt,
540 375 26 14 en
581 368 100 28 lifsfråga
694 369 33 21 för
741 370 45 20 lan-

38 402 47 21 dets
101 402 94 28 allmoge
211 404 56 19 samt
281 402 87 21 komme
385 404 31 18 att
431 402 75 21 utöfva
522 404 31 19 ett
567 402 24 21 så
601 403 111 21 verksamt
724 403 62 29 infly-

38 436 64 21 tande
117 436 27 28 på
160 436 79 21 folkets
256 436 113 28 ställning,
390 437 32 20 att
437 436 56 21 intet
508 436 134 22 beträffande
658 437 49 21 dem
727 438 59 28 finge

38 470 136 22 försummas.
204 471 113 27 Hagmans
334 471 90 27 mening
439 472 32 20 att
486 470 86 22 ståndet
587 478 29 14 nu
631 472 56 21 hade
702 474 33 19 att
749 472 37 21 be-

38 507 98 25 stämma,
152 512 35 14 om
203 505 37 21 det
254 505 52 21 ville
319 505 33 21 till
365 505 167 28 ifrågavarande
545 505 99 22 ändamål
656 506 80 29 bevilja
749 514 37 14 an-

39 540 47 28 slag
104 540 54 21 eller
174 540 60 27 icke,
256 540 73 21 kunde
344 540 85 21 talaren
452 541 48 20 icke
523 540 53 28 gilla
599 541 39 20 och
661 542 125 28 upprepade

38 575 98 20 deremot
151 574 56 21 hvad
222 575 85 20 talaren
323 574 58 21 förut
395 575 7 20 i
418 574 71 22 denna
504 575 34 21 del
553 576 75 27 yttrat.
651 575 64 22 Hvad
727 576 60 29 Hag-

39 616 49 13 man
104 609 72 21 anfört
192 609 81 28 derom,
284 610 32 20 att
329 609 182 28 församlingarna
523 609 48 21 icke
585 609 95 22 saknade
696 612 92 27 utvägar

38 645 32 19 att
85 643 85 28 sjelfve,
186 645 52 19 utan
254 645 82 20 statens
352 643 93 28 bistånd,
461 644 22 21 åt
499 644 33 28 sig
547 644 81 21 inrätta
644 644 73 22 skolor
731 647 56 20 samt

39 684 34 14 om
89 678 27 20 de
131 678 145 27 svårigheter,
299 684 44 14 som
368 678 88 28 gjordes
476 678 108 26 deremot,
607 679 27 20 då
656 679 37 21 det
715 679 73 22 blefve

38 712 62 28 fråga
115 719 33 13 om
166 712 117 21 kostnader
298 712 7 21 i
321 712 77 21 sådant
413 709 110 31 afseende,
538 712 90 28 medgaf
642 713 82 21 talaren
736 721 52 14 vara

39 746 32 21 till
94 753 27 14 en
144 746 36 21 del
202 748 55 19 sant.
276 746 80 28 Många
379 746 154 29 församlingar
555 746 88 28 funnes,
670 748 38 21 der
736 756 50 14 man

40 781 48 21 med
103 780 66 22 täflan
185 781 64 28 bragt
264 781 72 21 skolor
352 781 33 21 till
404 782 69 20 stånd.
510 775 71 28 Äfven
601 782 38 21 der
657 782 56 22 hade
733 783 55 21 dock

40 816 134 28 svårigheter
189 816 138 21 förefunnits.
362 816 47 21 Och
429 816 140 28 ingenstädes
587 816 72 22 kunde
675 817 26 21 de
717 818 71 21 åstad-

39 851 98 20 kommas
153 852 51 19 utan
220 850 61 21 bråk.
310 850 52 22 Men
377 850 101 29 Hagman
494 851 123 29 uppställde
632 858 29 14 nu
677 852 111 29 svårighe-

39 887 40 25 ter,
95 885 66 21 innan
178 885 98 28 verkliga
292 885 80 21 sådana
387 884 142 23 förekommo.

107 919 222 28 Landtdagsmannen
352 920 126 21 Punttala
497 920 76 22 trodde
593 921 100 28 anslaget
719 921 69 21 hellre

40 961 50 13 vara
106 954 34 20 för
155 954 49 21 litet
222 956 27 19 än
270 954 34 21 för
324 955 66 26 stort;
413 954 55 21 hade
489 954 106 29 styrelsen
618 955 124 28 tillgånger,
766 956 23 20 så

40 988 72 21 kunde
133 988 34 21 för
187 988 224 29 skolinrättningarne
432 989 109 21 användas
559 989 57 21 huru
635 990 87 28 mycket
742 997 47 14 som

40 1022 64 22 helst.

109 1057 222 29 Landtdagsmannen
354 1056 68 23 Keto
445 1057 101 22 förmälte
567 1057 34 29 sig
620 1058 7 21 i
648 1059 69 21 likhet
740 1058 50 22 med

40 1092 134 29 föregående
190 1093 68 21 talare
273 1093 111 28 medgifva
399 1093 48 21 icke
462 1093 93 21 allenast
565 1095 32 19 att
607 1093 120 21 folkskolor
738 1100 52 14 voro

41 1126 86 29 nyttiga
142 1128 40 20 och
198 1127 148 28 nödvändiga,
367 1129 52 19 utan
436 1126 40 23 ock
492 1129 32 20 att
539 1127 36 21 det
590 1134 51 15 vore
656 1127 135 29 nödvändigt

41 1163 31 19 att
88 1162 62 28 gripa
166 1161 76 22 verket
258 1169 26 14 an
300 1162 40 21 och
356 1161 68 22 ordna
439 1162 36 21 det
486 1162 31 27 så,
533 1163 32 20 att
580 1161 43 22 alla
638 1162 153 28 församlingar

42 1196 82 21 erhöllo
141 1196 79 21 skolor.
250 1196 51 21 Men
317 1196 59 21 detta
391 1197 68 27 ansåg
474 1196 84 21 talaren
573 1196 50 21 icke
637 1203 52 15 vara
705 1198 85 19 ensamt

42 1232 82 19 statens
140 1230 50 27 sak;
206 1233 23 25 ty
244 1237 36 14 om
296 1230 40 21 ock
352 1232 70 20 staten
443 1230 108 22 inrättade
570 1231 91 27 sådana,
680 1238 50 14 men
748 1231 43 20 för-

42 1264 148 28 samlingarna
204 1271 52 15 voro
272 1266 60 20 emot
347 1264 59 27 dem,
427 1265 72 21 blefve
514 1264 64 22 deraf
591 1264 55 22 dock
664 1265 49 21 icke
733 1270 59 22 myc-

42 1299 44 20 ket.
117 1298 47 21 Och
180 1305 34 14 om
230 1300 72 20 staten
317 1298 110 22 inrättade
443 1299 73 20 skolor
536 1298 7 21 i
559 1298 43 21 alla
622 1299 26 21 de
667 1298 125 22 församlin-

43 1340 48 20 gar,
107 1340 46 12 som
169 1334 58 19 ännu
246 1333 95 21 saknade
357 1333 90 27 sådane,
462 1340 52 14 vore
530 1333 37 20 det
581 1333 35 20 väl
632 1333 71 27 billigt
719 1334 31 19 att
766 1332 26 21 de

43 1366 161 28 församlingar,
220 1373 46 14 som
282 1366 8 20 i
306 1366 68 21 likhet
390 1366 49 21 med
454 1366 99 28 Lillkyro
569 1365 80 21 socken
660 1366 7 20 i
677 1365 69 22 Wasa
756 1365 36 21 län

43 1401 50 20 med
108 1401 46 20 stor
172 1400 92 21 kostnad
284 1400 68 28 byggt
372 1400 34 28 sig
422 1400 88 21 skolhus
530 1399 40 22 och
591 1400 98 21 aflönade
712 1400 81 27 lärare,

43 1435 73 22 dertill
132 1436 57 20 ännu
205 1435 70 21 skulle
291 1435 82 28 nödgas
389 1435 71 21 betala
480 1434 121 29 bevillning
622 1435 33 20 för
670 1435 124 21 inrättande

88 1475 72 18 Hederv.
175 1476 124 17 bondeståndets
308 1475 65 23 protok.
387 1475 24 17 II.
704 1475 23 17 46
