<?xml version="1.0" encoding="UTF-8"?>
<alto xmlns="http://www.loc.gov/standards/alto/ns-v3#" xmlns:xlink="http://www.w3.org/1999/xlink" xmlns:xsi="http://www.w3.org/2001/XMLSchema-instance" xsi:schemaLocation="http://www.loc.gov/standards/alto/ns-v3# http://www.loc.gov/alto/v3/alto-3-0.xsd">
	<Description>
		<MeasurementUnit>pixel</MeasurementUnit>
		<sourceImageInformation>
			<fileName>/tmp/tess_sfy3evbn_input.PNG</fileName>
		</sourceImageInformation>
		<OCRProcessing ID="OCR_0">
			<ocrProcessingStep>
				<processingSoftware>
					<softwareName>tesseract 5.3.4</softwareName>
				</processingSoftware>
			</ocrProcessingStep>
		</OCRProcessing>
	</Description>
	<Layout>
		<Page WIDTH="978" HEIGHT="1703" PHYSICAL_IMG_NR="0" ID="page_0">
			<PrintSpace HPOS="0" VPOS="0" WIDTH="978" HEIGHT="1703">
				<ComposedBlock ID="cblock_0" HPOS="358" VPOS="134" WIDTH="404" HEIGHT="28">
					<TextBlock ID="block_0" HPOS="358" VPOS="134" WIDTH="404" HEIGHT="28">
						<TextLine ID="line_0" HPOS="358" VPOS="134" WIDTH="404" HEIGHT="28">
							<String ID="string_0" HPOS="358" VPOS="140" WIDTH="36" HEIGHT="17" WC="0.95" CONTENT="Den"/><SP WIDTH="13" VPOS="140" HPOS="394"/>
							<String ID="string_1" HPOS="407" VPOS="139" WIDTH="12" HEIGHT="18" WC="0.95" CONTENT="4"/><SP WIDTH="12" VPOS="139" HPOS="419"/>
							<String ID="string_2" HPOS="431" VPOS="138" WIDTH="48" HEIGHT="24" WC="0.95" CONTENT="april."/><SP WIDTH="245" VPOS="138" HPOS="479"/>
							<String ID="string_3" HPOS="724" VPOS="134" WIDTH="38" HEIGHT="21" WC="0.96" CONTENT="691"/>
						</TextLine>
					</TextBlock>
				</ComposedBlock>
				<ComposedBlock ID="cblock_1" HPOS="44" VPOS="199" WIDTH="749" HEIGHT="505">
					<TextBlock ID="block_1" HPOS="45" VPOS="199" WIDTH="747" HEIGHT="57">
						<TextLine ID="line_1" HPOS="45" VPOS="199" WIDTH="747" HEIGHT="30">
							<String ID="string_4" HPOS="45" VPOS="201" WIDTH="32" HEIGHT="20" WC="0.96" CONTENT="att"/><SP WIDTH="19" VPOS="201" HPOS="77"/>
							<String ID="string_5" HPOS="96" VPOS="200" WIDTH="107" HEIGHT="28" WC="0.96" CONTENT="styrelsen"/><SP WIDTH="20" VPOS="200" HPOS="203"/>
							<String ID="string_6" HPOS="223" VPOS="199" WIDTH="70" HEIGHT="22" WC="0.96" CONTENT="skulle"/><SP WIDTH="16" VPOS="199" HPOS="293"/>
							<String ID="string_7" HPOS="309" VPOS="200" WIDTH="43" HEIGHT="21" WC="0.95" CONTENT="låta"/><SP WIDTH="20" VPOS="200" HPOS="352"/>
							<String ID="string_8" HPOS="372" VPOS="200" WIDTH="93" HEIGHT="29" WC="0.96" CONTENT="uppföra"/><SP WIDTH="14" VPOS="200" HPOS="465"/>
							<String ID="string_9" HPOS="479" VPOS="200" WIDTH="52" HEIGHT="22" WC="0.96" CONTENT="flere"/><SP WIDTH="14" VPOS="200" HPOS="531"/>
							<String ID="string_10" HPOS="545" VPOS="201" WIDTH="99" HEIGHT="27" WC="0.96" CONTENT="sjukhus,"/><SP WIDTH="17" VPOS="201" HPOS="644"/>
							<String ID="string_11" HPOS="661" VPOS="199" WIDTH="66" HEIGHT="22" WC="0.96" CONTENT="borde"/><SP WIDTH="16" VPOS="199" HPOS="727"/>
							<String ID="string_12" HPOS="743" VPOS="207" WIDTH="49" HEIGHT="14" WC="0.96" CONTENT="man"/>
						</TextLine>
						<TextLine ID="line_2" HPOS="45" VPOS="234" WIDTH="310" HEIGHT="22">
							<String ID="string_13" HPOS="45" VPOS="235" WIDTH="40" HEIGHT="20" WC="0.96" CONTENT="ock"/><SP WIDTH="15" VPOS="235" HPOS="85"/>
							<String ID="string_14" HPOS="100" VPOS="235" WIDTH="75" HEIGHT="21" WC="0.96" CONTENT="anvisa"/><SP WIDTH="15" VPOS="235" HPOS="175"/>
							<String ID="string_15" HPOS="190" VPOS="235" WIDTH="72" HEIGHT="20" WC="0.93" CONTENT="medel"/><SP WIDTH="15" VPOS="235" HPOS="262"/>
							<String ID="string_16" HPOS="277" VPOS="234" WIDTH="78" HEIGHT="21" WC="0.91" CONTENT="dertill."/>
						</TextLine>
					</TextBlock>
					<TextBlock ID="block_2" HPOS="44" VPOS="268" WIDTH="749" HEIGHT="166">
						<TextLine ID="line_3" HPOS="112" VPOS="268" WIDTH="680" HEIGHT="29">
							<String ID="string_17" HPOS="112" VPOS="269" WIDTH="221" HEIGHT="27" WC="0.91" CONTENT="Landtdagsmannen"/><SP WIDTH="19" VPOS="269" HPOS="333"/>
							<String ID="string_18" HPOS="352" VPOS="269" WIDTH="130" HEIGHT="27" WC="0.92" CONTENT="Poikela,"/><SP WIDTH="23" VPOS="269" HPOS="482"/>
							<String ID="string_19" HPOS="505" VPOS="269" WIDTH="88" HEIGHT="23" WC="0.93" CONTENT="hvilken"/><SP WIDTH="21" VPOS="269" HPOS="593"/>
							<String ID="string_20" HPOS="614" VPOS="268" WIDTH="87" HEIGHT="29" WC="0.92" CONTENT="ingifvit"/><SP WIDTH="18" VPOS="268" HPOS="701"/>
							<String ID="string_21" HPOS="719" VPOS="269" WIDTH="73" HEIGHT="21" WC="0.91" CONTENT="ofvan-"/>
						</TextLine>
						<TextLine ID="line_4" HPOS="44" VPOS="303" WIDTH="748" HEIGHT="28">
							<String ID="string_22" HPOS="44" VPOS="303" WIDTH="93" HEIGHT="21" WC="0.93" CONTENT="berörda"/><SP WIDTH="20" VPOS="303" HPOS="137"/>
							<String ID="string_23" HPOS="157" VPOS="303" WIDTH="187" HEIGHT="28" WC="0.91" CONTENT="petitionsförslag"/><SP WIDTH="23" VPOS="303" HPOS="344"/>
							<String ID="string_24" HPOS="367" VPOS="303" WIDTH="112" HEIGHT="28" WC="0.93" CONTENT="angående"/><SP WIDTH="18" VPOS="303" HPOS="479"/>
							<String ID="string_25" HPOS="497" VPOS="303" WIDTH="135" HEIGHT="22" WC="0.91" CONTENT="afskaffande"/><SP WIDTH="22" VPOS="303" HPOS="632"/>
							<String ID="string_26" HPOS="654" VPOS="303" WIDTH="25" HEIGHT="21" WC="0.93" CONTENT="af"/><SP WIDTH="12" VPOS="303" HPOS="679"/>
							<String ID="string_27" HPOS="691" VPOS="303" WIDTH="101" HEIGHT="21" WC="0.91" CONTENT="lazarets-"/>
						</TextLine>
						<TextLine ID="line_5" HPOS="45" VPOS="332" WIDTH="748" HEIGHT="34">
							<String ID="string_28" HPOS="45" VPOS="337" WIDTH="92" HEIGHT="27" WC="0.91" CONTENT="afgiften"/><SP WIDTH="16" VPOS="337" HPOS="137"/>
							<String ID="string_29" HPOS="153" VPOS="338" WIDTH="7" HEIGHT="20" WC="0.96" CONTENT="i"/><SP WIDTH="16" VPOS="338" HPOS="160"/>
							<String ID="string_30" HPOS="176" VPOS="332" WIDTH="148" HEIGHT="32" WC="0.96" CONTENT="Österbotten,"/><SP WIDTH="16" VPOS="332" HPOS="324"/>
							<String ID="string_31" HPOS="340" VPOS="337" WIDTH="123" HEIGHT="22" WC="0.96" CONTENT="förklarade"/><SP WIDTH="16" VPOS="337" HPOS="463"/>
							<String ID="string_32" HPOS="479" VPOS="338" WIDTH="33" HEIGHT="28" WC="0.96" CONTENT="sig"/><SP WIDTH="15" VPOS="338" HPOS="512"/>
							<String ID="string_33" HPOS="527" VPOS="338" WIDTH="60" HEIGHT="27" WC="0.95" CONTENT="villig"/><SP WIDTH="15" VPOS="338" HPOS="587"/>
							<String ID="string_34" HPOS="602" VPOS="339" WIDTH="32" HEIGHT="19" WC="0.93" CONTENT="att"/><SP WIDTH="13" VPOS="339" HPOS="634"/>
							<String ID="string_35" HPOS="647" VPOS="338" WIDTH="99" HEIGHT="28" WC="0.93" CONTENT="återtaga"/><SP WIDTH="10" VPOS="338" HPOS="746"/>
							<String ID="string_36" HPOS="756" VPOS="339" WIDTH="37" HEIGHT="19" WC="0.96" CONTENT="sitt"/>
						</TextLine>
						<TextLine ID="line_6" HPOS="45" VPOS="372" WIDTH="747" HEIGHT="28">
							<String ID="string_37" HPOS="45" VPOS="372" WIDTH="91" HEIGHT="28" WC="0.96" CONTENT="förslag,"/><SP WIDTH="21" VPOS="372" HPOS="136"/>
							<String ID="string_38" HPOS="157" VPOS="372" WIDTH="6" HEIGHT="20" WC="0.96" CONTENT="i"/><SP WIDTH="21" VPOS="372" HPOS="163"/>
							<String ID="string_39" HPOS="184" VPOS="372" WIDTH="103" HEIGHT="21" WC="0.96" CONTENT="händelse"/><SP WIDTH="20" VPOS="372" HPOS="287"/>
							<String ID="string_40" HPOS="307" VPOS="372" WIDTH="86" HEIGHT="20" WC="0.93" CONTENT="ståndet"/><SP WIDTH="19" VPOS="372" HPOS="393"/>
							<String ID="string_41" HPOS="412" VPOS="373" WIDTH="89" HEIGHT="27" WC="0.91" CONTENT="inginge"/><SP WIDTH="22" VPOS="373" HPOS="501"/>
							<String ID="string_42" HPOS="523" VPOS="372" WIDTH="50" HEIGHT="21" WC="0.93" CONTENT="med"/><SP WIDTH="14" VPOS="372" HPOS="573"/>
							<String ID="string_43" HPOS="587" VPOS="372" WIDTH="136" HEIGHT="28" WC="0.92" CONTENT="underdånig"/><SP WIDTH="14" VPOS="372" HPOS="723"/>
							<String ID="string_44" HPOS="737" VPOS="373" WIDTH="55" HEIGHT="27" WC="0.91" CONTENT="peti-"/>
						</TextLine>
						<TextLine ID="line_7" HPOS="45" VPOS="406" WIDTH="747" HEIGHT="28">
							<String ID="string_45" HPOS="45" VPOS="406" WIDTH="44" HEIGHT="20" WC="0.96" CONTENT="tion"/><SP WIDTH="17" VPOS="406" HPOS="89"/>
							<String ID="string_46" HPOS="106" VPOS="406" WIDTH="73" HEIGHT="21" WC="0.96" CONTENT="derom"/><SP WIDTH="18" VPOS="406" HPOS="179"/>
							<String ID="string_47" HPOS="197" VPOS="409" WIDTH="30" HEIGHT="18" WC="0.93" CONTENT="att"/><SP WIDTH="16" VPOS="409" HPOS="227"/>
							<String ID="string_48" HPOS="243" VPOS="406" WIDTH="185" HEIGHT="28" WC="0.91" CONTENT="lazaretsafgiften"/><SP WIDTH="16" VPOS="406" HPOS="428"/>
							<String ID="string_49" HPOS="444" VPOS="406" WIDTH="69" HEIGHT="22" WC="0.96" CONTENT="skulle"/><SP WIDTH="16" VPOS="406" HPOS="513"/>
							<String ID="string_50" HPOS="529" VPOS="407" WIDTH="81" HEIGHT="20" WC="0.96" CONTENT="införas"/><SP WIDTH="16" VPOS="407" HPOS="610"/>
							<String ID="string_51" HPOS="626" VPOS="407" WIDTH="5" HEIGHT="19" WC="0.96" CONTENT="i"/><SP WIDTH="17" VPOS="407" HPOS="631"/>
							<String ID="string_52" HPOS="648" VPOS="407" WIDTH="49" HEIGHT="21" WC="0.96" CONTENT="hela"/><SP WIDTH="16" VPOS="407" HPOS="697"/>
							<String ID="string_53" HPOS="713" VPOS="407" WIDTH="79" HEIGHT="20" WC="0.96" CONTENT="landet."/>
						</TextLine>
					</TextBlock>
					<TextBlock ID="block_3" HPOS="44" VPOS="441" WIDTH="748" HEIGHT="263">
						<TextLine ID="line_8" HPOS="113" VPOS="441" WIDTH="679" HEIGHT="28">
							<String ID="string_54" HPOS="113" VPOS="441" WIDTH="32" HEIGHT="21" WC="0.95" CONTENT="På"/><SP WIDTH="13" VPOS="441" HPOS="145"/>
							<String ID="string_55" HPOS="158" VPOS="441" WIDTH="121" HEIGHT="21" WC="0.95" CONTENT="framställd"/><SP WIDTH="14" VPOS="441" HPOS="279"/>
							<String ID="string_56" HPOS="293" VPOS="441" WIDTH="135" HEIGHT="28" WC="0.95" CONTENT="proposition"/><SP WIDTH="16" VPOS="441" HPOS="428"/>
							<String ID="string_57" HPOS="444" VPOS="442" WIDTH="45" HEIGHT="20" WC="0.96" CONTENT="blef"/><SP WIDTH="14" VPOS="442" HPOS="489"/>
							<String ID="string_58" HPOS="503" VPOS="441" WIDTH="115" HEIGHT="21" WC="0.93" CONTENT="utskottets"/><SP WIDTH="16" VPOS="441" HPOS="618"/>
							<String ID="string_59" HPOS="634" VPOS="442" WIDTH="158" HEIGHT="21" WC="0.91" CONTENT="ofvannämnda"/>
						</TextLine>
						<TextLine ID="line_9" HPOS="45" VPOS="475" WIDTH="747" HEIGHT="29">
							<String ID="string_60" HPOS="45" VPOS="475" WIDTH="137" HEIGHT="21" WC="0.93" CONTENT="betänkande"/><SP WIDTH="21" VPOS="475" HPOS="182"/>
							<String ID="string_61" HPOS="203" VPOS="475" WIDTH="120" HEIGHT="28" WC="0.90" CONTENT="godkändt,"/><SP WIDTH="21" VPOS="475" HPOS="323"/>
							<String ID="string_62" HPOS="344" VPOS="476" WIDTH="32" HEIGHT="20" WC="0.96" CONTENT="till"/><SP WIDTH="16" VPOS="476" HPOS="376"/>
							<String ID="string_63" HPOS="392" VPOS="476" WIDTH="53" HEIGHT="27" WC="0.96" CONTENT="följd"/><SP WIDTH="16" VPOS="476" HPOS="445"/>
							<String ID="string_64" HPOS="461" VPOS="476" WIDTH="77" HEIGHT="21" WC="0.93" CONTENT="hvaraf"/><SP WIDTH="14" VPOS="476" HPOS="538"/>
							<String ID="string_65" HPOS="552" VPOS="476" WIDTH="133" HEIGHT="28" WC="0.91" CONTENT="underdånig"/><SP WIDTH="14" VPOS="476" HPOS="685"/>
							<String ID="string_66" HPOS="699" VPOS="476" WIDTH="93" HEIGHT="28" WC="0.96" CONTENT="petition"/>
						</TextLine>
						<TextLine ID="line_10" HPOS="45" VPOS="510" WIDTH="746" HEIGHT="28">
							<String ID="string_67" HPOS="45" VPOS="510" WIDTH="69" HEIGHT="21" WC="0.96" CONTENT="skulle"/><SP WIDTH="21" VPOS="510" HPOS="114"/>
							<String ID="string_68" HPOS="135" VPOS="510" WIDTH="6" HEIGHT="20" WC="0.96" CONTENT="i"/><SP WIDTH="23" VPOS="510" HPOS="141"/>
							<String ID="string_69" HPOS="164" VPOS="510" WIDTH="97" HEIGHT="28" WC="0.96" CONTENT="enlighet"/><SP WIDTH="20" VPOS="510" HPOS="261"/>
							<String ID="string_70" HPOS="281" VPOS="510" WIDTH="88" HEIGHT="20" WC="0.96" CONTENT="dermed"/><SP WIDTH="18" VPOS="510" HPOS="369"/>
							<String ID="string_71" HPOS="387" VPOS="510" WIDTH="136" HEIGHT="28" WC="0.93" CONTENT="expedieras;"/><SP WIDTH="24" VPOS="510" HPOS="523"/>
							<String ID="string_72" HPOS="547" VPOS="510" WIDTH="91" HEIGHT="21" WC="0.91" CONTENT="hvarhos"/><SP WIDTH="16" VPOS="510" HPOS="638"/>
							<String ID="string_73" HPOS="654" VPOS="511" WIDTH="87" HEIGHT="21" WC="0.93" CONTENT="ståndet"/><SP WIDTH="15" VPOS="511" HPOS="741"/>
							<String ID="string_74" HPOS="756" VPOS="510" WIDTH="35" HEIGHT="21" WC="0.90" CONTENT="be-"/>
						</TextLine>
						<TextLine ID="line_11" HPOS="45" VPOS="544" WIDTH="747" HEIGHT="28">
							<String ID="string_75" HPOS="45" VPOS="546" WIDTH="42" HEIGHT="20" WC="0.96" CONTENT="slöt"/><SP WIDTH="20" VPOS="546" HPOS="87"/>
							<String ID="string_76" HPOS="107" VPOS="546" WIDTH="32" HEIGHT="19" WC="0.96" CONTENT="att"/><SP WIDTH="21" VPOS="546" HPOS="139"/>
							<String ID="string_77" HPOS="160" VPOS="545" WIDTH="5" HEIGHT="19" WC="0.93" CONTENT="i"/><SP WIDTH="22" VPOS="545" HPOS="165"/>
							<String ID="string_78" HPOS="187" VPOS="544" WIDTH="172" HEIGHT="28" WC="0.91" CONTENT="underdånighet"/><SP WIDTH="16" VPOS="544" HPOS="359"/>
							<String ID="string_79" HPOS="375" VPOS="544" WIDTH="130" HEIGHT="28" WC="0.91" CONTENT="petitionera"/><SP WIDTH="16" VPOS="544" HPOS="505"/>
							<String ID="string_80" HPOS="521" VPOS="544" WIDTH="79" HEIGHT="27" WC="0.96" CONTENT="derom,"/><SP WIDTH="21" VPOS="544" HPOS="600"/>
							<String ID="string_81" HPOS="621" VPOS="546" WIDTH="31" HEIGHT="19" WC="0.96" CONTENT="att"/><SP WIDTH="16" VPOS="546" HPOS="652"/>
							<String ID="string_82" HPOS="668" VPOS="545" WIDTH="61" HEIGHT="21" WC="0.96" CONTENT="öfver"/><SP WIDTH="15" VPOS="545" HPOS="729"/>
							<String ID="string_83" HPOS="744" VPOS="545" WIDTH="48" HEIGHT="21" WC="0.96" CONTENT="hela"/>
						</TextLine>
						<TextLine ID="line_12" HPOS="44" VPOS="578" WIDTH="748" HEIGHT="28">
							<String ID="string_84" HPOS="44" VPOS="578" WIDTH="74" HEIGHT="22" WC="0.96" CONTENT="landet"/><SP WIDTH="21" VPOS="578" HPOS="118"/>
							<String ID="string_85" HPOS="139" VPOS="586" WIDTH="27" HEIGHT="13" WC="0.93" CONTENT="en"/><SP WIDTH="16" VPOS="586" HPOS="166"/>
							<String ID="string_86" HPOS="182" VPOS="579" WIDTH="135" HEIGHT="21" WC="0.91" CONTENT="åttondedels"/><SP WIDTH="15" VPOS="579" HPOS="317"/>
							<String ID="string_87" HPOS="332" VPOS="581" WIDTH="90" HEIGHT="25" WC="0.96" CONTENT="procent"/><SP WIDTH="15" VPOS="581" HPOS="422"/>
							<String ID="string_88" HPOS="437" VPOS="580" WIDTH="48" HEIGHT="20" WC="0.96" CONTENT="från"/><SP WIDTH="15" VPOS="580" HPOS="485"/>
							<String ID="string_89" HPOS="500" VPOS="580" WIDTH="154" HEIGHT="26" WC="0.96" CONTENT="behållningen"/><SP WIDTH="16" VPOS="580" HPOS="654"/>
							<String ID="string_90" HPOS="670" VPOS="580" WIDTH="6" HEIGHT="20" WC="0.93" CONTENT="i"/><SP WIDTH="17" VPOS="580" HPOS="676"/>
							<String ID="string_91" HPOS="693" VPOS="580" WIDTH="99" HEIGHT="20" WC="0.92" CONTENT="sterbhus"/>
						</TextLine>
						<TextLine ID="line_13" HPOS="45" VPOS="613" WIDTH="746" HEIGHT="29">
							<String ID="string_92" HPOS="45" VPOS="613" WIDTH="66" HEIGHT="22" WC="0.96" CONTENT="borde"/><SP WIDTH="16" VPOS="613" HPOS="111"/>
							<String ID="string_93" HPOS="127" VPOS="614" WIDTH="100" HEIGHT="27" WC="0.96" CONTENT="erläggas"/><SP WIDTH="16" VPOS="614" HPOS="227"/>
							<String ID="string_94" HPOS="243" VPOS="614" WIDTH="33" HEIGHT="20" WC="0.95" CONTENT="till"/><SP WIDTH="16" VPOS="614" HPOS="276"/>
							<String ID="string_95" HPOS="292" VPOS="613" WIDTH="158" HEIGHT="29" WC="0.96" CONTENT="uppbyggande"/><SP WIDTH="17" VPOS="613" HPOS="450"/>
							<String ID="string_96" HPOS="467" VPOS="614" WIDTH="39" HEIGHT="21" WC="0.96" CONTENT="och"/><SP WIDTH="12" VPOS="614" HPOS="506"/>
							<String ID="string_97" HPOS="518" VPOS="614" WIDTH="169" HEIGHT="21" WC="0.96" CONTENT="underhållande"/><SP WIDTH="11" VPOS="614" HPOS="687"/>
							<String ID="string_98" HPOS="698" VPOS="614" WIDTH="23" HEIGHT="21" WC="0.93" CONTENT="af"/><SP WIDTH="12" VPOS="614" HPOS="721"/>
							<String ID="string_99" HPOS="733" VPOS="615" WIDTH="58" HEIGHT="27" WC="0.92" CONTENT="sjuk-"/>
						</TextLine>
						<TextLine ID="line_14" HPOS="45" VPOS="648" WIDTH="747" HEIGHT="29">
							<String ID="string_100" HPOS="45" VPOS="649" WIDTH="49" HEIGHT="26" WC="0.96" CONTENT="hus;"/><SP WIDTH="27" VPOS="649" HPOS="94"/>
							<String ID="string_101" HPOS="121" VPOS="648" WIDTH="40" HEIGHT="21" WC="0.93" CONTENT="och"/><SP WIDTH="21" VPOS="648" HPOS="161"/>
							<String ID="string_102" HPOS="182" VPOS="649" WIDTH="53" HEIGHT="27" WC="0.92" CONTENT="egde"/><SP WIDTH="19" VPOS="649" HPOS="235"/>
							<String ID="string_103" HPOS="254" VPOS="648" WIDTH="98" HEIGHT="21" WC="0.93" CONTENT="enskilda"/><SP WIDTH="20" VPOS="648" HPOS="352"/>
							<String ID="string_104" HPOS="372" VPOS="648" WIDTH="195" HEIGHT="22" WC="0.92" CONTENT="besvärsutskottet"/><SP WIDTH="21" VPOS="648" HPOS="567"/>
							<String ID="string_105" HPOS="588" VPOS="649" WIDTH="58" HEIGHT="27" WC="0.92" CONTENT="förty"/><SP WIDTH="22" VPOS="649" HPOS="646"/>
							<String ID="string_106" HPOS="668" VPOS="649" WIDTH="7" HEIGHT="20" WC="0.96" CONTENT="i"/><SP WIDTH="20" VPOS="649" HPOS="675"/>
							<String ID="string_107" HPOS="695" VPOS="649" WIDTH="97" HEIGHT="28" WC="0.96" CONTENT="enlighet"/>
						</TextLine>
						<TextLine ID="line_15" HPOS="44" VPOS="682" WIDTH="295" HEIGHT="22">
							<String ID="string_108" HPOS="44" VPOS="682" WIDTH="88" HEIGHT="21" WC="0.96" CONTENT="dermed"/><SP WIDTH="16" VPOS="682" HPOS="132"/>
							<String ID="string_109" HPOS="148" VPOS="682" WIDTH="79" HEIGHT="21" WC="0.96" CONTENT="bereda"/><SP WIDTH="16" VPOS="682" HPOS="227"/>
							<String ID="string_110" HPOS="243" VPOS="682" WIDTH="96" HEIGHT="22" WC="0.96" CONTENT="ärendet."/>
						</TextLine>
					</TextBlock>
				</ComposedBlock>
				<ComposedBlock ID="cblock_2" HPOS="44" VPOS="739" WIDTH="749" HEIGHT="203">
					<TextBlock ID="block_4" HPOS="44" VPOS="739" WIDTH="749" HEIGHT="168">
						<TextLine ID="line_16" HPOS="113" VPOS="739" WIDTH="680" HEIGHT="29">
							<String ID="string_111" HPOS="113" VPOS="740" WIDTH="86" HEIGHT="21" WC="0.95" CONTENT="Ankom"/><SP WIDTH="24" VPOS="740" HPOS="199"/>
							<String ID="string_112" HPOS="223" VPOS="747" WIDTH="25" HEIGHT="14" WC="0.92" CONTENT="en"/><SP WIDTH="25" VPOS="747" HPOS="248"/>
							<String ID="string_113" HPOS="273" VPOS="740" WIDTH="126" HEIGHT="28" WC="0.92" CONTENT="deputation"/><SP WIDTH="23" VPOS="740" HPOS="399"/>
							<String ID="string_114" HPOS="422" VPOS="740" WIDTH="47" HEIGHT="21" WC="0.93" CONTENT="från"/><SP WIDTH="23" VPOS="740" HPOS="469"/>
							<String ID="string_115" HPOS="492" VPOS="739" WIDTH="166" HEIGHT="29" WC="0.92" CONTENT="prestaståndet,"/><SP WIDTH="17" VPOS="739" HPOS="658"/>
							<String ID="string_116" HPOS="675" VPOS="740" WIDTH="76" HEIGHT="22" WC="0.91" CONTENT="anförd"/><SP WIDTH="19" VPOS="740" HPOS="751"/>
							<String ID="string_117" HPOS="770" VPOS="741" WIDTH="23" HEIGHT="21" WC="0.96" CONTENT="af"/>
						</TextLine>
						<TextLine ID="line_17" HPOS="44" VPOS="774" WIDTH="747" HEIGHT="28">
							<String ID="string_118" HPOS="44" VPOS="774" WIDTH="203" HEIGHT="28" WC="0.96" CONTENT="kontraktsprosten"/><SP WIDTH="15" VPOS="774" HPOS="247"/>
							<String ID="string_119" HPOS="262" VPOS="774" WIDTH="111" HEIGHT="27" WC="0.96" CONTENT="Hackzell,"/><SP WIDTH="16" VPOS="774" HPOS="373"/>
							<String ID="string_120" HPOS="389" VPOS="774" WIDTH="88" HEIGHT="22" WC="0.96" CONTENT="hvilken"/><SP WIDTH="16" VPOS="774" HPOS="477"/>
							<String ID="string_121" HPOS="493" VPOS="774" WIDTH="152" HEIGHT="22" WC="0.93" CONTENT="underrättade"/><SP WIDTH="16" VPOS="774" HPOS="645"/>
							<String ID="string_122" HPOS="661" VPOS="775" WIDTH="130" HEIGHT="21" WC="0.92" CONTENT="bondestån-"/>
						</TextLine>
						<TextLine ID="line_18" HPOS="45" VPOS="809" WIDTH="745" HEIGHT="29">
							<String ID="string_123" HPOS="45" VPOS="810" WIDTH="36" HEIGHT="20" WC="0.96" CONTENT="det"/><SP WIDTH="20" VPOS="810" HPOS="81"/>
							<String ID="string_124" HPOS="101" VPOS="817" WIDTH="34" HEIGHT="13" WC="0.91" CONTENT="om"/><SP WIDTH="22" VPOS="817" HPOS="135"/>
							<String ID="string_125" HPOS="157" VPOS="809" WIDTH="171" HEIGHT="29" WC="0.91" CONTENT="prestaståndets"/><SP WIDTH="16" VPOS="809" HPOS="328"/>
							<String ID="string_126" HPOS="344" VPOS="810" WIDTH="71" HEIGHT="20" WC="0.96" CONTENT="beslut"/><SP WIDTH="13" VPOS="810" HPOS="415"/>
							<String ID="string_127" HPOS="428" VPOS="810" WIDTH="7" HEIGHT="20" WC="0.96" CONTENT="i"/><SP WIDTH="16" VPOS="810" HPOS="435"/>
							<String ID="string_128" HPOS="451" VPOS="810" WIDTH="118" HEIGHT="28" WC="0.96" CONTENT="anledning"/><SP WIDTH="15" VPOS="810" HPOS="569"/>
							<String ID="string_129" HPOS="584" VPOS="810" WIDTH="23" HEIGHT="20" WC="0.96" CONTENT="af"/><SP WIDTH="12" VPOS="810" HPOS="607"/>
							<String ID="string_130" HPOS="619" VPOS="810" WIDTH="79" HEIGHT="27" WC="0.92" CONTENT="nådiga"/><SP WIDTH="15" VPOS="810" HPOS="698"/>
							<String ID="string_131" HPOS="713" VPOS="817" WIDTH="77" HEIGHT="21" WC="0.91" CONTENT="propo-"/>
						</TextLine>
						<TextLine ID="line_19" HPOS="45" VPOS="844" WIDTH="745" HEIGHT="28">
							<String ID="string_132" HPOS="45" VPOS="845" WIDTH="93" HEIGHT="21" WC="0.91" CONTENT="sitionen"/><SP WIDTH="18" VPOS="845" HPOS="138"/>
							<String ID="string_133" HPOS="156" VPOS="852" WIDTH="34" HEIGHT="13" WC="0.96" CONTENT="om"/><SP WIDTH="15" VPOS="852" HPOS="190"/>
							<String ID="string_134" HPOS="205" VPOS="844" WIDTH="96" HEIGHT="28" WC="0.96" CONTENT="lindring"/><SP WIDTH="15" VPOS="844" HPOS="301"/>
							<String ID="string_135" HPOS="316" VPOS="844" WIDTH="23" HEIGHT="21" WC="0.93" CONTENT="af"/><SP WIDTH="11" VPOS="844" HPOS="339"/>
							<String ID="string_136" HPOS="350" VPOS="844" WIDTH="127" HEIGHT="28" WC="0.91" CONTENT="jordegares"/><SP WIDTH="12" VPOS="844" HPOS="477"/>
							<String ID="string_137" HPOS="489" VPOS="844" WIDTH="123" HEIGHT="28" WC="0.96" CONTENT="skyldighet"/><SP WIDTH="11" VPOS="844" HPOS="612"/>
							<String ID="string_138" HPOS="623" VPOS="844" WIDTH="31" HEIGHT="21" WC="0.93" CONTENT="till"/><SP WIDTH="12" VPOS="844" HPOS="654"/>
							<String ID="string_139" HPOS="666" VPOS="844" WIDTH="124" HEIGHT="28" WC="0.91" CONTENT="hållskjuts-"/>
						</TextLine>
						<TextLine ID="line_20" HPOS="44" VPOS="878" WIDTH="410" HEIGHT="29">
							<String ID="string_140" HPOS="44" VPOS="880" WIDTH="53" HEIGHT="27" WC="0.96" CONTENT="ning"/><SP WIDTH="16" VPOS="880" HPOS="97"/>
							<String ID="string_141" HPOS="113" VPOS="882" WIDTH="55" HEIGHT="18" WC="0.93" CONTENT="samt"/><SP WIDTH="15" VPOS="882" HPOS="168"/>
							<String ID="string_142" HPOS="183" VPOS="880" WIDTH="50" HEIGHT="26" WC="0.93" CONTENT="väg-"/><SP WIDTH="17" VPOS="880" HPOS="233"/>
							<String ID="string_143" HPOS="250" VPOS="878" WIDTH="39" HEIGHT="21" WC="0.93" CONTENT="och"/><SP WIDTH="16" VPOS="878" HPOS="289"/>
							<String ID="string_144" HPOS="305" VPOS="878" WIDTH="149" HEIGHT="28" WC="0.91" CONTENT="brobyggnad."/>
						</TextLine>
					</TextBlock>
					<TextBlock ID="block_5" HPOS="88" VPOS="913" WIDTH="307" HEIGHT="29">
						<TextLine ID="line_21" HPOS="88" VPOS="913" WIDTH="307" HEIGHT="29">
							<String ID="string_145" HPOS="88" VPOS="920" WIDTH="5" HEIGHT="4" WC="0.84" CONTENT="*"/><SP WIDTH="19" VPOS="920" HPOS="93"/>
							<String ID="string_146" HPOS="112" VPOS="914" WIDTH="162" HEIGHT="28" WC="0.92" CONTENT="Deputationen"/><SP WIDTH="17" VPOS="914" HPOS="274"/>
							<String ID="string_147" HPOS="291" VPOS="913" WIDTH="104" HEIGHT="21" WC="0.91" CONTENT="afträdde."/>
						</TextLine>
					</TextBlock>
				</ComposedBlock>
				<ComposedBlock ID="cblock_3" HPOS="45" VPOS="970" WIDTH="746" HEIGHT="201">
					<TextBlock ID="block_6" HPOS="45" VPOS="970" WIDTH="745" HEIGHT="132">
						<TextLine ID="line_22" HPOS="112" VPOS="970" WIDTH="678" HEIGHT="29">
							<String ID="string_148" HPOS="112" VPOS="971" WIDTH="122" HEIGHT="28" WC="0.91" CONTENT="Föredrogs"/><SP WIDTH="20" VPOS="971" HPOS="234"/>
							<String ID="string_149" HPOS="254" VPOS="970" WIDTH="169" HEIGHT="22" WC="0.92" CONTENT="bondeständets"/><SP WIDTH="20" VPOS="970" HPOS="423"/>
							<String ID="string_150" HPOS="443" VPOS="971" WIDTH="98" HEIGHT="21" WC="0.93" CONTENT="enskilda"/><SP WIDTH="14" VPOS="971" HPOS="541"/>
							<String ID="string_151" HPOS="555" VPOS="971" WIDTH="183" HEIGHT="21" WC="0.93" CONTENT="besvärsutskotts"/><SP WIDTH="16" VPOS="971" HPOS="738"/>
							<String ID="string_152" HPOS="754" VPOS="971" WIDTH="36" HEIGHT="21" WC="0.90" CONTENT="be-"/>
						</TextLine>
						<TextLine ID="line_23" HPOS="45" VPOS="1005" WIDTH="745" HEIGHT="28">
							<String ID="string_153" HPOS="45" VPOS="1006" WIDTH="119" HEIGHT="26" WC="0.92" CONTENT="tänkande,"/><SP WIDTH="22" VPOS="1006" HPOS="164"/>
							<String ID="string_154" HPOS="186" VPOS="1007" WIDTH="7" HEIGHT="19" WC="0.93" CONTENT="i"/><SP WIDTH="20" VPOS="1007" HPOS="193"/>
							<String ID="string_155" HPOS="213" VPOS="1006" WIDTH="118" HEIGHT="27" WC="0.91" CONTENT="anledning"/><SP WIDTH="20" VPOS="1006" HPOS="331"/>
							<String ID="string_156" HPOS="351" VPOS="1006" WIDTH="23" HEIGHT="20" WC="0.93" CONTENT="af"/><SP WIDTH="18" VPOS="1006" HPOS="374"/>
							<String ID="string_157" HPOS="392" VPOS="1005" WIDTH="196" HEIGHT="22" WC="0.92" CONTENT="ständsledamoten"/><SP WIDTH="22" VPOS="1005" HPOS="588"/>
							<String ID="string_158" HPOS="610" VPOS="1006" WIDTH="84" HEIGHT="20" WC="0.92" CONTENT="Klamis"/><SP WIDTH="16" VPOS="1006" HPOS="694"/>
							<String ID="string_159" HPOS="710" VPOS="1006" WIDTH="80" HEIGHT="27" WC="0.96" CONTENT="förslag"/>
						</TextLine>
						<TextLine ID="line_24" HPOS="45" VPOS="1039" WIDTH="745" HEIGHT="29">
							<String ID="string_160" HPOS="45" VPOS="1047" WIDTH="34" HEIGHT="14" WC="0.93" CONTENT="om"/><SP WIDTH="16" VPOS="1047" HPOS="79"/>
							<String ID="string_161" HPOS="95" VPOS="1040" WIDTH="135" HEIGHT="28" WC="0.92" CONTENT="underdänig"/><SP WIDTH="15" VPOS="1040" HPOS="230"/>
							<String ID="string_162" HPOS="245" VPOS="1040" WIDTH="99" HEIGHT="27" WC="0.91" CONTENT="petition,"/><SP WIDTH="15" VPOS="1040" HPOS="344"/>
							<String ID="string_163" HPOS="359" VPOS="1041" WIDTH="91" HEIGHT="20" WC="0.92" CONTENT="rörande"/><SP WIDTH="15" VPOS="1041" HPOS="450"/>
							<String ID="string_164" HPOS="465" VPOS="1040" WIDTH="123" HEIGHT="21" WC="0.91" CONTENT="inrättande"/><SP WIDTH="15" VPOS="1040" HPOS="588"/>
							<String ID="string_165" HPOS="603" VPOS="1040" WIDTH="24" HEIGHT="20" WC="0.96" CONTENT="af"/><SP WIDTH="13" VPOS="1040" HPOS="627"/>
							<String ID="string_166" HPOS="640" VPOS="1047" WIDTH="26" HEIGHT="14" WC="0.97" CONTENT="en"/><SP WIDTH="16" VPOS="1047" HPOS="666"/>
							<String ID="string_167" HPOS="682" VPOS="1039" WIDTH="56" HEIGHT="22" WC="0.93" CONTENT="finsk"/><SP WIDTH="16" VPOS="1039" HPOS="738"/>
							<String ID="string_168" HPOS="754" VPOS="1047" WIDTH="36" HEIGHT="14" WC="0.92" CONTENT="na-"/>
						</TextLine>
						<TextLine ID="line_25" HPOS="45" VPOS="1074" WIDTH="368" HEIGHT="28">
							<String ID="string_169" HPOS="45" VPOS="1075" WIDTH="169" HEIGHT="27" WC="0.92" CONTENT="vigationsskola"/><SP WIDTH="19" VPOS="1075" HPOS="214"/>
							<String ID="string_170" HPOS="233" VPOS="1075" WIDTH="3" HEIGHT="20" WC="0.93" CONTENT="i"/><SP WIDTH="17" VPOS="1075" HPOS="236"/>
							<String ID="string_171" HPOS="253" VPOS="1074" WIDTH="102" HEIGHT="28" WC="0.93" CONTENT="Wiborgs"/><SP WIDTH="15" VPOS="1074" HPOS="355"/>
							<String ID="string_172" HPOS="370" VPOS="1075" WIDTH="43" HEIGHT="20" WC="0.96" CONTENT="län."/>
						</TextLine>
					</TextBlock>
					<TextBlock ID="block_7" HPOS="45" VPOS="1108" WIDTH="746" HEIGHT="63">
						<TextLine ID="line_26" HPOS="113" VPOS="1108" WIDTH="678" HEIGHT="28">
							<String ID="string_173" HPOS="113" VPOS="1109" WIDTH="141" HEIGHT="27" WC="0.92" CONTENT="Godkändes;"/><SP WIDTH="16" VPOS="1109" HPOS="254"/>
							<String ID="string_174" HPOS="270" VPOS="1109" WIDTH="39" HEIGHT="20" WC="0.96" CONTENT="och"/><SP WIDTH="17" VPOS="1109" HPOS="309"/>
							<String ID="string_175" HPOS="326" VPOS="1109" WIDTH="69" HEIGHT="20" WC="0.93" CONTENT="skulle"/><SP WIDTH="17" VPOS="1109" HPOS="395"/>
							<String ID="string_176" HPOS="412" VPOS="1109" WIDTH="133" HEIGHT="27" WC="0.82" CONTENT="underdänig"/><SP WIDTH="15" VPOS="1109" HPOS="545"/>
							<String ID="string_177" HPOS="560" VPOS="1108" WIDTH="91" HEIGHT="28" WC="0.96" CONTENT="petition"/><SP WIDTH="17" VPOS="1108" HPOS="651"/>
							<String ID="string_178" HPOS="668" VPOS="1109" WIDTH="5" HEIGHT="20" WC="0.96" CONTENT="i"/><SP WIDTH="20" VPOS="1109" HPOS="673"/>
							<String ID="string_179" HPOS="693" VPOS="1108" WIDTH="98" HEIGHT="28" WC="0.96" CONTENT="enlighet"/>
						</TextLine>
						<TextLine ID="line_27" HPOS="45" VPOS="1143" WIDTH="237" HEIGHT="28">
							<String ID="string_180" HPOS="45" VPOS="1143" WIDTH="87" HEIGHT="21" WC="0.92" CONTENT="dermed"/><SP WIDTH="16" VPOS="1143" HPOS="132"/>
							<String ID="string_181" HPOS="148" VPOS="1143" WIDTH="134" HEIGHT="28" WC="0.92" CONTENT="expedieras."/>
						</TextLine>
					</TextBlock>
				</ComposedBlock>
				<ComposedBlock ID="cblock_4" HPOS="45" VPOS="1200" WIDTH="745" HEIGHT="233">
					<TextBlock ID="block_8" HPOS="45" VPOS="1200" WIDTH="745" HEIGHT="233">
						<TextLine ID="line_28" HPOS="113" VPOS="1200" WIDTH="677" HEIGHT="29">
							<String ID="string_182" HPOS="113" VPOS="1200" WIDTH="220" HEIGHT="29" WC="0.60" CONTENT="Landtdagsmannen"/><SP WIDTH="23" VPOS="1200" HPOS="333"/>
							<String ID="string_183" HPOS="356" VPOS="1201" WIDTH="115" HEIGHT="21" WC="0.93" CONTENT="Heikura"/><SP WIDTH="24" VPOS="1201" HPOS="471"/>
							<String ID="string_184" HPOS="495" VPOS="1200" WIDTH="99" HEIGHT="27" WC="0.96" CONTENT="anförde,"/><SP WIDTH="23" VPOS="1200" HPOS="594"/>
							<String ID="string_185" HPOS="617" VPOS="1202" WIDTH="31" HEIGHT="19" WC="0.93" CONTENT="att"/><SP WIDTH="15" VPOS="1202" HPOS="648"/>
							<String ID="string_186" HPOS="663" VPOS="1200" WIDTH="27" HEIGHT="21" WC="0.93" CONTENT="dä"/><SP WIDTH="14" VPOS="1200" HPOS="690"/>
							<String ID="string_187" HPOS="704" VPOS="1200" WIDTH="86" HEIGHT="21" WC="0.96" CONTENT="ståndet"/>
						</TextLine>
						<TextLine ID="line_29" HPOS="46" VPOS="1234" WIDTH="744" HEIGHT="29">
							<String ID="string_188" HPOS="46" VPOS="1236" WIDTH="134" HEIGHT="21" WC="0.92" CONTENT="sistförlidne"/><SP WIDTH="16" VPOS="1236" HPOS="180"/>
							<String ID="string_189" HPOS="196" VPOS="1236" WIDTH="87" HEIGHT="27" WC="0.92" CONTENT="fredag,"/><SP WIDTH="16" VPOS="1236" HPOS="283"/>
							<String ID="string_190" HPOS="299" VPOS="1235" WIDTH="41" HEIGHT="22" WC="0.96" CONTENT="den"/><SP WIDTH="17" VPOS="1235" HPOS="340"/>
							<String ID="string_191" HPOS="357" VPOS="1237" WIDTH="8" HEIGHT="19" WC="0.95" CONTENT="1"/><SP WIDTH="19" VPOS="1237" HPOS="365"/>
							<String ID="string_192" HPOS="384" VPOS="1236" WIDTH="6" HEIGHT="19" WC="0.96" CONTENT="i"/><SP WIDTH="15" VPOS="1236" HPOS="390"/>
							<String ID="string_193" HPOS="405" VPOS="1235" WIDTH="71" HEIGHT="21" WC="0.93" CONTENT="denna"/><SP WIDTH="14" VPOS="1235" HPOS="476"/>
							<String ID="string_194" HPOS="490" VPOS="1235" WIDTH="87" HEIGHT="26" WC="0.92" CONTENT="mänad,"/><SP WIDTH="15" VPOS="1235" HPOS="577"/>
							<String ID="string_195" HPOS="592" VPOS="1235" WIDTH="102" HEIGHT="20" WC="0.92" CONTENT="förrättat"/><SP WIDTH="14" VPOS="1235" HPOS="694"/>
							<String ID="string_196" HPOS="708" VPOS="1235" WIDTH="34" HEIGHT="20" WC="0.97" CONTENT="val"/><SP WIDTH="17" VPOS="1235" HPOS="742"/>
							<String ID="string_197" HPOS="759" VPOS="1234" WIDTH="31" HEIGHT="20" WC="0.96" CONTENT="till"/>
						</TextLine>
						<TextLine ID="line_30" HPOS="45" VPOS="1269" WIDTH="745" HEIGHT="28">
							<String ID="string_198" HPOS="45" VPOS="1270" WIDTH="190" HEIGHT="27" WC="0.91" CONTENT="bankfullmäktig,"/><SP WIDTH="14" VPOS="1270" HPOS="235"/>
							<String ID="string_199" HPOS="249" VPOS="1270" WIDTH="55" HEIGHT="21" WC="0.96" CONTENT="hade"/><SP WIDTH="17" VPOS="1270" HPOS="304"/>
							<String ID="string_200" HPOS="321" VPOS="1269" WIDTH="35" HEIGHT="21" WC="0.93" CONTENT="det"/><SP WIDTH="15" VPOS="1269" HPOS="356"/>
							<String ID="string_201" HPOS="371" VPOS="1270" WIDTH="92" HEIGHT="27" WC="0.91" CONTENT="misstag"/><SP WIDTH="14" VPOS="1270" HPOS="463"/>
							<String ID="string_202" HPOS="477" VPOS="1270" WIDTH="106" HEIGHT="26" WC="0.92" CONTENT="skett,att"/><SP WIDTH="15" VPOS="1270" HPOS="583"/>
							<String ID="string_203" HPOS="598" VPOS="1269" WIDTH="138" HEIGHT="27" WC="0.92" CONTENT="professoren"/><SP WIDTH="10" VPOS="1269" HPOS="736"/>
							<String ID="string_204" HPOS="746" VPOS="1269" WIDTH="44" HEIGHT="20" WC="0.91" CONTENT="Ro-"/>
						</TextLine>
						<TextLine ID="line_31" HPOS="46" VPOS="1303" WIDTH="744" HEIGHT="29">
							<String ID="string_205" HPOS="46" VPOS="1305" WIDTH="94" HEIGHT="27" WC="0.91" CONTENT="senborg"/><SP WIDTH="15" VPOS="1305" HPOS="140"/>
							<String ID="string_206" HPOS="155" VPOS="1307" WIDTH="77" HEIGHT="18" WC="0.95" CONTENT="utsetts"/><SP WIDTH="17" VPOS="1307" HPOS="232"/>
							<String ID="string_207" HPOS="249" VPOS="1305" WIDTH="32" HEIGHT="20" WC="0.93" CONTENT="till"/><SP WIDTH="17" VPOS="1305" HPOS="281"/>
							<String ID="string_208" HPOS="298" VPOS="1304" WIDTH="92" HEIGHT="21" WC="0.96" CONTENT="nämnde"/><SP WIDTH="16" VPOS="1304" HPOS="390"/>
							<String ID="string_209" HPOS="406" VPOS="1304" WIDTH="133" HEIGHT="27" WC="0.96" CONTENT="befattning,"/><SP WIDTH="16" VPOS="1304" HPOS="539"/>
							<String ID="string_210" HPOS="555" VPOS="1303" WIDTH="68" HEIGHT="21" WC="0.96" CONTENT="ehuru"/><SP WIDTH="19" VPOS="1303" HPOS="623"/>
							<String ID="string_211" HPOS="642" VPOS="1303" WIDTH="43" HEIGHT="21" WC="0.95" CONTENT="han"/><SP WIDTH="16" VPOS="1303" HPOS="685"/>
							<String ID="string_212" HPOS="701" VPOS="1303" WIDTH="89" HEIGHT="20" WC="0.96" CONTENT="alldeles"/>
						</TextLine>
						<TextLine ID="line_32" HPOS="46" VPOS="1337" WIDTH="744" HEIGHT="28">
							<String ID="string_213" HPOS="46" VPOS="1338" WIDTH="47" HEIGHT="21" WC="0.95" CONTENT="icke"/><SP WIDTH="17" VPOS="1338" HPOS="93"/>
							<String ID="string_214" HPOS="110" VPOS="1338" WIDTH="70" HEIGHT="21" WC="0.96" CONTENT="kände"/><SP WIDTH="15" VPOS="1338" HPOS="180"/>
							<String ID="string_215" HPOS="195" VPOS="1338" WIDTH="69" HEIGHT="20" WC="0.93" CONTENT="finska"/><SP WIDTH="16" VPOS="1338" HPOS="264"/>
							<String ID="string_216" HPOS="280" VPOS="1337" WIDTH="95" HEIGHT="28" WC="0.93" CONTENT="språket."/><SP WIDTH="30" VPOS="1337" HPOS="375"/>
							<String ID="string_217" HPOS="405" VPOS="1337" WIDTH="94" HEIGHT="21" WC="0.84" CONTENT="Talaren"/><SP WIDTH="15" VPOS="1337" HPOS="499"/>
							<String ID="string_218" HPOS="514" VPOS="1337" WIDTH="125" HEIGHT="21" WC="0.95" CONTENT="förmodade"/><SP WIDTH="11" VPOS="1337" HPOS="639"/>
							<String ID="string_219" HPOS="650" VPOS="1339" WIDTH="31" HEIGHT="18" WC="0.96" CONTENT="att"/><SP WIDTH="11" VPOS="1339" HPOS="681"/>
							<String ID="string_220" HPOS="692" VPOS="1337" WIDTH="26" HEIGHT="20" WC="0.93" CONTENT="de"/><SP WIDTH="11" VPOS="1337" HPOS="718"/>
							<String ID="string_221" HPOS="729" VPOS="1337" WIDTH="61" HEIGHT="20" WC="0.96" CONTENT="fleste"/>
						</TextLine>
						<TextLine ID="line_33" HPOS="46" VPOS="1370" WIDTH="744" HEIGHT="23">
							<String ID="string_222" HPOS="46" VPOS="1373" WIDTH="23" HEIGHT="20" WC="0.93" CONTENT="af"/><SP WIDTH="14" VPOS="1373" HPOS="69"/>
							<String ID="string_223" HPOS="83" VPOS="1371" WIDTH="96" HEIGHT="22" WC="0.92" CONTENT="ståndets"/><SP WIDTH="15" VPOS="1371" HPOS="179"/>
							<String ID="string_224" HPOS="194" VPOS="1371" WIDTH="141" HEIGHT="21" WC="0.96" CONTENT="medlemmar"/><SP WIDTH="15" VPOS="1371" HPOS="335"/>
							<String ID="string_225" HPOS="350" VPOS="1371" WIDTH="47" HEIGHT="20" WC="0.93" CONTENT="icke"/><SP WIDTH="16" VPOS="1371" HPOS="397"/>
							<String ID="string_226" HPOS="413" VPOS="1371" WIDTH="81" HEIGHT="20" WC="0.91" CONTENT="afvetat"/><SP WIDTH="11" VPOS="1371" HPOS="494"/>
							<String ID="string_227" HPOS="505" VPOS="1370" WIDTH="132" HEIGHT="21" WC="0.96" CONTENT="sistnämnda"/><SP WIDTH="11" VPOS="1370" HPOS="637"/>
							<String ID="string_228" HPOS="648" VPOS="1370" WIDTH="142" HEIGHT="20" WC="0.96" CONTENT="förhållande."/>
						</TextLine>
						<TextLine ID="line_34" HPOS="45" VPOS="1404" WIDTH="745" HEIGHT="29">
							<String ID="string_229" HPOS="45" VPOS="1405" WIDTH="51" HEIGHT="22" WC="0.95" CONTENT="Man"/><SP WIDTH="21" VPOS="1405" HPOS="96"/>
							<String ID="string_230" HPOS="117" VPOS="1406" WIDTH="56" HEIGHT="21" WC="0.95" CONTENT="hade"/><SP WIDTH="23" VPOS="1406" HPOS="173"/>
							<String ID="string_231" HPOS="196" VPOS="1406" WIDTH="5" HEIGHT="20" WC="0.95" CONTENT="i"/><SP WIDTH="24" VPOS="1406" HPOS="201"/>
							<String ID="string_232" HPOS="225" VPOS="1405" WIDTH="106" HEIGHT="21" WC="0.95" CONTENT="särskilda"/><SP WIDTH="20" VPOS="1405" HPOS="331"/>
							<String ID="string_233" HPOS="351" VPOS="1405" WIDTH="38" HEIGHT="21" WC="0.93" CONTENT="fall"/><SP WIDTH="19" VPOS="1405" HPOS="389"/>
							<String ID="string_234" HPOS="408" VPOS="1405" WIDTH="99" HEIGHT="21" WC="0.90" CONTENT="klandrat"/><SP WIDTH="21" VPOS="1405" HPOS="507"/>
							<String ID="string_235" HPOS="528" VPOS="1404" WIDTH="105" HEIGHT="29" WC="0.96" CONTENT="styrelsen"/><SP WIDTH="16" VPOS="1404" HPOS="633"/>
							<String ID="string_236" HPOS="649" VPOS="1404" WIDTH="33" HEIGHT="21" WC="0.96" CONTENT="för"/><SP WIDTH="15" VPOS="1404" HPOS="682"/>
							<String ID="string_237" HPOS="697" VPOS="1404" WIDTH="37" HEIGHT="21" WC="0.96" CONTENT="det"/><SP WIDTH="16" VPOS="1404" HPOS="734"/>
							<String ID="string_238" HPOS="750" VPOS="1404" WIDTH="40" HEIGHT="20" WC="0.96" CONTENT="den"/>
						</TextLine>
					</TextBlock>
				</ComposedBlock>
				<ComposedBlock ID="cblock_5" HPOS="46" VPOS="1439" WIDTH="744" HEIGHT="30">
					<TextBlock ID="block_9" HPOS="46" VPOS="1439" WIDTH="744" HEIGHT="30">
						<TextLine ID="line_35" HPOS="46" VPOS="1439" WIDTH="744" HEIGHT="30">
							<String ID="string_239" HPOS="46" VPOS="1442" WIDTH="34" HEIGHT="21" WC="0.92" CONTENT="till"/><SP WIDTH="14" VPOS="1442" HPOS="80"/>
							<String ID="string_240" HPOS="94" VPOS="1442" WIDTH="91" HEIGHT="27" WC="0.92" CONTENT="tjenster"/><SP WIDTH="15" VPOS="1442" HPOS="185"/>
							<String ID="string_241" HPOS="200" VPOS="1441" WIDTH="110" HEIGHT="21" WC="0.92" CONTENT="befordrat"/><SP WIDTH="15" VPOS="1441" HPOS="310"/>
							<String ID="string_242" HPOS="325" VPOS="1447" WIDTH="110" HEIGHT="22" WC="0.96" CONTENT="personer,"/><SP WIDTH="16" VPOS="1447" HPOS="435"/>
							<String ID="string_243" HPOS="451" VPOS="1447" WIDTH="44" HEIGHT="14" WC="0.96" CONTENT="som"/><SP WIDTH="16" VPOS="1447" HPOS="495"/>
							<String ID="string_244" HPOS="511" VPOS="1440" WIDTH="48" HEIGHT="21" WC="0.96" CONTENT="icke"/><SP WIDTH="16" VPOS="1440" HPOS="559"/>
							<String ID="string_245" HPOS="575" VPOS="1446" WIDTH="51" HEIGHT="15" WC="0.96" CONTENT="voro"/><SP WIDTH="15" VPOS="1446" HPOS="626"/>
							<String ID="string_246" HPOS="641" VPOS="1439" WIDTH="95" HEIGHT="28" WC="0.93" CONTENT="mäktige"/><SP WIDTH="16" VPOS="1439" HPOS="736"/>
							<String ID="string_247" HPOS="752" VPOS="1439" WIDTH="38" HEIGHT="20" WC="0.92" CONTENT="fin-"/>
						</TextLine>
					</TextBlock>
				</ComposedBlock>
			</PrintSpace>
		</Page>
	</Layout>
</alto>
