978 1700
365 127 37 17 Den
412 115 10 39 2
440 127 48 23 april.
726 123 38 21 681

54 195 45 13 som
111 194 29 14 nu
150 188 115 20 utskottets
282 187 142 27 betänkande,
442 189 105 26 upptager
557 187 40 21 den
609 187 105 29 ofantliga
730 196 64 20 gvan-
811 196 4 5 :

54 222 49 20 titet
118 222 24 20 af
154 222 113 26 4,300,000
281 222 90 26 kannor,
387 228 45 14 som
447 222 141 27 ovilkorligen
604 222 61 20 skola
678 222 117 27 tillverkas,
811 214 3 5 i

53 256 88 20 hvilken
162 256 117 27 ingalunda
299 256 57 20 afser
375 256 126 27 nykterhet,
522 256 23 20 sä
564 256 114 20 vidblifver
694 257 40 27 jag
748 256 47 20 der-

54 290 46 20 före
121 290 43 20 min
185 290 58 21 förra
261 290 66 28 äsigt,
349 291 31 19 att
399 289 255 28 husbehofsbränningen
674 291 24 19 är
712 290 84 21 mindre

55 324 85 28 skadlig
155 324 33 20 för
202 324 104 21 Finlands
321 324 154 28 innebyggare,
491 324 27 21 dä
532 324 177 28 bränningstiden
726 326 24 20 är
760 331 36 14 en-

54 359 47 21 dast
117 359 47 21 3:ne
181 358 84 27 veckor,
281 360 27 20 än
323 358 226 28 fabriksbränningen.
577 358 50 21 Men
644 365 45 15 som
700 359 97 21 ständets

54 393 111 28 pluralitet
180 393 77 21 uttalat
273 394 41 20 den
329 393 67 28 äsigt,
416 395 32 19 att
462 393 253 29 husbehofsbränningen
731 394 66 20 afstäs

55 430 58 19 emot
129 428 25 21 de
170 428 69 21 vilkor
255 435 45 13 som
315 429 23 19 är
353 428 58 20 förut
426 428 96 26 nämndt,
543 428 23 21 sä
581 428 86 21 förenar
679 428 39 28 jag
733 428 63 21 äfven

55 463 44 27 mig
119 462 50 22 med
187 464 30 19 att
235 462 57 22 afstä
310 462 262 28 husbehofsbränningen,
595 464 59 19 emot
672 462 36 21 det
726 462 71 21 förbe-

54 497 53 27 häll,
127 499 32 19 att
174 497 73 21 endast
259 497 137 28 jordskatten
416 496 94 28 aflyftas!
528 497 38 21 och
583 498 31 19 att
629 496 95 22 fabriker
740 498 19 27 ej
776 497 22 21 fä

54 531 101 21 tillverka
175 538 59 14 mera
254 533 26 19 än
301 532 113 26 2,300,000
430 531 89 27 kannor,
538 534 55 18 samt
608 533 31 19 att
653 532 50 28 inga
719 532 79 27 krogar

57 566 55 28 finge
133 568 51 19 utan
200 566 167 21 kommunernas
383 566 7 21 i
404 566 74 20 landet
494 566 108 28 enhälliga
616 566 130 28 begifvande
762 573 35 14 an-

55 600 85 29 läggas,
161 600 89 21 emedan
272 601 24 20 de
314 601 36 20 äro
366 600 108 21 desamme
490 599 72 22 hvilka
577 600 66 21 alstra
658 600 140 22 sedeförderf.

563 634 23 21 C.
601 634 25 21 F.
641 635 90 21 Pousar.

124 669 41 20 Om
183 668 70 21 denna
274 669 134 20 reservation
428 669 86 20 förenar
532 669 39 27 jag
585 669 45 28 mig
644 669 50 20 med
709 669 40 20 den
766 676 33 14 er-

57 704 61 21 inran
133 703 76 27 likväl,
225 705 31 19 att
271 703 201 28 gärdeshöskatten,
488 710 44 13 som
548 703 80 28 utgäri
639 703 102 28 Wiborgs
757 704 42 29 län,

57 738 66 21 borde
139 737 77 22 räknas
232 738 33 20 till
281 737 129 28 grundskatt
426 737 39 21 och
480 737 70 21 tillika
565 737 49 21 med
629 737 41 22 den
686 737 92 28 aflyftas.

592 772 26 21 E.
634 771 78 22 Klami.

124 806 33 21 En
173 807 136 28 deputation,
326 806 116 21 bestäende
454 806 23 21 af
486 806 205 27 landtdagsmännen
707 806 93 26 Brusila,

57 841 98 21 Heikura
175 841 39 21 och
234 841 92 26 Simula,
347 840 99 21 afsändes
469 842 30 19 att
520 840 124 21 underrätta
659 840 140 21 medständen

58 883 33 13 om
113 875 93 21 beslutet
226 875 39 20 och
281 875 88 27 inbjuda
385 875 49 20 dem
450 877 30 18 att
496 875 45 20 deri
557 874 94 28 deltaga;
675 875 40 20 och
730 874 70 21 skulle

57 910 34 21 för
107 909 65 28 öfrigt
191 909 198 28 protokollsutdrag
403 908 59 22 öfver
478 909 66 28 sagda
557 909 72 21 beslut
645 908 32 21 till
692 909 107 21 medstän-

58 945 41 20 den
116 944 121 21 utskrifvas.

125 1013 121 27 Föredrogs
265 1013 154 28 lagutskottets
439 1012 136 21 betänkande
594 1018 34 14 n:o
649 1012 33 27 25,
706 1013 6 19 i
728 1011 73 21 anled-

59 1049 51 26 ning
131 1048 23 21 af
172 1047 78 28 nädiga
264 1046 164 29 propositionen
443 1053 34 14 n:o
493 1047 34 26 50,
546 1045 112 28 angäende
674 1045 127 29 tryckfrihet

59 1082 6 21 i
81 1081 93 22 Finland
190 1081 38 21 och
245 1081 98 21 vilkoren
358 1081 34 20 för
408 1081 48 20 dess
472 1080 147 29 begagnande.

127 1115 220 29 Landtdagsmannen
363 1115 97 21 Pousar
475 1115 121 29 äberopade
608 1114 76 22 endast
694 1114 55 22 hvad
760 1114 41 22 han

59 1151 58 21 förut
137 1151 7 20 i
165 1150 64 21 saken
250 1150 72 21 anfört
341 1149 83 27 derom,
444 1151 32 19 att
490 1156 27 14 en
532 1150 64 20 äfven
612 1150 74 27 sträng
702 1150 36 27 lag
752 1156 50 14 vore

59 1186 80 26 bättre,
161 1186 26 19 än
211 1184 109 21 enskildes
343 1184 106 28 godtycke
472 1184 40 22 och
534 1183 110 28 hoppades
665 1185 32 19 att
717 1182 86 22 ständet

60 1220 66 21 mätte
139 1220 79 26 antaga
233 1217 153 23 betänkandet.

128 1254 220 28 Landtdagsmannen
363 1252 181 22 Teräsrautila
554 1252 108 27 förmälte,
672 1254 32 19 att
714 1252 42 20 han
768 1259 35 14 an-

62 1290 37 27 tog
114 1288 115 21 utskottets
244 1287 144 22 betänkande.

129 1322 219 28 Landtdagsmannen
359 1322 91 20 Klami
461 1322 91 26 yttrade,
563 1323 31 19 att
605 1322 90 25 talaren,
706 1321 27 20 då
744 1322 60 20 ären-

62 1358 37 20 det
114 1357 87 21 sednast
216 1356 105 21 förehafts
337 1357 77 26 yttrat,
434 1357 31 18 att
480 1362 27 14 en
523 1357 73 25 sträng
612 1355 36 27 lag
662 1362 50 13 vore
728 1356 77 25 sämre,

63 1394 26 20 än
110 1391 113 29 godtycke.
254 1391 66 21 Detta
339 1389 54 22 hade
414 1390 58 20 skett
487 1390 7 20 i
509 1390 42 21 den
570 1390 98 27 mening,
690 1391 32 19 att
737 1388 68 22 under

62 1427 93 29 skyddet
175 1426 22 22 af
215 1433 27 16 en
263 1426 65 22 sådan
349 1424 36 30 lag
406 1425 39 21 och
465 1426 7 20 i
492 1425 48 23 dess
558 1431 64 14 namn
637 1424 72 21 kunde
725 1424 80 22 drifvas
