964 1709
211 142 41 20 384
496 148 36 16 Den
546 147 22 16 29
581 146 41 18 febr.

251 205 218 28 Landtdagsmannen
489 205 66 21 Keto
573 213 38 13 var
626 212 52 14 ense
693 205 50 21 med
757 206 87 21 Brusila
859 206 69 21 deruti

183 242 31 19 att
237 240 131 21 statsverket
392 240 48 20 icke
467 240 65 20 borde
555 240 120 20 återbetala
697 240 26 21 de
746 240 89 27 747,451
859 240 71 27 rubel,

182 274 75 22 hvilka
277 274 39 22 det
335 274 69 21 under
424 274 95 22 tidernas
535 274 50 28 lopp
601 274 104 28 uppburit
720 274 24 22 af
756 275 97 27 banken,
873 275 58 21 helst

183 309 133 22 statsverket
338 316 51 14 vore
409 309 7 21 i
436 308 67 22 behof
521 309 24 21 af
563 309 62 21 dessa
644 309 71 21 medel
736 310 39 20 och
791 309 139 22 ständerna
920 304 15 38 i

183 346 68 19 annat
267 344 38 21 fall
320 344 68 21 måste
403 344 28 28 på
446 345 66 20 annat
527 345 42 20 sätt
579 343 105 21 förskaffa
695 344 131 21 statsverket
837 344 93 21 nämnde

183 386 91 14 summa.
305 378 92 22 Talaren
415 379 75 21 trodde
505 381 32 19 att
551 378 106 22 utskottet
672 378 50 22 med
737 378 38 21 sitt
789 379 83 28 förslag
882 379 49 21 här-

183 421 34 14 om
230 414 65 20 afsett
310 420 60 14 mera
385 415 32 19 att
432 413 79 28 antyda
526 413 147 21 förhållandet
687 415 27 19 än
731 415 31 19 att
776 413 83 28 påyrka
875 421 56 13 sum-

183 456 62 14 mans
265 448 150 21 återbärande.
450 448 64 21 Hvad
537 448 46 21 åter
602 448 123 21 vidkomme
746 448 35 21 det
801 448 93 22 tillskott
909 448 24 22 af

183 483 90 28 vidpass
289 483 70 21 44000
373 482 54 27 rub.,
442 482 104 22 hvarmed
560 482 86 21 banken
664 482 24 21 af
701 482 33 21 sin
749 482 58 21 vinst
821 483 68 21 borde
899 483 32 21 bi-

183 518 67 27 draga
265 517 34 21 till
314 517 141 27 statsverket,
475 517 68 28 ansåg
557 517 84 21 talaren
657 518 32 19 att
704 517 64 21 äfven
783 518 60 20 detta
857 517 73 22 kunde

182 552 86 21 bifallas
291 551 33 21 till
347 552 62 20 nästa
430 551 114 29 landtdags
568 552 52 26 slut,
643 551 89 21 såframt
751 552 116 20 ständerne
881 552 49 21 icke

181 586 74 22 kunde
269 586 29 28 på
313 588 66 19 annat
394 586 43 21 håll
453 586 80 21 bereda
548 586 131 20 statsverket
694 585 145 29 godtgörelse.

249 620 222 28 Landtdagsmannen
485 620 118 28 Hagman
624 620 101 21 förmälte
741 622 32 20 att
787 621 142 21 bankutskot-

182 658 32 19 tet
233 655 114 28 fullgjordt
367 655 33 21 sin
420 655 55 28 pligt
494 655 26 21 då
535 655 37 21 det
587 655 113 28 föreslagit
715 657 31 19 att
761 655 86 21 banken
863 655 66 21 borde

182 690 71 21 återfå
267 690 27 20 de
309 689 85 28 bidrag,
418 696 45 14 som
479 690 42 20 den
536 690 82 21 lemnat
633 690 140 27 statsverket;
796 697 50 14 men
861 690 28 28 på
903 690 26 21 de

183 725 46 21 skäl
250 731 46 13 som
315 724 57 20 Keto
394 724 39 21 och
453 724 87 21 Brusila
559 724 82 26 anfört,
663 724 52 20 ville
735 724 83 21 talaren
833 724 97 28 afstyrka

181 759 117 21 utskottets
318 758 165 27 ifrågavarande
503 758 88 28 förslag.
620 758 64 21 Hvad
703 758 119 21 beträffade
843 758 36 21 det
897 758 32 22 bi-

182 793 53 28 drag
254 793 69 20 44000
342 792 72 27 rubel,
437 799 46 14 som
497 792 87 21 banken
601 792 68 28 enligt
684 792 148 22 betänkandet
852 793 23 20 af
893 793 33 21 sin

181 828 58 20 vinst
255 826 65 21 borde
335 826 63 21 äfven
414 826 116 21 framdeles
545 827 34 20 till
595 827 131 20 statsverket
740 827 93 28 utgifva,
849 828 24 20 så
886 827 43 21 till-

181 861 84 29 styrkte
285 861 83 21 talaren
387 861 81 28 jemväl
489 861 68 27 detta,
578 861 55 21 dock
651 861 47 21 icke
714 861 33 22 för
763 862 75 28 längre
854 862 31 21 tid
901 864 26 19 än

181 897 34 21 till
231 896 66 21 slutet
313 896 23 20 af
349 896 36 20 det
401 896 30 26 år,
447 896 27 20 då
489 897 62 20 nästa
565 896 104 28 landtdag
685 896 177 22 sammanträder.

249 930 221 28 Landtdagsmannen
492 930 86 22 Klami
599 938 39 14 var
658 938 52 14 ense
731 931 50 21 med
795 931 134 28 föregående

181 966 68 20 talare
269 965 71 21 deruti
359 966 32 20 att
411 965 131 21 statsverket
561 965 48 21 icke
629 965 67 21 borde
717 965 33 21 till
770 966 86 20 banken
873 966 55 20 åter-

181 1000 73 20 betala
272 999 26 21 de
317 999 86 28 bidrag,
426 1006 45 14 som
487 999 36 21 det
536 1000 48 20 från
599 999 86 21 banken
701 1000 113 28 uppburit,
838 1000 91 21 emedan

181 1034 60 20 detta
254 1040 52 14 vore
321 1033 119 21 detsamma
455 1041 46 13 som
517 1035 32 20 att
563 1036 51 25 taga
627 1034 57 20 ifrån
699 1034 41 21 den
757 1041 40 14 ena
807 1034 71 21 fickan
889 1035 39 20 och

181 1068 65 28 lägga
266 1068 7 20 i
294 1068 42 20 den
356 1068 73 20 andra.
463 1068 65 21 Hvad
546 1068 47 21 åter
611 1068 136 21 vidkommer
767 1068 25 21 de
808 1069 70 21 44000
893 1076 35 14 ru-

181 1102 46 27 bel,
248 1109 46 14 som
313 1102 86 21 banken
419 1102 63 21 äfven
504 1102 109 28 framgent
631 1102 70 21 skulle
717 1102 83 28 årligen
816 1103 33 21 till
865 1104 63 20 stats-

181 1136 77 22 verket
272 1136 95 28 utgifva,
381 1137 67 28 ansåg
463 1137 84 21 talaren
562 1139 31 18 att
609 1137 116 21 ständerna
740 1137 67 21 borde
823 1138 29 28 på
862 1139 67 19 annat

181 1172 43 20 sätt
239 1170 70 22 skaffa
323 1172 70 20 staten
409 1171 63 21 dessa
487 1171 80 27 medel,
583 1173 14 19 t.
614 1178 33 14 ex.
663 1178 79 21 genom
758 1173 32 19 att
800 1172 61 21 anslå
871 1172 56 21 ifrån

182 1205 189 21 bränvinsskatten
391 1206 94 21 nämnde
505 1213 94 19 summa,
618 1206 24 21 så
656 1208 32 18 att
702 1206 87 21 banken
804 1206 73 21 kunde
892 1206 36 21 be-

181 1240 52 20 frias
253 1240 49 20 från
321 1240 142 27 erläggandet
478 1241 23 20 af
514 1240 93 21 berörde
622 1240 83 27 bidrag.
735 1240 50 21 Men
801 1248 35 12 om
852 1241 77 20 sådant

181 1273 48 21 icke
248 1273 44 21 läte
312 1274 53 26 göra
380 1273 43 27 sig,
444 1273 96 28 föreslog
554 1274 84 20 talaren
654 1275 32 19 att
700 1274 86 20 banken
801 1274 68 21 måtte
885 1274 43 20 för-

181 1307 80 28 pligtas
281 1308 32 20 att
333 1307 34 20 till
388 1307 66 21 slutet
469 1308 24 20 af
506 1308 23 20 år
546 1308 53 20 1868
615 1307 78 29 utgöra
708 1308 121 21 ännämnde
845 1308 82 28 bidrag,

180 1341 111 21 hvarefter
306 1341 37 21 det
357 1341 67 22 borde
440 1342 104 28 upphöra.

248 1376 219 28 Landtdagsmännen
479 1376 111 22 Tiainen
601 1376 40 22 och
651 1376 154 22 Kotilainen
816 1384 51 14 voro
877 1384 50 14 ense

181 1410 49 22 med
245 1410 132 28 föregående
393 1411 76 21 talare.
