964 1703
344 125 38 20 Den
395 127 25 17 24
430 124 41 20 febr.
713 120 41 21 349

38 187 65 22 likväl
122 187 118 28 ingalunda
260 188 97 20 försvara
378 187 111 21 bestämda
510 186 70 26 straff,
602 192 49 16 men
671 186 72 21 kunde
763 187 20 27 ej

37 222 68 21 heller
119 222 116 28 godkänna
251 222 41 20 den
307 222 7 20 i
331 221 147 22 betänkandet
493 221 123 27 föreslagna
636 220 88 27 latitud,
745 221 39 20 och

37 256 125 28 upprepade
183 255 96 26 derföre,
300 255 48 21 med
368 256 106 20 förmälan
495 257 31 19 att
546 255 43 20 han
607 254 114 28 godkände
739 255 17 26 1,
772 255 12 19 2

37 290 40 20 och
93 290 13 20 3
122 290 33 26 $$,
170 289 108 28 yrkandet
294 296 34 14 om
344 290 130 20 återremiss.

105 323 221 28 Landtdagsmannen
336 323 94 21 Holma
440 322 85 28 yttrade
536 324 32 19 att
579 323 41 20 han
632 323 61 26 först,
705 323 28 20 då
742 323 43 20 han

37 358 54 29 tagit
112 358 122 21 kännedom
250 365 35 14 om
301 358 114 27 förslaget,
431 357 72 22 blifvit
518 358 48 21 litet
581 358 71 27 häpen
668 357 60 22 öfver
744 357 41 21 den

37 393 24 21 af
77 387 91 33 Östring
183 393 113 20 anmärkta
315 392 76 22 latitud
406 393 7 20 i
428 393 98 26 straffen;
548 399 50 14 men
613 392 26 21 då
654 393 83 20 talaren
754 399 32 14 se-

38 427 99 21 dermera
157 429 99 19 närmare
277 427 104 28 granskat
400 427 105 28 förslaget
523 427 39 20 och
580 427 111 28 öfvervägt
706 427 80 20 förhål-

37 461 115 27 landerna,
168 461 54 21 hade
239 461 82 22 talaren
336 461 92 21 kommit
442 462 33 20 till
491 461 42 22 den
549 461 56 28 åsigt
619 463 32 19 att
667 461 120 22 betänkan-

39 496 36 21 det
95 495 67 22 borde
182 496 133 27 godkännas.
345 495 160 22 Erfarenheten
520 496 74 21 visade
609 498 32 19 att
655 496 27 21 de
697 503 29 14 nu
741 496 46 28 gäl-

37 531 65 21 lande
118 530 256 28 straffbestämningarna
389 537 51 14 voro
456 531 90 21 alldeles
562 531 33 20 för
605 530 112 21 bestämda
727 531 7 20 i
745 531 42 20 för-

40 564 101 22 hållande
158 564 32 21 till
206 564 98 22 brottens
320 565 137 27 skiftningar.
487 565 44 21 Det
546 572 51 14 vore
606 566 25 27 ju
643 572 26 14 en
681 567 44 19 stor
736 564 51 22 skil-

40 599 43 21 nad
97 599 94 21 emellan
206 601 15 19 t.
238 606 33 14 ex.
287 599 36 21 det
338 599 60 29 dråp,
414 606 45 14 som
475 602 31 18 ett
522 600 133 27 tjenstehjon
671 599 94 28 beginge
776 600 13 20 å

39 641 27 13 en
87 634 33 21 för
140 634 79 21 honom
240 634 92 21 vikande
351 634 120 27 husbonde,
488 634 39 21 och
541 634 42 27 det,
599 641 45 14 som
659 634 128 21 husbonden

40 668 71 21 skulle
126 668 65 28 begå,
206 676 35 13 om
257 670 52 25 han,
325 668 107 29 uppretad
448 669 23 20 af
484 670 42 19 den
541 669 72 27 rusige
629 669 40 20 och
680 669 57 20 vilde
749 669 40 27 tje-

41 710 78 15 narens
139 703 132 29 förföljelse,
292 703 27 22 då
338 703 71 22 denne
430 703 109 22 använder
555 703 49 21 våld
619 703 33 21 för
667 705 32 19 att
715 703 74 21 ofreda

40 738 128 21 husbonden
182 739 6 20 i
205 739 54 20 hans
274 739 92 27 boning,
380 739 112 20 tilldelade
504 739 99 27 tjenaren
614 740 31 19 ett
656 739 56 26 slag,
729 738 63 21 deraf

41 773 70 21 denne
124 773 61 28 doge.
215 773 33 21 De
260 773 91 22 relativa
362 773 88 21 straffen
462 780 52 14 voro
526 773 86 21 derföre
624 773 87 28 mycket
721 773 68 28 lämp-

41 808 50 27 lige.
122 807 45 22 Och
184 815 44 14 som
246 808 179 21 öfverdomstolar
442 808 77 21 funnos
530 808 34 21 för
574 807 135 29 granskning
719 808 24 20 af
751 815 38 13 un-

41 842 197 21 derdomstolarnes
254 843 100 27 åtgärder
370 845 56 18 samt
441 843 36 20 det
492 842 32 21 till
541 842 55 27 följd
610 842 63 21 deraf
686 842 48 21 icke
745 842 45 21 hel-

41 877 32 20 ler
89 877 66 20 borde
171 877 67 20 blifva
254 877 58 21 svårt
327 878 31 19 att
375 878 6 19 i
397 877 26 21 de
442 877 47 27 fall,
512 876 28 22 då
559 876 162 21 underdomstol
737 877 53 21 kun-

42 913 38 20 nat
95 911 56 28 begå
165 912 90 27 misstag
270 912 6 20 i
293 911 166 28 tillämpningen
479 912 23 20 af
520 911 74 28 lagen,
613 911 65 21 vinna
694 911 96 27 rättelse,

45 948 102 19 motsatte
163 947 32 27 sig
211 946 83 21 talaren
310 947 130 20 återremiss.

110 1014 59 21 Från
188 1014 180 29 borgareståndet
384 1015 78 20 ankom
479 1021 26 14 en
521 1014 136 28 deputation,
677 1015 77 21 anförd
769 1015 25 20 af

43 1048 164 29 borgmästaren
228 1049 107 26 Juselius,
354 1056 46 13 som
421 1049 127 20 meddelade
568 1051 31 18 att
613 1049 179 27 borgareståndet

44 1083 84 27 antagit
147 1083 156 28 lagutskottets
318 1083 137 20 betänkande
471 1083 7 20 i
492 1082 119 28 anledning
626 1083 23 20 af
662 1083 130 29 propositio-

44 1124 43 14 nen
107 1117 112 27 angående
240 1117 110 28 uppsåtlig
370 1117 158 28 misshandling
547 1117 24 20 af
583 1117 89 20 kreatur
687 1117 49 21 med
751 1118 42 21 den

46 1151 92 28 ändring
154 1151 86 27 endast,
256 1154 32 18 att
302 1151 37 21 det
355 1151 125 28 föreslagna
495 1151 165 28 bötesbeloppet
674 1151 73 21 blifvit
756 1152 37 21 be-

45 1186 80 20 stämdt
145 1186 33 20 till
198 1187 26 20 10
244 1186 32 21 till
293 1185 39 21 och
347 1185 50 21 med
414 1186 40 20 150
470 1185 70 28 mark;
564 1185 51 21 derå
637 1185 156 29 deputationen

45 1220 105 21 afträdde.

114 1289 120 21 Fortsattes
254 1289 152 21 diskussionen
422 1289 112 27 angående
550 1289 155 27 lagutskottets
720 1290 74 21 betän-

46 1323 71 20 kande
136 1323 7 19 i
163 1323 118 26 anledning
302 1323 24 20 af
343 1323 164 27 propositionen
532 1323 111 26 angående
667 1323 52 27 dråp
741 1325 53 19 utan

47 1358 77 26 uppsåt
140 1359 32 18 att
187 1357 55 20 döda
260 1357 39 20 och
318 1364 71 13 annan
407 1357 131 20 misshandel
557 1357 12 19 å
588 1363 87 20 person,
695 1357 39 20 och
753 1359 42 25 ytt-

46 1391 52 22 rade
114 1391 33 28 sig
