981 1706
356 141 38 17 Den
406 140 22 18 22
438 142 35 22 jan.
735 133 25 23 81

114 200 221 30 Landtdagsmannen
350 196 112 34 Östring
476 202 67 28 ansåg
558 201 26 21 de
599 201 79 27 talare,
694 208 47 14 som
756 208 34 21 yr-

46 236 38 21 kat
96 238 31 19 att
142 244 50 13 man
206 236 67 22 borde
289 237 21 20 få
323 237 52 27 jaga
390 236 13 21 å
418 244 82 13 annans
511 236 71 27 mark,
597 236 64 21 hafva
671 236 47 27 gått
731 238 59 18 utom

48 272 74 19 ämnet
145 270 33 21 för
200 271 163 27 diskussionen,
386 270 90 22 emedan
498 278 30 14 nu
550 270 47 21 icke
612 277 51 14 vore
679 270 61 28 fråga
756 277 34 14 om

48 305 151 27 upphäfvande
216 306 23 20 af
250 305 141 28 jordegarens
407 312 77 20 genom
500 304 99 29 gällande
614 305 36 27 lag
663 305 7 20 i
686 304 60 21 detta
760 304 32 21 af-

48 340 79 20 seende
144 339 82 28 tydliga
241 341 49 20 rätt.
321 340 43 20 För
380 340 32 20 sin
429 340 34 20 del
478 340 79 27 gillade
573 339 83 21 talaren
671 339 121 21 betänkan-

49 374 45 26 det,
118 375 23 20 så
160 374 7 20 i
188 374 61 28 fråga
268 382 34 14 om
319 374 142 28 jordegarens
481 374 103 28 rättighet
605 375 31 19 att
654 374 23 20 af
690 374 102 27 tjufskytt

50 410 50 27 taga
115 408 134 28 vedermäle,
272 416 46 14 som
339 409 36 21 det
395 408 123 28 föreslagna
537 408 172 29 bötesbeloppet.
744 408 48 27 Om,

51 444 71 20 såsom
138 443 72 22 Slotte
226 444 106 27 anmärkt,
347 444 89 21 böterne
452 444 33 21 för
500 445 93 20 åverkan
608 451 52 13 voro
675 444 34 21 för
724 443 70 28 ringa,

50 479 24 20 så
94 485 50 14 vore
166 477 58 22 detta
243 479 48 20 icke
310 479 66 27 något
391 479 47 20 skäl
453 480 31 19 att
502 480 80 19 utsätta
602 478 34 21 för
655 478 47 28 lågt
716 485 78 14 ansvar

50 513 63 21 äfven
130 513 33 21 för
178 513 74 28 oloflig
264 514 55 27 jagt.
350 513 93 21 Talaren
458 513 71 21 anhöll
544 513 33 22 för
592 513 66 28 öfrigt
668 515 32 19 att
711 513 83 21 utskot-

52 549 42 19 tets
111 547 136 21 betänkande
266 549 68 20 mätte
349 549 119 26 uppställas
484 548 69 21 säsom
569 548 225 28 omröstningspropo-

52 582 66 21 sition
137 582 39 21 och
198 581 39 22 den
258 582 24 21 af
300 583 68 20 Slotte
388 583 49 20 med
450 583 52 20 flere
518 583 122 27 föreslagna
655 583 91 27 ändring
762 583 33 20 sä-

52 624 45 14 som
111 617 220 28 kontraproposition.
360 617 93 22 Prosten
468 617 125 28 Etiropeus'
608 618 134 20 reservation
758 624 37 13 an-

53 651 83 28 gäende
151 651 91 21 relativa
257 651 63 21 straff
333 652 67 27 ansäg
414 653 83 20 talaren
513 652 48 21 icke
576 651 95 28 förtjena
686 651 109 22 afseende.

120 685 220 28 Landtdagsmannen
354 685 159 29 Warpenius
528 693 37 14 var
582 692 50 15 ense
648 686 49 21 med
712 686 84 21 Pousar

53 720 40 21 och
114 720 84 28 yttrade
220 722 31 19 att
271 721 43 20 han
330 721 19 28 ej
366 720 71 22 kunde
453 722 46 21 inse
516 721 100 21 hvarföre
631 728 50 13 man
697 721 23 21 sä
735 721 61 27 ifrigt

53 755 50 21 ville
119 755 22 21 få
156 755 26 21 de
198 755 114 22 obesuttna
328 755 110 28 skyttarne
454 755 135 29 berättigade
605 757 31 20 att
645 756 62 27 jaga,
724 756 26 21 dä
760 755 37 22 det

53 798 38 16 var
106 790 67 21 kändt
188 792 31 19 att
234 789 26 22 de
276 790 125 28 sysselsatte
416 791 34 27 sig
464 790 49 21 med
526 791 49 27 jagt
592 791 63 20 äfven
671 790 69 21 under
754 791 42 20 för-

54 825 71 20 buden
146 824 30 21 tid
196 826 56 20 samt
268 826 31 19 att
311 825 47 28 just
373 825 26 20 de
415 825 149 28 väsendtligen
579 825 94 28 bidragit
688 825 33 20 till
736 825 60 21 ville-

54 859 87 21 brädets
157 859 165 28 förminskning.

122 893 220 29 Landtdagsmannen
365 894 84 28 Tykki
468 901 38 14 var
524 901 52 14 ense
595 894 50 21 med
660 894 83 21 Pousar
758 894 39 21 och

55 928 104 21 Heikura.

124 963 219 28 Landtdagsmannen
361 963 159 28 Mynttinen
535 963 76 21 trodde
622 965 32 19 att
666 963 132 28 jordegaren

57 998 70 21 skulle
146 998 86 21 komma
247 999 31 20 att
293 998 44 21 lida
352 1000 44 19 stor
412 998 67 21 skada
494 999 124 28 derigenom
634 1000 32 19 att
681 998 67 21 andre
763 999 36 20 be-

57 1033 119 28 rättigades
193 1033 53 28 jaga
266 1033 6 20 i
292 1033 54 20 hans
365 1033 60 28 skog.
454 1033 44 21 Det
513 1033 73 21 kunde
601 1033 33 20 till
649 1033 39 21 och
704 1033 49 20 med
769 1033 31 20 in-

58 1068 62 21 träffa
142 1069 32 19 att
196 1075 89 20 egaren,
308 1067 27 21 dä
357 1067 42 21 han
423 1067 187 22 sammanträffade
631 1067 49 21 med
698 1068 102 27 jägaren,

59 1103 70 20 skulle
149 1102 57 21 visas
225 1102 49 21 bort
290 1102 48 21 med
354 1102 120 29 förklaring
488 1104 32 19 att
534 1102 42 21 han
592 1102 104 21 hindrade
710 1103 91 27 jägaren

58 1137 7 20 i
82 1137 37 20 sitt
142 1137 160 21 förehafvande.
330 1137 64 21 Känd
417 1137 38 21 sak
477 1144 51 14 vore
550 1138 32 20 att
603 1137 129 21 villebrädet
754 1137 48 20 icke

60 1179 50 14 vore
130 1173 24 20 sä
169 1171 93 28 benäget
278 1173 31 20 att
324 1171 62 28 flytta
401 1179 45 14 som
462 1172 25 21 af
499 1179 28 14 en
542 1171 35 22 del
592 1171 124 22 föreburits.
746 1171 56 28 Fog-

60 1207 32 20 lar
112 1207 39 20 och
172 1208 66 19 annat
258 1206 105 21 villebräd
380 1206 96 21 vistades
491 1213 67 21 gerna
574 1207 12 20 &
605 1206 89 27 trakter,
718 1205 38 22 der
776 1206 26 20 de

60 1248 52 14 voro
128 1241 88 20 fredade
232 1241 34 20 för
282 1240 126 28 förföljelse.

129 1275 220 27 Landtdagsmannen
364 1275 129 21 Punttala
508 1275 79 28 gillade
602 1274 56 21 hvad
673 1274 85 21 Pousar
768 1281 36 14 an-

61 1310 43 21 fört
125 1309 39 21 och
184 1309 134 22 beträffande
339 1309 165 29 bötesbeloppet
523 1311 89 26 prosten
631 1309 125 28 Europeus'
772 1315 32 14 re-

63 1344 115 20 servation.
201 1343 93 21 Talaren
310 1343 109 28 päyrkade
435 1344 33 19 för
484 1343 64 27 öfrigt
563 1343 141 26 omröstning.

130 1377 221 28 Landtdagsmannen
366 1377 143 21 Pelkonen
524 1377 100 21 förmälte
640 1377 34 27 sig
688 1383 52 14 vara
754 1382 52 14 ense

64 1412 49 21 med
135 1413 49 20 dem
207 1419 45 14 som
275 1412 62 28 gillat
358 1411 153 22 betänkandet.
545 1411 44 21 Det
607 1418 51 15 vore
679 1411 128 26 visserligen

64 1447 52 29 godt
136 1449 31 19 att
188 1447 26 21 de
228 1447 89 28 fattiges
333 1448 42 20 rätt
390 1447 40 20 och
445 1447 68 21 fördel
527 1446 129 21 bevakades.
686 1445 51 22 Men
752 1445 56 21 hvad

109 1485 71 16 Hederv.
195 1485 124 17 londeständets
330 1484 63 22 protok.
407 1484 25 18 II,
732 1483 11 16 6
