970 1706
191 127 39 19 198
479 132 37 16 Den
528 132 11 16 9
552 132 42 18 febr,

228 192 221 28 Landtdagsmannen
467 191 110 21 Simolin
593 191 108 21 instämde
715 192 50 20 med
778 192 64 21 Keto.

228 226 221 27 Landtdagsmannen
475 226 110 20 Tiainen
612 225 95 21 önskade
732 227 32 20 att
788 226 120 28 petitionen

161 261 67 21 måtte
248 260 7 20 i
276 260 48 21 dess
344 260 75 21 helhet
439 260 24 20 af
479 259 86 22 ståndet
580 261 98 27 antagas.
707 260 154 22 Kostnaderna
876 260 33 22 för

162 297 30 19 ett
205 295 91 21 lazarett
310 295 4 20 i
324 294 88 28 Nyslott
426 294 73 22 kunde
514 294 48 22 icke
578 295 57 27 stiga
650 294 74 22 alltför
739 295 64 28 högt,
819 296 90 20 emedan

162 330 84 27 slottet,
262 330 83 21 hvilket
360 337 30 13 nu
405 329 110 21 beboddes
531 328 23 22 af
567 330 69 27 några
647 329 115 29 invalider,
773 329 50 22 med
832 330 79 21 lätthet

162 364 72 21 kunde
255 364 87 21 inredas
361 364 34 20 till
415 364 60 21 detta
493 364 101 21 ändamål
614 364 40 20 och
674 364 149 21 stadsläkaren
840 365 69 27 jemte

162 406 55 20 egen
238 399 122 27 befattning
380 400 51 20 utan
447 399 111 28 svårighet
573 398 73 21 kunde
662 399 63 20 sköta
738 398 172 29 läkaretjensten

161 433 65 22 äfven
240 434 37 21 vid
291 434 121 21 lazarettet.
442 434 34 21 Då
491 433 146 29 petitionären
652 433 49 21 icke
717 434 63 27 yrkat
795 434 71 28 någon
882 441 29 20 ny

163 469 72 20 skolas
250 468 124 21 inrättande
389 469 6 20 i
412 469 97 28 Nyslott,
525 469 52 20 utan
594 468 41 21 den
646 469 125 20 nuvarande
783 469 128 20 elementar-

162 503 88 21 skolans
266 503 132 28 utvidgande
414 503 48 22 med
478 503 212 28 gymnasialklasser,
706 503 23 21 så
744 503 68 28 ansåg
827 503 85 21 talaren

163 537 63 22 äfven
246 537 70 22 denna
336 538 35 21 del
390 538 24 21 af
430 539 123 27 petitionen
569 537 63 29 billig
647 537 40 22 och
702 538 53 21 värd
770 539 31 20 att
817 538 23 22 af
854 538 56 21 stån-

162 572 36 21 det
214 574 97 27 antagas.

230 607 124 22 Petitionen
370 608 151 21 remitterades
536 607 54 21 härå
604 607 34 21 till
654 607 97 22 ståndets
767 607 98 22 enskilda
875 607 36 22 be-

162 642 151 22 svärsutskott.

230 711 123 28 Föredrogs
373 711 74 21 vidare
463 711 76 28 frågan
555 711 113 27 angående
684 711 124 28 inväljande
823 712 24 20 af
860 711 52 22 flere

162 746 142 21 medlemmar
319 746 33 20 till
368 745 245 28 expeditionsutskottet
628 745 34 21 för
677 747 32 19 att
724 747 57 20 sätta
796 745 36 21 det
847 746 7 21 i
870 745 42 22 till-

161 781 53 21 fälle
230 782 32 19 att
276 781 76 20 arbeta
367 781 7 20 i
390 780 106 21 särskilda
512 780 124 21 divisioner.

231 815 32 21 På
282 814 82 29 förslag
384 815 24 20 af
427 814 199 22 ståndsledamoten
641 808 92 35 Östring
747 815 71 20 beslöt
832 814 81 21 bonde-

163 849 87 22 ståndet
265 850 42 25 att,
320 849 8 21 i
343 849 69 21 likhet
428 849 49 21 med
493 849 26 21 de
535 849 69 28 öfriga
620 849 97 28 stånden,
734 849 22 20 åt
767 849 146 28 expeditions-

163 884 107 21 utskottet
289 883 134 22 öfverlemna
443 885 32 20 att
494 884 39 21 hos
552 883 92 21 stånden
667 883 86 21 anmäla
769 890 34 15 om
819 883 40 21 och
874 885 40 20 när

163 919 108 20 utskottet
290 918 68 28 ansåg
378 918 82 21 antalet
481 918 24 21 af
523 918 48 21 dess
587 917 141 22 medlemmar
743 918 53 21 böra
811 918 8 21 i
834 918 79 22 omför-

164 953 68 21 mäldt
247 953 103 21 afseende
366 953 59 20 ökas.

231 987 35 21 En
286 987 137 28 deputation,
442 986 119 22 bestående
582 987 24 20 af
624 986 224 22 ståndsledamöterne
868 987 45 21 Ha-

164 1022 102 27 gelstam,
281 1021 113 28 Paajanen
410 1021 40 21 och
465 1021 114 26 Punttala,
595 1021 101 21 afsändes
711 1021 34 21 för
761 1023 32 19 att
808 1028 34 15 om
854 1021 59 22 detta

163 1056 72 21 beslut
250 1055 127 22 underrätta
392 1056 27 21 de
435 1055 70 29 öfriga
521 1055 97 22 stånden.

232 1123 124 29 Föredrogs
375 1124 28 21 H.
423 1124 27 21 K.
471 1124 50 21 M:ts
542 1124 79 27 nådiga
636 1124 135 28 proposition
787 1131 35 14 n:o
837 1125 28 20 50
880 1124 34 21 till

164 1159 106 20 Finlands
285 1158 87 21 ständer
388 1165 35 14 om
439 1159 127 27 förordning
580 1158 112 29 angående
703 1158 146 28 tryckfrihet
842 1154 12 37 i
862 1159 51 21 Fin-

164 1193 51 20 land
231 1193 40 20 och
287 1199 35 15 om
336 1192 100 22 vilkoren
452 1193 33 22 för
501 1193 49 21 dess
565 1193 150 28 begagnande.

232 1223 126 37 Bordlades.
575 1256 12 2 N

232 1293 122 28 Föredrogs
373 1294 221 21 ekonomiutskottets
614 1294 138 22 betänkande
773 1295 7 20 i
795 1295 119 28 anledning

164 1329 24 22 af
200 1329 28 21 H.
244 1328 28 21 K.
287 1328 51 22 M:ts
353 1329 79 28 nådiga
447 1329 135 29 proposition
598 1329 112 29 angående
721 1329 192 23 komunalförvalt-

164 1364 81 29 ningen
260 1363 28 29 pä
303 1363 79 22 landet.
418 1375 11 8 «

231 1398 127 22 Bordlades.
