986 1700
224 129 40 19 306
503 135 36 16 Den
555 135 20 16 19
589 134 41 16 febr.

195 200 62 13 svara
280 193 47 27 fyra
349 194 60 19 alnar
431 194 59 26 gles"
512 194 48 19 icke
579 193 74 27 riktig.
683 193 41 20 Om
744 193 39 20 ock
799 195 30 18 tät
845 194 94 27 stängsel

194 226 90 21 kostade
303 227 49 28 fyra
371 226 83 29 gånger
473 233 59 14 mera
552 228 27 19 än
599 227 57 28 gles,
675 227 24 20 så
719 233 51 14 vore
786 227 41 21 den
843 227 97 21 deremot

195 261 87 28 mycket
297 262 143 27 varaktigare.
469 261 93 22 Derföre
577 261 67 22 borde
659 269 26 13 en
702 261 35 21 aln
753 263 31 20 tät
797 262 96 27 stängsel
904 262 36 21 be-

196 295 79 21 räknas
291 302 61 15 åvara
368 298 58 19 emot
440 296 36 21 två
491 297 62 20 alnar
568 296 54 27 gles.

264 329 220 29 Landtdagsmannen
493 331 120 27 Hagman
622 330 82 28 yrkade
715 332 32 19 att
757 330 110 29 råhägnad
875 330 66 21 borde

195 371 51 14 vara
262 364 101 21 öfverallt
377 365 45 20 lika
437 364 120 27 beskaffad,
572 365 104 27 antingen
692 366 33 19 tät
740 365 52 21 eller
808 365 52 28 gles.
884 365 56 21 Här-

196 398 50 21 med
261 399 50 20 sade
327 399 82 21 talaren
425 400 31 19 att
471 399 42 21 han
529 399 40 20 ock
580 399 100 27 menade,
696 401 32 18 att
739 399 46 28 gles
796 399 86 27 hägnad
892 399 48 21 icke

197 432 70 28 dugde
282 433 34 20 till
330 433 74 27 något.
432 433 122 28 Hägnaden
567 433 67 20 borde
650 440 51 13 vara
716 433 107 28 laggiltig.

264 467 221 28 Landtdagsmannen
499 467 157 28 Warpenius
667 467 79 28 gillade
757 467 41 21 den
809 467 131 28 föregående

196 501 95 21 talarens
307 501 65 28 åsigt;
392 508 50 14 men
462 501 60 27 ville,
542 502 6 20 i
563 501 105 22 händelse
683 501 72 28 någon
772 501 85 21 skilnad
871 501 70 21 skulle

197 535 118 22 fastställas
338 536 92 21 emellan
450 537 32 20 tät
501 536 39 21 och
561 537 47 27 gles
628 536 105 27 stängsel,
754 536 75 21 förena
845 537 33 27 sig
892 536 49 20 med

198 559 96 43 Östring.

265 604 220 29 Landtdagsmännen
506 605 144 28 Paajanen,
673 605 98 21 Simula
794 605 39 21 och
855 605 86 21 Blom-

199 639 67 26 qvist
281 645 52 14 voro
348 639 24 20 af
385 646 83 13 samma
482 639 56 28 åsigt
553 646 46 13 som
613 638 109 29 Hagman.

265 673 220 28 Landtdagsmannen
495 673 134 21 Pelkonen
637 673 101 21 förenade
747 673 33 27 sig
788 673 49 20 med
845 663 96 42 Östring,

197 707 109 20 anseende
321 709 31 18 att
367 707 37 20 det
419 707 65 21 borde
499 708 33 20 stä
547 707 121 21 hvarochen
683 707 48 20 fritt
744 709 31 18 att
785 707 99 27 begagna
895 707 46 26 gles

198 741 96 27 stängsel
308 741 88 21 hvarest
410 741 43 21 han
468 741 52 21 fann
535 741 36 21 det
586 740 104 29 lämpligt.

265 775 219 28 Landtdagsmannen
505 775 90 21 Klami
614 774 99 21 erinrade
728 776 32 19 att
775 775 36 20 det
825 774 66 21 redan
906 775 7 20 i
929 775 11 27 8

200 809 26 20 12
249 809 72 20 blifvit
341 809 95 21 beslutet
458 811 32 19 att
510 809 58 22 såväl
590 810 33 19 tät
642 816 46 13 som
708 809 47 27 gles
774 809 95 27 stängsel
884 808 57 28 finge

198 843 117 28 begagnas.

266 877 219 28 Landtdagsmännen
507 878 203 27 Kumpulainen,
731 877 85 21 Akola
836 877 40 21 och
890 877 51 21 Pu-

198 911 85 22 hakka
297 911 107 22 instämde
419 912 8 21 i
442 906 101 34 Östrings
557 912 106 27 yttrande.

266 946 220 28 Landtdagsmannen
505 947 116 27 Hagman
640 946 123 21 förklarade
783 948 31 19 att
828 946 54 21 hans
897 953 43 14 me-

198 981 53 27 ning
266 981 56 20 varit
341 983 31 18 att
391 988 27 14 en
436 981 110 28 rähägnad
561 981 66 20 borde
643 981 100 21 öfverallt
757 987 51 15 vara
823 981 24 20 af
861 987 81 14 samma

198 1015 156 21 beskaffenhet.

265 1049 32 21 På
316 1049 122 21 framställd
455 1049 134 28 proposition
609 1049 122 20 bestämdes
749 1049 53 20 härä
817 1050 31 19 att
863 1055 26 14 en
906 1049 35 19 aln

198 1084 32 19 tät
245 1083 95 27 stängsel
356 1082 70 22 skulle
442 1090 62 14 svara
519 1084 59 20 emot
593 1083 36 20 tvä
644 1082 60 22 alnar
720 1083 52 27 gles.

487 1153 24 27 88
528 1153 25 20 19
569 1152 39 21 och
624 1153 32 20 20.

266 1187 102 21 Gillades.

538 1216 11 27 8
565 1217 34 19 21.

264 1255 32 20 På
311 1255 81 27 förslag
405 1255 25 20 af
441 1255 219 27 Landtdagsmannen
678 1249 118 32 Östring
810 1254 81 21 beslöts
906 1255 7 19 i
928 1255 12 26 $

195 1288 43 21 den
260 1289 101 27 ändring,
385 1290 31 19 att
432 1288 219 28 stängselskyldighet
672 1288 67 21 borde
759 1289 108 26 uppsägas
882 1288 58 21 inom

195 1323 67 21 slutet
284 1323 24 21 af
328 1323 90 21 oktober
440 1323 78 22 mänad
540 1323 39 20 och
603 1322 69 21 skulle
692 1322 84 21 säledes
795 1322 56 21 efter
874 1322 66 21 orden

196 1358 57 26 nläte
276 1358 86 21 derom"
386 1358 92 20 insättas
496 1357 67 21 orden
585 1357 71 26 ,inom
675 1357 110 27 utgången
806 1356 23 21 af
850 1356 90 21 oktober

195 1393 97 21 månad".
