984 1703
227 151 40 21 796
510 156 36 17 Den
560 157 21 15 10
593 154 48 23 april.

196 216 25 26 ju
240 216 34 19 till
294 214 54 28 följd
366 216 32 19 att
416 221 49 13 man
481 214 52 21 fölle
549 214 48 20 ned.
627 214 44 20 Det
686 220 51 14 vore
753 214 34 21 väl
803 214 38 21 bra
857 216 31 19 att
903 214 43 21 fort

198 249 86 21 komma
306 248 65 27 fram;
394 255 49 13 men
466 248 49 26 den,
538 254 46 14 som
605 247 48 21 icke
668 248 55 20 hade
739 248 39 21 råd
793 250 32 18 att
840 248 57 28 köpa
913 248 32 27 sig

190 290 71 21 -vagn,
276 282 71 21 kunde
363 282 28 28 gå
406 282 31 20 till
452 282 49 20 fots.
531 281 51 22 Han
597 282 59 20 hann
670 282 35 20 väl
721 282 48 20 icke
784 282 23 20 sä
822 282 43 21 fort
880 282 65 26 fram,

197 323 51 14 men
268 317 57 26 finge
344 316 84 20 ändock
444 316 34 20 sin
494 316 39 20 sak
548 315 101 21 uträttad.
681 315 71 28 Toges
768 316 36 20 det
818 316 127 21 tillämnade

197 351 59 21 lånet
276 351 48 21 från
344 350 104 26 utlandet,
472 351 23 20 så
512 349 72 22 blefve
599 350 22 20 vi
636 350 179 27 utlänningarnes
831 351 76 26 trälar;
923 352 22 25 ty

198 385 132 27 gäldenären
353 385 23 20 är
399 385 19 26 ej
442 385 67 20 annat
532 386 27 19 än
579 384 48 20 träl.
663 384 46 21 Och
730 383 27 22 då
777 384 20 21 vi
812 384 48 21 icke
876 384 69 21 skulle

198 419 74 22 kunna
286 419 94 27 fullgöra
395 417 231 28 betalningsvilkoren,
642 417 70 22 skulle
723 418 124 27 utmätning
857 418 90 27 öfvergå

197 452 51 21 hela
269 452 81 21 landet.
380 452 51 21 Man
454 452 93 28 klagade
569 452 48 21 icke
639 452 48 20 litet
706 452 39 21 hos
766 459 41 19 oss,
822 452 27 21 då
863 453 83 20 frosten

197 487 89 28 härjade
301 493 27 14 en
344 487 103 20 landsort.
476 487 51 20 Men
542 486 57 21 hvad
612 493 51 14 vore
673 487 60 20 detta
743 486 7 20 i
758 486 127 27 jemförelse
896 485 50 22 med

198 521 42 21 den
255 521 61 26 frost,
332 527 46 14 som
393 527 49 14 man
458 527 29 14 nu
503 520 50 21 ville
568 520 45 21 låta
628 520 27 27 gå
666 521 60 20 öfver
736 520 51 21 hela
796 520 81 21 landet.
899 519 46 22 Och

197 555 60 22 detta
271 555 34 21 för
320 557 32 18 att
365 555 93 27 anlägga
470 555 125 27 jernvägar,
611 554 68 21 ehuru
694 554 21 21 vi
731 554 55 21 hade
802 561 35 20 en,
850 561 46 14 som
907 554 38 21 ko-

197 591 43 19 stat
255 591 33 19 tre
303 589 101 28 miljoner
420 589 40 20 och
474 588 90 22 hvilken
579 588 54 21 bure
649 588 33 27 sig
697 588 30 27 så,
742 590 31 19 att
784 589 65 26 ingen
861 588 84 21 enskild

197 623 51 22 ville
270 625 51 26 taga
343 624 58 20 emot
423 623 48 26 den,
495 629 34 14 om
547 623 43 20 han
606 622 57 28 finge
679 623 42 20 den
737 622 33 21 till
785 623 88 20 skänks.
901 623 45 20 Det

197 658 67 21 borde
286 664 53 14 vara
360 657 80 27 tydligt
460 664 51 20 nog,
531 659 32 19 att
575 657 118 27 jernvägar
709 656 7 21 i
731 658 32 19 ett
778 657 24 21 så
816 657 75 27 fattigt
906 657 39 21 och

197 693 56 27 glest
267 690 81 22 bebodt
362 691 52 21 land
429 698 46 14 som
490 692 54 25 vårt,
560 690 47 21 icke
623 690 72 21 kunde
711 690 52 21 bära
778 691 39 27 sig.
839 691 29 21 Vi
878 691 67 21 borde

197 726 86 21 derföre
300 726 51 26 nöja
366 732 36 14 oss
417 725 50 21 med
481 724 58 22 hvad
552 725 22 20 vi
590 724 55 21 hade
661 724 40 21 och
716 724 119 28 uppskjuta
849 725 96 21 fortsätt-

197 760 82 28 ningen
294 759 34 21 till
342 758 123 22 framtiden.
495 759 59 21 Ville
569 759 67 27 något
652 758 95 22 enskildt
761 758 66 28 bolag
838 760 65 26 åtaga
914 759 33 27 sig

197 796 33 18 att
247 794 73 27 bygga
337 793 125 27 jernvägar,
482 792 71 22 kunde
572 792 37 21 det
624 793 87 27 tillåtas,
727 800 48 14 men
793 794 71 20 staten
879 793 67 21 borde

197 827 89 21 dermed
308 826 47 22 icke
378 826 82 22 befatta
483 827 40 27 sig.
553 826 93 22 Talaren
662 826 51 22 ville
729 828 58 20 ännu
802 827 97 28 tillägga,
915 829 31 19 att

198 862 36 20 det
255 862 36 21 väl
312 860 72 22 kunde
407 868 52 14 vara
476 861 53 27 godt
544 862 32 19 att
591 860 27 21 bo
633 860 8 20 i
655 862 33 19 ett
703 861 58 27 slott,
776 868 50 14 men
842 863 32 19 att
888 868 57 20 man,

197 903 35 14 om
247 902 51 14 man
313 895 48 21 icke
376 895 56 21 hade
447 895 39 21 råd
501 895 79 26 dertill,
595 894 66 22 borde
677 896 62 26 nöjas
751 895 49 21 med
810 897 33 19 att
853 896 27 20 bo
891 896 55 20 min-

197 930 38 22 dre
255 929 58 21 stolt.
343 928 72 29 Toges
434 929 36 21 det
484 928 166 29 ifrågavarande
664 929 66 27 lånet,
745 930 24 20 så
783 936 52 14 vore
851 930 36 21 det
902 930 43 20 slut

198 964 50 21 med
269 964 81 21 landet.
380 963 67 21 Detta
468 963 73 21 kunde
564 963 24 21 af
608 963 59 21 lånet
689 964 48 20 icke
753 963 65 22 hafva
837 964 36 21 det
888 971 57 21 gagn

197 1006 51 13 man
270 997 93 22 väntade
386 998 39 26 sig.
456 997 93 21 Talaren
569 998 102 20 motsatte
685 998 34 27 sig
733 998 59 27 förty
807 998 139 27 upptagande

197 1032 24 21 af
234 1032 38 21 det
286 1031 125 28 föreslagna
425 1031 66 21 lånet.

264 1065 222 28 Landtdagsmannen
505 1065 118 28 Hagman
638 1065 56 21 utlät
709 1066 40 27 sig,
765 1067 32 20 att
811 1066 43 21 han
870 1066 75 21 trodde

198 1100 55 20 intet
274 1099 52 21 land
348 1099 7 20 i
378 1099 49 20 hela
444 1098 89 28 Europa
548 1099 65 21 hafva
628 1099 56 20 varit
699 1099 7 20 i
721 1099 65 22 stånd
800 1101 32 19 att
847 1100 98 27 tillväga-

198 1134 78 27 bringa
289 1133 82 20 sådana
386 1133 110 26 anstalter,
511 1140 47 13 som
574 1133 26 20 de
615 1140 30 13 nu
659 1133 166 27 ifrågavarande
840 1135 53 19 utan
903 1134 43 25 lån,

198 1167 54 21 eller
272 1167 85 27 garanti
376 1167 34 20 för
429 1169 77 18 räntan
522 1167 13 20 å
550 1167 257 28 anläggningskapitalet.
838 1167 47 22 Och
901 1175 45 13 som

199 1200 164 26 bondeståndet,
386 1200 27 21 då
435 1201 37 20 det
494 1201 93 21 bestämt
607 1200 7 20 i
634 1201 89 20 hvilken
739 1201 94 27 ordning
848 1201 25 21 de
889 1201 56 21 före-

196 1235 77 26 slagna
292 1235 113 26 företagen
425 1234 66 21 borde
511 1235 89 25 utföras,
619 1235 56 20 visat
690 1235 34 26 sig
739 1235 64 20 hafva
818 1236 67 18 insett
899 1235 47 27 vig-

197 1270 37 18 ten
250 1268 24 20 af
287 1268 110 20 desamma
412 1267 33 21 för
460 1268 85 20 landets
561 1268 125 27 utveckling
701 1268 40 20 och
754 1268 83 27 jemväl
851 1268 8 20 i
869 1268 77 20 sådant

196 1301 110 27 afseende,
322 1302 56 20 samt
392 1301 34 21 till
441 1303 62 19 ränta
519 1302 40 20 och
574 1302 134 27 amortering
723 1302 24 20 af
759 1301 76 22 sådant
846 1302 43 26 lån,
900 1308 46 14 som

196 1336 38 21 det
255 1335 173 28 ifrågavarande,
448 1335 79 21 bifallit
547 1336 126 27 bevillning,
689 1336 24 21 så
727 1336 68 27 ansåg
810 1336 85 21 talaren
911 1336 36 20 det

196 1369 67 22 också
278 1369 116 28 sjelffallet,
411 1371 31 19 att
457 1370 87 21 ståndet
559 1370 66 21 borde
642 1369 111 28 samtycka
764 1370 33 21 till
807 1370 139 28 upptagande

195 1404 26 21 af
241 1403 200 28 amortiseringslån
461 1404 34 20 till
513 1404 37 21 det
565 1404 79 27 belopp
660 1404 151 28 ridderskapet
827 1405 39 20 och
882 1404 63 21 adeln

196 1437 100 22 bestämt.
334 1438 50 21 Med
407 1438 158 21 förutsättande
586 1440 32 19 att
638 1438 85 21 ståndet
742 1439 57 26 finge
819 1439 86 21 behålla
920 1439 26 20 de
