984 1698
367 122 36 16 Den
417 122 21 16 19
452 122 40 16 febr.
735 116 40 20 309

125 178 218 30 Landtdagsmannen
365 174 115 34 Östring
500 182 67 26 ansåg
586 181 101 21 Arvelins
702 181 100 21 anmärk-

58 214 53 27 ning
125 213 59 21 hvila
198 214 28 27 på
242 216 31 18 ett
286 214 95 28 misstag.
413 214 39 22 Om
469 215 165 27 trefjerdedelar
652 215 65 21 också
732 216 70 20 beslu-

58 248 26 19 tit
106 249 32 19 att
160 248 108 20 bibehålla
291 248 36 20 det
347 248 71 27 gamla
439 249 250 27 stängselförhållandet,
710 250 23 19 så
748 249 54 21 hade

58 282 60 19 detta
132 281 56 21 dock
203 281 65 27 ingen
283 282 82 20 verkan
380 282 28 27 på
423 282 67 21 andra
504 283 88 27 byalag,
608 283 87 20 hvarest
709 283 40 20 den
761 290 42 20 nya

58 315 253 28 stängselförordningen
333 322 50 14 vore
405 318 101 26 antagen.
543 316 145 28 Paragrafens
710 316 93 21 bestäm-

58 349 77 28 ningar
150 350 72 20 kunde
238 350 84 20 således
337 350 48 21 icke
401 350 56 28 angä
472 350 142 28 råhägnader.

125 384 33 20 På
172 384 121 21 framställd
307 384 134 28 proposition
457 385 125 27 godkändes
597 385 51 21 härä
664 386 11 26 $
691 386 33 20 23.

320 431 24 27 $$
360 431 33 26 24,
409 432 26 20 25
452 431 40 20 och
508 432 32 20 26.

114 459 105 27 Antogos.

401 488 11 27 8
426 488 34 20 27.

123 521 221 28 Landtdagsmannen
359 522 106 21 Brusila
479 522 123 21 förklarade
618 524 32 18 att
665 522 37 21 det
715 523 7 19 i
733 522 70 21 denna

56 556 11 26 &
83 556 112 27 angäende
211 556 137 28 förvandling
363 556 24 20 af
400 557 61 20 böter
475 556 75 21 heldre
566 556 63 21 bordt
643 556 60 21 heta:
720 558 31 19 att
762 556 40 21 den

58 596 45 13 som
126 589 48 20 icke
197 590 85 20 mäktar
300 590 64 27 gälda
379 590 78 20 honom
473 590 92 21 ädömda
579 590 69 27 böter,
663 591 36 20 mä
714 591 44 20 låta
772 591 30 19 bli

57 625 32 18 att
111 623 64 28 gälda
195 623 58 27 dem,
276 625 27 19 än
323 625 32 19 att
370 624 113 21 förvandla
499 624 91 21 böterna
605 625 34 20 till
654 624 98 28 fängelse
768 625 35 20 vid

56 659 75 19 vatten
146 657 40 21 och
201 657 60 21 bröd.
291 658 87 21 Rättast
393 658 55 21 hade
464 659 56 20 varit
535 661 31 18 att
582 659 120 20 bestämma
716 659 37 20 det
765 659 38 20 bö-

57 693 69 26 terna,
142 692 7 20 i
164 692 38 20 fall
218 692 23 20 af
255 692 109 21 bristande
380 693 101 27 tillgäng,
498 693 66 24 borde
580 693 93 28 aftjenas
688 693 50 21 med
753 693 49 20 kro-

57 733 54 14 nans
126 727 80 20 arbete.

124 761 218 27 Landtdagsmannen
364 755 108 34 Östring
490 762 51 20 fann
558 761 47 21 icke
621 762 67 27 något
703 761 99 21 stötande

56 795 46 20 deri
121 796 31 19 att
171 795 98 27 fängelse
288 795 35 20 vid
338 797 74 19 vatten
428 796 38 20 och
483 795 53 21 bröd
551 796 40 20 här
606 796 110 27 upptagits
732 796 70 20 såsom

55 829 101 21 straffart.
180 829 42 21 Tre
238 829 63 21 stånd
316 829 55 21 hade
386 830 34 20 väl
435 830 67 20 redan
518 830 90 20 beslutit
621 832 31 18 att
662 830 60 21 detta
733 829 69 21 straff-

54 865 42 19 sätt
112 863 70 21 skulle
198 864 115 20 framdeles
329 864 112 26 afskaffas,
457 871 49 13 men
518 864 76 20 sådant
604 864 72 21 kunde
688 864 113 27 naturligt-

54 898 32 20 vis
102 898 47 20 icke
165 898 39 20 här
219 898 98 26 framstå,
334 898 91 20 emedan
441 898 40 21 den
498 898 104 28 påtänkta
612 906 42 20 nya
665 898 137 28 strafflagen,

54 932 141 28 hvarigenom
214 934 83 19 vatten-
317 932 39 29 och
376 932 139 21 brödstraffet
533 932 69 21 skulle
618 932 111 27 afskaffas,
745 934 57 19 ännu

54 967 20 27 ej
91 966 71 21 blifvit
178 968 99 26 antagen.

122 1001 32 21 På
170 1000 120 22 framställd
305 1001 134 28 proposition
455 1001 91 27 gillades
562 1002 12 26 $
590 1002 33 20 27.

397 1048 12 26 s
425 1048 32 20 28.

123 1080 228 22 Ståndsledamöterna
373 1081 94 27 Akola,
489 1081 119 21 Heikura
630 1081 39 21 och
693 1074 108 34 Östring

54 1115 120 27 föreslogo:
190 1117 32 18 att
237 1115 166 28 förordningens
420 1115 139 28 tillämpande
574 1115 70 21 skulle
655 1115 87 27 vidtaga
753 1114 46 21 från

54 1149 39 21 och
109 1149 49 21 med
176 1150 53 20 1865
245 1150 34 20 års
295 1150 89 27 ingång,
401 1157 34 13 om
451 1150 20 27 ej
487 1150 130 27 regeringen
633 1150 67 20 funne
712 1149 45 21 skäl
769 1151 31 18 att

54 1184 134 20 annorlunda
204 1184 108 20 förordna.

121 1218 85 20 Bifölls.

120 1252 12 20 I
152 1252 101 21 afseende
273 1253 12 20 å
303 1252 158 22 underrättelse
481 1260 35 14 om
532 1253 97 21 ståndets
644 1253 72 20 beslut
731 1252 69 20 skulle

52 1286 199 28 protokollsutdrag
266 1287 117 21 utskrifvas
400 1288 32 20 till
448 1287 141 21 medstånden
603 1287 39 21 och
654 1287 145 28 expeditions-

53 1321 111 20 utskottet.

121 1377 220 27 Landtdagsmannen
356 1377 106 20 Pousar
477 1377 127 21 meddelade
620 1379 31 18 att
666 1377 24 20 af
702 1377 25 20 de
738 1384 61 13 arvo-

54 1411 51 27 den,
129 1419 45 13 som
198 1411 167 21 hondeständets
388 1411 98 21 enskilda
505 1411 173 21 besvärsutskott
696 1411 66 20 utfäst
778 1412 21 20 ät
