973 1706
205 138 40 23 148
495 144 38 18 Den
545 144 10 18 5
568 143 42 19 febr.

245 205 221 27 Landtdagsmannen
490 205 110 21 Poikela
624 204 63 28 ingaf
709 206 32 20 ett
760 204 105 29 skriftligt
887 212 37 14 an-

177 239 109 28 dragande
302 240 23 20 sä
339 239 100 28 lydande.

246 274 54 28 »Jag
315 274 34 20 för
364 274 44 20 min
425 274 34 21 del
474 274 43 20 kan
529 273 48 21 icke
592 273 116 28 godkänna
723 274 116 20 utskottets
849 274 75 21 betän-

178 309 79 27 kande,
272 308 127 29 isynnerhet
415 308 45 21 deri
475 310 32 19 att
521 308 111 28 allmogen
647 308 40 21 och
703 308 68 21 andra
785 308 49 21 dess
849 308 76 21 veder-

179 343 56 21 likar
250 343 79 27 borde,
344 343 7 20 i
367 342 96 28 enlighet
478 342 49 21 med
543 342 116 22 utskottets
670 342 145 27 betänkande,
828 344 98 27 begagna

181 377 117 29 stämpladt
311 384 84 22 papper
410 377 36 21 vid
461 377 117 21 domstolar
593 377 40 21 och
654 377 164 21 embetsverken
834 378 33 21 till
881 378 45 20 lika

178 413 79 27 belopp
279 419 45 14 som
347 412 187 28 ständspersoner.
570 412 69 21 Desse
662 412 74 21 kunna
757 412 97 21 hvarken
876 412 50 21 med

179 447 125 21 hänseende
324 447 33 20 till
377 454 55 21 rang
451 447 54 21 eller
524 446 153 28 förmögenhet
696 447 106 21 likställas
817 447 49 21 med
887 447 39 21 all-

180 488 79 22 mogen
280 482 39 20 och
340 481 109 21 dessutom
469 482 91 28 bidraga
578 482 26 20 de
624 481 48 21 icke
693 482 49 21 med
757 482 95 21 särdeles
868 484 58 19 stora

179 516 90 28 afgifter
284 516 35 20 till
335 516 133 21 statskassan
484 517 39 21 och
539 518 28 20 än
583 516 84 21 mindre
683 518 37 19 äro
736 516 26 21 de
772 516 7 21 i
790 516 135 22 förhållande

180 551 33 21 till
228 551 109 28 allmogen
352 551 124 28 betungade
491 551 49 21 med
556 550 67 22 andra
641 552 84 20 besvär.
754 551 93 22 Derföre
862 557 64 15 anser

178 586 39 28 jag
232 586 86 21 rättvist
333 586 40 20 och
386 586 72 28 billigt
472 593 58 20 vara,
542 588 31 19 att
583 585 110 29 allmogen
708 586 64 28 finge,
784 586 69 28 enligt
868 586 58 21 förra

181 621 156 27 förordningen
357 620 39 22 och
416 620 42 22 den
472 621 80 28 nädiga
571 620 171 28 propositionen,
758 621 35 21 vid
809 620 117 22 domstolar

182 656 39 21 och
242 655 137 22 embetsverk
399 655 99 28 begagna
513 655 117 28 stämpladt
649 662 83 22 papper
754 656 33 20 till
806 655 48 21 half
866 656 60 20 valör

181 693 58 19 emot
261 690 74 21 andra.
372 690 42 28 Jag
435 690 70 21 finner
525 692 32 19 att
577 690 47 20 icke
643 697 28 14 en
691 690 57 28 gäng
763 690 106 21 utskottet
884 690 42 22 för-

181 726 54 21 mått
246 725 76 21 anföra
338 725 155 27 öfvertygande
509 725 56 26 skäl,
581 724 34 22 för
627 726 32 20 att
674 724 42 22 den
731 724 77 29 fattiga
819 725 107 29 allmogen

181 766 30 16 nu
225 760 67 21 borde
307 759 106 28 betungas
433 760 49 21 med
498 766 27 14 en
541 759 65 28 sädan
622 761 61 19 extra
699 759 73 29 afgift,
787 762 32 19 att
834 760 42 21 den
891 760 35 21 vid

180 794 153 29 begagnandet
353 794 23 21 af
393 794 158 28 kartasigillata
571 794 69 21 skulle
660 794 72 22 betala
747 796 27 20 60
788 797 91 26 procent
894 797 32 19 ut-

183 830 59 21 öfver
265 829 46 27 det,
339 828 56 22 hvad
417 828 40 22 den
480 829 58 21 förut
561 829 87 21 betalat.
685 829 51 21 Som
759 830 167 27 kartasigillata-

182 864 92 29 afgiften
297 864 34 21 för
353 864 26 20 de
402 863 141 21 förenämnda
566 863 117 21 skrifterne
705 864 39 21 har
766 864 56 21 varit
838 864 41 22 den
894 865 33 21 till

182 899 99 21 kännbar
296 900 74 26 tunga,
386 898 24 20 sä
425 898 100 21 förvänar
541 898 38 21 det
593 898 45 27 mig
653 899 32 19 att
700 898 47 21 värt
762 898 74 21 ständs
846 899 33 21 till
895 901 32 19 ut-

181 934 82 22 skottet
285 932 96 22 hörande
401 932 119 22 ledamöter
538 932 47 22 icke
600 935 121 19 reserverat
736 934 33 27 sig
784 935 45 19 mot
844 934 83 21 utskot-

182 972 42 18 tets
247 968 144 21 betänkande.
426 968 40 20 Om
487 968 21 20 vi
529 967 40 21 ock
588 967 135 22 beträffande
739 968 152 28 begagnandet
906 969 24 21 af

182 1003 159 27 kartasigillata
361 1002 87 20 ställdes
466 1002 7 20 i
489 1002 130 27 jemnbredd
641 1002 50 20 med
712 1002 216 28 ståndspersonerna,

184 1038 23 20 så
235 1037 82 28 nödgas
344 1036 20 21 vi
392 1036 55 21 dock
473 1036 56 21 hvad
555 1043 54 20 rang
636 1036 40 21 och
703 1037 7 20 i
732 1037 118 27 synnerhet
872 1038 56 21 hvad

183 1071 154 28 förmögenhet
362 1071 68 27 angår
452 1071 33 20 stå
511 1070 56 21 efter
583 1083 29 2 —
626 1071 24 27 ja
671 1071 28 28 på
726 1071 36 21 det
782 1071 53 21 sista
855 1073 73 26 trapp-

182 1107 78 26 steget.

251 1139 110 22 Stödande
376 1139 45 28 mig
436 1139 28 28 på
479 1139 25 20 de
521 1139 56 26 skäl,
592 1140 89 27 prosten
698 1139 63 21 Sirén
772 1139 6 21 i
789 1141 33 20 sin
833 1147 96 14 reserva-

183 1175 46 20 tion
248 1181 57 20 noga
323 1173 112 26 förklarat,
457 1175 23 18 är
501 1173 62 21 äfven
577 1173 39 28 jag
639 1174 23 20 af
683 1181 81 14 samma
786 1175 96 28 mening,
898 1177 31 19 att

183 1209 34 21 för
238 1209 34 20 till
287 1208 28 20 H.
336 1207 27 21 K.
385 1207 40 21 M:t
447 1207 40 21 och
509 1208 34 20 till
565 1207 27 21 K.
616 1207 94 22 Senaten
732 1208 84 27 gående
840 1209 88 21 skrifter

183 1243 68 20 borde
264 1242 158 21 bondeståndet
437 1242 85 26 åtnjuta
537 1242 103 20 befrielse
655 1242 48 20 från
719 1242 164 27 kartasigillata.

251 1269 134 28 Äfvenledes
399 1275 88 20 förenar
502 1276 39 27 jag
556 1275 45 28 mig
616 1275 7 20 i
637 1276 58 20 hvad
709 1276 51 20 herr
779 1276 89 21 filosofie
884 1284 44 14 ma-

182 1310 69 29 gister
271 1310 121 21 Schauman
408 1309 6 20 i
431 1309 32 20 sin
483 1309 133 22 reservation
636 1309 115 27 förklarat,
772 1312 32 19 att
823 1311 107 22 utskottet

183 1345 48 21 icke
252 1345 47 21 haft
317 1344 133 21 motiverade
470 1344 53 27 skäl,
543 1344 101 22 hvarföre
664 1345 33 20 till
717 1345 142 28 tjenstemäns
879 1346 50 22 full-

183 1381 85 21 makter
283 1379 70 22 skulle
367 1379 110 28 begagnas
492 1379 75 21 kartor
581 1379 24 21 af
618 1379 84 22 mindre
716 1379 60 22 valör
792 1382 27 19 än
835 1380 41 21 den
892 1382 37 21 nå-

185 1415 50 29 diga
249 1415 163 28 propositionen
427 1414 140 28 bestämmer;
584 1415 39 21 och
639 1415 92 21 föreslår
738 1416 40 27 jag
791 1415 85 22 derföre
887 1417 43 21 för-

185 1451 92 28 höjning
292 1450 23 21 af
327 1450 109 21 desamma
447 1450 88 28 jemlikt
550 1451 92 21 nämnde
658 1450 79 29 nådiga
752 1451 142 28 proposition.
