992 1709
208 134 42 21 848
490 138 37 18 Den
542 140 22 16 12
576 136 49 26 april.

249 198 223 28 Landtdagsmännen
492 198 80 28 Keto,
590 198 104 26 Klami,
708 196 171 31 Warpenius
893 198 40 22 och

181 233 124 29 Hagman
321 232 107 22 instämde
443 232 9 21 i
466 232 175 30 Kumpulainens
656 233 108 28 yttrande.

248 268 34 22 På
303 268 75 21 derom
401 268 65 28 gjord
486 268 142 29 proposition,
647 269 67 27 antog
730 268 86 21 ståndet
831 267 103 22 ofvanbe-

181 303 66 22 rörda
267 302 84 29 förslag
372 302 136 22 beträffande
528 303 63 22 äfven
608 302 165 29 hydrografiska
787 303 92 22 arbeten
894 303 41 22 och

181 338 160 29 sjömätningar
362 338 37 21 vid
421 337 111 29 kusterne,
554 337 80 22 liksom
657 337 86 22 ståndet
761 338 59 21 förut
838 337 97 30 godkänt

182 373 120 22 detsamma
318 373 113 28 angående
446 374 138 28 postgången
599 373 61 21 öfver
669 366 84 29 Ålands
763 373 47 28 haf;
821 373 115 22 hvaremot

182 408 87 22 ståndet
283 408 49 21 icke
348 408 80 28 gillade
443 408 107 28 förslaget
564 407 92 22 rörande
672 407 124 22 inrättande
811 409 24 20 af
849 415 27 14 en
890 409 45 23 sär-

183 443 57 22 skild
259 443 205 29 jernvägsstyrelse,
487 443 40 21 och
546 442 81 22 förblef
640 442 84 22 således
739 443 7 20 i
762 443 41 20 den
820 442 63 22 delen
900 443 35 21 vid

183 478 38 21 sitt
236 477 59 22 förra
309 477 79 22 beslut.
641 485 2 2 :

251 512 143 22 Medstånden
411 513 40 21 och
467 512 245 28 expeditionsutskottet
727 511 70 22 skulle
810 513 75 20 härom
896 519 39 14 un-

183 547 107 22 derrättas
306 553 78 22 genom
400 547 207 28 protokollsutdrag.

251 615 123 30 Föredrogs
394 616 75 22 vidare
486 616 164 29 ridderskapets
666 616 40 22 och
722 615 75 23 adelns
812 615 73 23 beslut
900 623 35 14 om

184 651 139 29 upptagande
343 651 24 21 af
384 652 100 26 statslån,
502 651 35 22 för
555 653 32 20 att
602 651 80 21 bereda
698 651 26 21 de
740 651 13 22 å
768 651 168 28 donationsgod-

183 693 38 15 sen
237 685 8 22 i
259 685 105 30 Wiborgs
380 686 36 21 län
431 686 85 22 bosatte
532 686 84 21 bönder
630 687 67 27 utväg
712 688 32 19 att
759 685 73 22 tillösa
845 686 34 28 sig
889 686 48 22 sina

184 721 98 22 åboende
297 721 135 28 lägenheter.

252 755 224 28 Landtdagsmannen
495 755 118 28 Hagman
634 754 101 23 förmälte
756 755 34 28 sig
809 761 52 15 vara
875 754 63 29 villig

185 792 31 19 att
231 792 80 26 antaga
325 789 37 22 det
376 789 78 28 beslut,
470 790 62 21 hvari
548 789 150 28 ridderskapet
714 789 39 22 och
769 789 64 21 adeln
848 789 7 21 i
869 789 68 21 saken

185 826 94 25 stannat,
301 825 56 20 dock
379 824 50 21 med
452 825 70 20 vilkor
544 826 33 19 att
599 826 69 19 större
689 823 54 22 eller
762 823 84 22 mindre
865 824 34 21 del
915 823 24 22 af

185 859 190 22 bränvinsskatten
396 859 48 21 icke
465 859 57 29 finge
544 861 60 26 tagas
620 859 6 20 i
643 859 123 28 beräkning
781 859 34 21 för
830 859 107 28 ifrågava-

184 894 67 21 rande
265 893 107 28 ändamål,
388 894 139 21 alldenstund
542 895 72 27 någon
630 893 66 22 sådan
710 893 49 22 icke
771 893 71 22 blifvit
852 894 25 21 af
884 894 53 21 bon-

185 929 115 21 deståndet
315 928 102 29 beviljad.

253 963 223 28 Landtdagsmannen
491 963 92 22 Klami
598 963 51 21 fann
662 963 141 22 förevarande
815 963 61 28 fråga
887 969 52 16 vara

185 998 24 21 af
225 998 83 29 ganska
322 997 116 22 invecklad
453 998 157 22 beskaffenhet.
640 998 113 27 Antingen
768 1005 51 16 man
834 998 51 21 ville
901 1005 38 14 an-

186 1035 50 26 taga
256 1032 162 29 ridderskapets
437 1033 40 21 och
493 1033 76 21 adelns
584 1033 54 20 eller
653 1032 191 28 borgareståndets
859 1032 80 28 beslut,

186 1067 24 21 så
232 1066 112 22 företedde
367 1067 34 28 sig
423 1067 136 28 svårigheter
580 1067 82 27 dervid,
681 1067 91 21 emedan
789 1067 62 21 dessa
866 1067 73 21 beslut

185 1101 77 22 stödde
277 1101 34 28 sig
326 1102 28 28 på
367 1101 199 28 bränvinsskatten,
577 1101 33 21 till
620 1101 88 21 hvilken
720 1101 159 22 bondeståndet
889 1101 50 22 icke

185 1136 86 21 bifallit.
300 1135 63 22 Enda
382 1137 94 26 utvägen
498 1143 51 14 vore
568 1135 106 22 måhända
688 1138 32 19 att
735 1135 54 22 söka
801 1135 77 28 jemka
892 1142 46 15 me-

185 1171 113 27 ningarna,
314 1171 24 20 så
353 1172 32 19 att
400 1171 107 27 styrelsen
521 1170 170 28 bemyndigades
706 1172 32 19 att
749 1173 96 25 upptaga
855 1170 35 21 lån
903 1171 34 20 för

184 1205 258 21 donationshemmanens
458 1205 120 22 inlösande.

253 1239 223 27 Landtdagsmannen
501 1239 120 20 Tiainen
647 1239 76 21 trodde
749 1239 36 20 det
813 1239 126 28 lempligast

186 1273 74 21 kunna
274 1273 108 21 anordnas
399 1273 97 26 sålunda,
511 1275 33 19 att
558 1272 166 28 löseskillingen
739 1273 85 20 erlades
838 1273 7 21 i
857 1273 82 28 obliga-

187 1307 78 28 tioner,
285 1314 47 15 som
353 1307 107 28 styrelsen
476 1307 54 28 egde
546 1307 88 21 utfärda
648 1307 28 28 på
692 1307 143 22 statsverkets
850 1309 89 27 vägnar,

187 1342 39 21 och
245 1344 32 19 att
295 1341 286 29 lägenhetsinnehafvarene
596 1341 60 22 inom
671 1341 98 22 bestämd
786 1342 31 21 tid
831 1343 108 21 återbeta-

186 1377 49 22 lade
251 1377 172 28 löseskillingen,
439 1377 81 21 enhvar
535 1377 35 22 för
584 1377 32 21 sin
634 1377 102 28 lägenhet
751 1377 50 21 med
815 1378 44 21 viss
874 1377 65 22 andel

188 1412 91 28 årligen.
309 1411 50 22 Med
374 1411 63 22 dessa
452 1411 163 29 afbetalningar
630 1411 72 22 kunde
716 1413 79 21 räntan
810 1412 76 28 gäldas
899 1412 40 22 och

187 1446 174 29 obligationerna
376 1448 127 21 amorteras.
