1014 1703
217 140 42 19 940

189 205 40 21 och
244 203 124 29 grunderna
384 203 34 21 för
434 203 63 21 deras
510 203 121 28 utgörande
647 204 56 19 samt
718 209 34 14 om
770 209 26 14 en
812 203 80 20 allmän
907 209 32 14 re-

189 239 86 28 glering
290 238 24 21 af
327 238 63 21 dessa
405 237 118 28 utskylder.

257 273 77 21 Bifölls
355 273 7 20 i
383 272 72 27 öfrigt,
476 273 59 20 utom
557 271 55 21 hvad
629 272 67 27 angår
712 273 11 26 8
740 273 19 25 2,
775 272 61 21 hvari
852 272 88 27 gjordes

189 308 41 21 den
251 307 99 28 ändring,
366 309 31 19 att
412 307 103 27 beloppet
531 307 22 20 af
568 306 245 28 mantalspenningarna
828 306 112 21 nedsattes

189 342 33 21 till
245 349 27 14 en
293 341 61 22 mark
377 341 70 21 sextio
470 341 66 27 penni
556 341 33 19 för
610 348 49 13 man
679 341 38 20 och
734 341 76 20 åttatio
826 341 66 27 penni
908 341 33 20 för

190 377 86 27 qvinna,
292 376 40 20 och
348 376 11 26 $
375 376 19 26 5,
410 376 62 20 hvari
488 375 70 21 skulle
574 375 58 27 ingå,
648 376 31 19 att
690 375 110 28 allmogen
811 375 7 21 i
828 374 112 21 Kuusamo

190 412 79 20 socken
292 410 54 28 egde
369 410 36 20 vid
428 410 131 28 erläggande
582 409 24 21 af
622 410 218 27 mantalspenningar
856 410 85 28 åtnjuta

189 446 97 27 lindring
300 445 34 21 till
349 445 83 21 hälften
449 446 58 19 emot
522 444 85 21 landets
623 444 71 28 öfriga
709 444 135 28 befolkning.

218 509 41 21 N:o
278 510 45 20 141.
403 508 55 20 Den
476 508 28 20 17
521 507 117 21 februari
655 508 71 20 1864.

257 549 123 27 Föredrogs
396 548 234 21 ekonomieutskottets
645 548 139 20 betänkande
799 554 36 14 n:o
851 548 19 26 5,
886 548 6 20 i
904 554 37 14 an-

190 583 90 27 ledning
300 582 24 21 af
342 582 27 21 II.
390 582 27 21 K.
439 582 51 21 M:ts
506 582 79 27 nådiga
600 582 136 27 proposition
752 582 114 27 angående
881 582 61 20 kom-

190 616 237 28 munalförvaltningen
443 617 27 27 pä
486 616 83 27 landet;
585 616 40 20 och
639 616 105 20 stannade
756 616 86 20 ståndet
853 616 6 20 i
870 616 72 20 denna

190 652 62 27 fräga
267 651 32 20 uti
314 650 96 28 följande
427 650 82 20 beslut:

258 686 11 26 8
286 685 19 20 9.
336 684 42 21 Till
399 684 72 21 denna
489 685 12 26 &
520 683 66 22 borde
602 684 75 27 läggas
694 683 56 21 hvad
766 683 176 28 landtdagsman-

190 727 42 13 nen
256 719 73 21 Klami
352 719 7 20 i
380 719 32 20 sin
434 718 134 21 reservation
587 718 121 28 föreslagit,
723 718 111 28 nemligen
852 719 42 26 1:0)
910 718 32 20 till

190 754 99 21 vilkoren
308 753 34 21 för
362 753 107 20 vinnande
486 753 24 20 af
523 753 105 27 rättighet
643 755 31 18 att
693 753 2 20 i
712 753 230 21 kommunalstämmas

190 788 168 28 öfverläggning
377 787 40 21 och
438 787 72 21 beslut
528 787 93 28 deltaga,
642 789 60 19 utom
717 787 57 21 hvad
789 787 31 20 uti
836 787 60 21 detta
911 787 31 20 af-

190 823 80 21 seende
286 822 7 21 i
309 822 67 27 öfrigt
390 822 154 27 föreskrifvits,
562 822 52 26 ,och
630 822 7 20 i
653 829 38 13 sex
706 822 35 20 års
758 821 30 21 tid
804 822 56 21 varit
873 822 7 21 i
890 821 52 21 Fin-

190 857 51 21 land
261 857 85 21 bosatt"
368 856 39 21 och
427 857 42 27 2:0)
485 859 32 19 att
533 857 97 27 ,tjenare
646 856 118 27 berättigas
780 857 32 19 att
828 856 33 28 sig
875 856 67 21 emel-

190 892 36 21 lan
241 893 48 19 utse
306 891 86 26 ombud,
410 898 46 13 som
472 891 28 28 pä
515 891 63 21 deras
593 892 82 26 vägnar
689 898 51 20 eger
756 891 59 20 rösta
830 890 35 21 vid
882 890 60 21 kom-

190 926 175 25 munalstämma,
381 926 40 19 när
437 925 67 21 saken
520 925 135 20 omedelbart
671 926 61 19 rörer
748 925 70 20 dem.*

259 961 11 26 8
288 961 32 19 10.
350 959 121 28 Angående
494 959 97 26 landbos,
614 959 139 21 arrendators
776 959 54 21 eller
849 959 93 21 hälften-

191 995 105 20 brukares
312 995 90 19 rösträtt
418 993 33 21 för
467 994 40 21 den
524 993 103 29 lägenhet
643 994 41 20 han
701 993 98 28 innehar,
810 995 79 26 antogs
900 994 42 21 för-

190 1030 34 20 sta
239 1028 145 21 alternativet.

258 1062 141 22 Beträffande
422 1063 89 20 rösträtt
534 1062 33 21 för
590 1062 107 28 egendom
714 1070 27 13 m.
758 1070 35 19 m.,
812 1069 46 14 som
874 1063 70 21 under

191 1098 144 26 borgenärers
351 1096 134 28 förvaltning
500 1097 51 27 stär,
567 1096 126 28 godkändes
706 1097 118 26 utskottets
835 1096 68 22 andra
913 1097 30 21 al-

190 1132 102 23 ternativ.

259 1166 11 26 8
288 1166 32 20 13.
352 1164 98 22 Gillades
465 1166 118 20 utskottets
599 1165 90 21 sednare
706 1166 122 20 alternativ.

258 1200 12 26 8
287 1200 32 20 14.
350 1199 44 21 Till
417 1199 71 21 denna
511 1200 11 27 $
545 1199 70 21 skulle
635 1200 63 27 fogas
718 1200 36 20 det
769 1200 127 28 stadgande,
912 1202 32 19 att

190 1233 138 28 kyrkoherde
344 1233 55 21 skall
416 1233 47 21 frän
480 1234 33 20 sin
528 1234 36 20 lön
581 1233 64 27 gälda
659 1233 85 21 hälften
755 1234 24 20 af
787 1234 41 20 den
839 1234 104 27 aflöning,

191 1274 45 14 som
252 1266 131 21 ordförande
398 1267 7 19 i
420 1266 219 22 kommunalstämma
654 1267 43 21 kan
713 1267 151 27 tillerkännas,
874 1262 10 37 i
905 1268 38 20 fall

190 1301 104 21 kommun
310 1300 33 21 till
358 1300 131 22 ordförande
505 1302 60 20 utser
580 1308 72 14 annan
667 1307 87 22 person,
770 1302 41 20 och
826 1302 50 21 hela
891 1302 52 21 aflö-

191 1335 89 28 ningen,
292 1334 72 22 derest
378 1334 161 29 kyrkoherden,
555 1336 50 20 vald
620 1336 33 20 till
669 1336 138 27 ordförande,
822 1338 79 26 vägrar
911 1338 33 20 att

192 1369 215 29 ordförandesysslan
429 1371 116 27 emottaga,
566 1372 56 19 samt
641 1370 71 22 denna
732 1371 86 21 derföre
834 1371 22 21 ät
871 1378 72 15 annan

191 1404 131 29 uppdrages.

260 1439 11 28 8
288 1439 32 20 15.
350 1438 86 29 Antogs
446 1439 50 22 med
507 1439 35 22 det
554 1440 83 28 tillägg,
648 1442 31 19 att
690 1447 34 14 om
736 1440 208 22 kommunalnämnd
