981 1703
376 128 38 17 Den
429 128 12 17 9
452 127 48 23 april.
739 120 39 22 781

130 187 220 28 Landtdagsmannen
367 188 122 21 Heikura
504 187 74 28 megaf
591 188 32 20 att
637 186 93 22 Määttäs
743 187 65 27 begä-

62 228 39 14 ran
116 222 73 21 blifvit
203 222 88 21 vackert
305 222 128 27 framställd,
453 229 50 14 men
519 229 45 13 som
579 222 83 20 talaren
678 221 48 21 icke
741 221 68 21 lofvat

62 255 86 28 Kajana
168 256 131 21 häradsboer
318 256 73 28 någon
411 256 96 28 lindring
521 257 8 19 i
543 256 131 27 bevillnings
692 255 116 21 betalande

62 290 40 20 och
117 290 34 21 till
166 297 27 13 en
209 290 67 21 sådan
292 290 98 28 eftergift
401 292 20 26 ej
432 290 69 21 heller
511 290 78 21 funnes
600 289 125 28 anledning,
734 289 74 21 kunde

62 324 83 21 talaren
160 324 48 21 icke
224 324 75 21 bifalla
313 324 93 21 Määttäs
421 325 89 27 förslag.

128 358 50 21 Den
200 359 165 28 ifrågavarande
389 359 34 27 S:n
442 359 47 21 blef
506 359 23 20 af
545 358 86 21 ståndet
646 360 94 26 antagen
756 360 52 19 utan

62 392 98 29 ändring.

413 423 11 27 8
440 423 19 20 6.

129 461 221 29 Landtdagsmannen
371 461 113 22 Simolin
504 462 69 27 ansåg
586 462 166 28 positivspelare
767 461 41 21 och

62 497 109 27 gycklare,
194 497 57 21 helst
273 497 26 20 de
319 503 52 15 voro
387 496 89 21 alldeles
491 496 128 28 obehöflige,
634 496 44 21 tåla
693 495 42 22 den
750 495 58 22 före-

61 531 76 28 slagna
156 531 154 28 bevillningen,
329 533 56 19 samt
403 531 114 27 godkände
532 531 85 21 derföre
631 529 142 23 förevarande
788 531 18 26 $.

129 565 91 21 Ständet
235 567 69 26 antog
316 565 71 21 denna
403 566 11 26 8
429 567 52 19 utan
496 565 99 27 ändring.

412 629 11 27 $
439 629 19 20 7.

128 668 78 21 Denna
219 669 12 27 $
247 670 76 26 antogs
339 670 50 19 utan
406 668 129 21 diskussion.

411 732 12 26 g
439 732 19 20 8.

128 771 220 28 Landtdagsmannen
372 771 110 21 Simolin
504 770 93 29 yttrade,
621 772 31 19 att
674 770 41 22 den
736 771 24 21 af
772 772 33 20 ut-

60 805 82 22 skottet
157 805 124 28 föreslagna
296 805 58 21 skatt
369 805 24 21 af
406 805 46 21 ätta
466 805 66 28 penni
548 805 33 21 för
597 811 27 14 en
638 805 72 21 kanna
720 805 21 21 öl
751 807 55 19 mot-

60 840 90 21 svarade
173 847 27 14 en
221 840 48 21 half
287 839 72 29 kopek
377 840 28 27 pä
420 840 105 27 buteljen,
540 841 56 19 samt
611 839 75 21 trodde
701 841 33 19 att
749 847 57 19 man,

60 874 73 21 sävida
156 874 37 21 det
213 874 74 21 kunde
309 876 91 25 antagas
419 875 33 20 för
471 874 78 27 säkert,
566 876 31 19 att
613 873 192 27 ölfabrikanterna,

59 909 50 20 med
130 908 118 28 anledning
269 909 25 20 af
314 910 62 19 extra
395 909 148 27 hbevillningen
561 909 30 27 pä
606 908 50 27 ölet,
672 908 86 21 komme
774 909 32 20 att

59 943 51 20 med
125 949 27 15 en
167 943 72 28 kopek
254 943 33 20 för
304 943 97 28 buteljen
413 945 73 26 stegra
497 942 96 29 ölpriset,
603 942 72 21 kunde
685 943 121 21 bestämma

60 977 86 21 skatten
160 978 29 27 pä
204 977 44 21 ölet
263 977 33 21 till
312 979 77 19 sexton
404 977 66 28 penni
485 977 34 21 för
534 977 93 21 kannan.

127 1016 219 29 Landtdagsmännen
367 1017 127 21 Heikura
515 1017 39 21 och
572 1017 89 21 Akola
676 1016 106 21 instämde
798 1016 7 21 i

60 1051 41 22 den
120 1051 24 21 af
160 1051 92 21 Simolin
267 1051 85 28 yttrade
368 1051 95 28 mening,
478 1051 72 21 Akola
563 1051 51 21 med
628 1051 77 28 tillägg
720 1053 32 18 att
768 1057 36 14 en-

58 1086 53 21 hvar
126 1085 103 28 härefter,
245 1086 27 21 dä
287 1093 50 14 man
352 1086 89 21 dermed
455 1086 66 21 visste
537 1086 33 27 sig
585 1085 90 28 bidraga
691 1085 33 21 till
742 1086 63 20 stats-

59 1121 159 20 inkomsternas
233 1120 92 27 ökande,
340 1121 49 20 med
404 1121 51 28 nöje
471 1120 70 21 skulle
556 1120 74 21 dricka
645 1120 27 21 öl.

126 1155 220 28 Landtdagsmannen
363 1149 117 34 Östring
494 1154 92 29 yttrade,
602 1155 31 20 att
648 1155 27 20 dä
685 1154 52 21 flere
748 1154 56 21 före-

59 1189 83 28 gående
158 1189 67 21 talare
240 1191 68 26 yttrat
323 1189 33 28 sig
370 1189 34 21 för
418 1189 114 22 införande
547 1189 24 21 af
585 1195 27 14 en
627 1189 58 20 skatt
700 1189 12 21 å
728 1189 28 26 öl,
770 1191 32 18 ta-

58 1224 61 20 laren
134 1223 75 21 trodde
225 1224 34 27 sig
273 1223 53 21 böra
341 1223 78 28 erinra,
435 1225 32 20 att
479 1224 65 27 detta,
556 1223 70 21 säsom
636 1222 42 22 den
689 1222 115 28 förordats,

58 1258 86 21 komme
160 1259 32 19 att
201 1257 68 22 blifva
278 1257 48 22 icke
337 1264 27 14 en
374 1257 159 29 produktions-,
543 1259 51 19 utan
605 1264 27 14 en
645 1257 159 21 konsumtions-

58 1292 64 21 skatt.
151 1291 78 28 Följde
244 1299 50 14 man
309 1291 42 22 den
366 1293 57 20 rätta
437 1292 144 28 grundsatsen
597 1291 33 21 för
641 1291 162 22 bestämmande

58 1326 24 20 af
100 1326 72 20 denna
192 1326 64 26 skatt,
276 1326 66 20 borde
357 1333 50 13 man
422 1326 101 21 beskatta
536 1325 117 22 alkoholen
666 1326 8 20 i
690 1326 50 26 ölet,
756 1325 48 22 icke

58 1361 90 19 vattnet.
178 1359 48 21 Den
241 1359 98 21 enklaste
355 1359 120 21 eftertanke
491 1359 67 21 borde
573 1359 78 21 derhos
666 1359 53 26 lära,
732 1360 32 20 att
774 1359 30 20 al-

58 1393 94 22 koholen
167 1393 7 21 i
190 1393 44 21 ölet
249 1393 66 21 borde
329 1393 112 22 beskattas
455 1394 68 28 lägre,
538 1395 28 19 än
580 1392 8 22 i
603 1393 121 21 bränvinet.
754 1387 50 27 Ölet

58 1428 110 22 innehölle
184 1428 85 28 vidpass
285 1429 34 21 tre
333 1430 97 27 procent,
449 1428 39 22 och
503 1427 126 29 sexgradigt
643 1427 91 23 bränvin
750 1427 53 22 fem-
