967 1700
209 139 41 20 696
494 143 36 17 Den
543 144 9 16 5
562 142 48 22 april.

181 202 107 28 grundadt
303 202 28 28 på
345 198 101 31 billighet
460 202 40 20 och
514 202 90 20 rättvisa
619 202 55 20 samt
690 201 89 30 yrkade
787 200 135 21 fördenskull

182 236 48 21 dess
245 236 150 22 bibehållande
411 236 145 21 oförändradt.
590 235 42 21 Det
653 235 69 21 skulle
742 234 112 22 motverka
870 242 52 20 upp-

181 270 139 30 komsten
294 264 28 40 af
338 270 90 21 allmänt
448 270 84 28 nyttiga
552 270 84 26 företag
656 270 40 20 och
716 269 121 28 dymedelst
857 268 67 21 skada

182 304 80 28 landet,
278 312 35 13 om
329 304 99 28 delegare
444 304 7 20 i
467 304 130 27 tillandning
616 303 57 27 finge
688 305 102 19 motsätta
806 303 33 28 sig
855 303 41 21 den
917 303 6 20 i

182 339 118 21 momentet
316 338 107 22 omtalade
440 338 167 28 expropriation.
641 338 73 27 Något
729 338 91 27 ingrepp
836 338 32 20 uti
883 337 41 21 den

183 373 109 21 enskildes
302 374 44 20 rätt
356 373 154 27 åvägabragtes
522 372 124 28 derigenom
663 372 55 26 icke,
734 372 90 20 emedan
842 372 40 20 full
892 378 32 14 er-

184 408 96 27 sättning
294 407 34 21 för
343 407 36 20 det
395 407 168 28 exproprierade
578 407 69 20 måste
664 406 76 27 gifvas.
770 406 92 21 Talaren
874 406 50 27 god-

183 441 70 22 kände
269 441 145 22 betänkandet
430 442 6 20 i
452 441 48 21 dess
516 441 73 21 helhet
610 441 39 21 och
668 440 85 27 trodde,
772 442 32 19 att
822 440 37 21 det
877 440 47 21 icke

183 475 71 22 kunde
274 475 87 28 ändras,
381 475 140 22 förmenande
538 475 83 20 talaren
636 476 32 19 att
686 476 148 19 momenterne
853 475 6 20 i
880 474 44 21 det-

184 517 81 14 samma
280 510 85 27 hängde
380 510 142 21 tillsammans
535 509 91 21 likasom
642 516 86 14 ormens
744 510 47 27 ägg.

251 544 221 28 Landtdagsmannen
486 543 144 22 Haikonen
646 543 75 21 delade
732 543 42 22 den
785 543 87 29 mening
883 543 43 22 Pu-

184 579 72 21 hakka
271 579 125 21 framhällit.

252 613 219 28 Landtdagsmannen
487 613 85 21 Klami
588 613 100 21 förmälte
704 613 34 27 sig
758 613 48 21 icke
826 613 24 21 sä
869 620 57 21 noga

184 648 84 21 minnas
282 648 55 21 hvad
352 648 91 21 Simolin
458 650 79 26 yttrat,
559 654 50 14 men
631 647 111 29 hoppades
764 647 67 21 likväl
853 648 74 20 kunna

184 683 90 21 besvara
290 682 91 22 Simolin
400 684 28 27 pä
448 690 81 14 samma
544 683 58 27 gäng
617 682 83 21 talaren
716 682 85 28 afgäfve
820 682 108 21 svaromäl

185 718 13 20 å
212 717 69 28 öfrige
298 719 57 19 emot
370 718 53 20 hans
434 717 99 28 yttrande
544 716 77 29 gjorda
631 716 175 28 anmärkningar.
838 711 90 34 Östring

185 751 55 22 hade
256 753 71 20 ansett
342 752 37 20 det
393 759 51 14 vara
460 751 235 22 öfverensstämmande
716 751 49 21 med
784 751 99 29 billighet
897 754 31 19 att

186 786 48 26 den,
250 793 46 14 som
311 786 55 21 hade
382 786 84 21 mindre
482 793 56 21 gagn
554 786 24 20 af
591 786 33 20 sin
639 786 41 20 lott
695 786 7 20 i
718 786 136 28 tillandning,
871 786 57 28 skyl-

184 820 120 28 digkändes
320 822 32 19 att
366 821 55 20 afstä
436 820 66 28 sagde
517 820 41 20 lott
572 820 22 20 ät
615 826 27 14 en
662 827 71 14 annan
752 820 112 28 delegare,
882 828 46 13 som

184 854 55 22 hade
255 862 59 14 mera
329 862 57 20 gagn
402 855 66 21 deraf.
502 855 97 27 Antoges
615 854 70 21 denna
701 854 97 29 mening,
819 855 23 21 sä
857 855 71 21 kunde

186 889 121 21 emellertid
323 896 26 14 en
366 891 68 19 sämre
448 889 144 28 jordbrukare
608 889 85 28 tvingas
704 891 31 19 att
746 889 55 21 afstä
812 889 32 21 sin
856 890 40 20 lott
907 890 22 20 ät

186 930 26 14 en
228 924 70 20 bättre
311 924 151 28 jordbrukare,
478 924 90 20 emedan
583 924 71 20 denne
670 924 120 28 bevisligen
804 924 55 21 hade
870 931 59 14 mera

185 958 69 21 fördel
270 958 24 20 af
305 958 165 28 tillandningen.
501 958 170 28 Konsegvensen
688 958 69 21 skulle
771 958 49 21 leda
839 958 89 28 derhän,

185 994 31 18 att
231 992 43 21 alla
289 992 101 28 fattigare
410 992 254 28 lägenhetsinnehafvare
685 993 72 20 kunde
777 993 151 28 exproprieras

185 1026 47 21 frän
248 1026 62 21 deras
325 1026 133 28 lägenheter.
487 1027 64 21 Hvad
566 1021 90 34 Östring
671 1029 67 26 yttrat
754 1034 33 14 om
803 1028 125 28 expropria-

185 1060 46 21 tion
246 1060 66 22 hörde
328 1061 47 21 icke
391 1061 38 21 hit.
459 1061 169 29 Expropriation
643 1062 33 20 till
691 1062 84 20 förmån
790 1062 34 21 för
839 1062 89 21 allmänt

185 1094 85 28 nyttiga
284 1095 85 27 företag
383 1102 52 14 vore
451 1102 27 14 en
493 1103 71 13 annan
580 1096 38 20 sak
634 1096 39 20 och
677 1090 10 37 i
702 1096 37 20 det
752 1096 113 20 afseendet
880 1096 48 21 fun-

186 1135 39 14 nes
240 1129 110 21 allaredan
366 1136 27 14 en
408 1130 42 27 lag.
478 1130 50 21 Men
545 1130 161 27 expropriation
718 1130 6 20 i
736 1130 36 21 det
788 1130 62 28 syfte,
866 1130 62 21 hvar-

186 1169 34 14 om
236 1170 30 13 nu
280 1170 51 14 vore
347 1163 67 28 fräga,
430 1163 69 21 skulle
515 1164 76 21 endast
606 1163 84 22 kränka
705 1164 41 21 den
755 1164 113 28 fattigares
879 1167 49 24 rätt,

185 1197 88 21 hvilken
290 1197 65 21 oftast
369 1198 55 21 hade
440 1199 68 20 större
524 1198 70 21 fördel
610 1199 23 20 af
646 1205 86 14 vunnen
752 1199 130 28 tillandning
901 1202 27 19 än

186 1232 23 19 af
224 1231 40 21 den
285 1232 120 27 ersättning
425 1239 45 13 som
490 1233 85 20 derföre
597 1232 86 21 komme
706 1235 30 18 att
759 1233 75 27 gifvas.
864 1234 65 21 Hvad

185 1265 106 20 Puhakka
306 1265 72 21 anfört
387 1265 8 21 i
405 1265 70 28 grund
490 1266 23 20 af
526 1266 93 20 anställd
631 1266 127 27 jemförelse
774 1267 93 21 emellan
878 1268 50 21 ifrä-

186 1298 115 28 gakomme
316 1301 96 19 moment
432 1300 39 20 och
488 1300 12 20 8
515 1301 119 20 momentet
648 1300 8 20 i
671 1300 79 28 nädiga
765 1302 163 28 propositionen

186 1333 55 21 hade
259 1334 173 28 uppenbarligen
451 1334 72 22 berott
542 1335 28 28 pä
590 1335 66 28 nägot
678 1335 157 22 missförständ.
873 1338 55 28 Tyi

186 1368 162 29 propositionen
358 1369 83 22 talades
451 1376 35 14 om
496 1370 198 28 vattenledningar,
705 1370 113 22 hvaremot
828 1372 38 21 här
877 1380 51 14 vore

187 1403 62 29 fråga
264 1410 34 14 om
314 1404 136 28 tillandning.

254 1438 220 30 Landtdagsmannen
489 1440 134 21 Pelkonen
639 1440 114 28 godkände
770 1441 25 21 de
811 1441 13 21 &
839 1442 12 20 5
868 1442 60 22 sidan
