970 1711
342 133 38 17 Den
393 133 11 18 9
416 131 42 20 febr.
710 125 39 21 187

31 194 90 22 lemmar
140 195 33 21 till
192 193 255 30 expeditionsutskottet,
470 193 65 21 fattat
550 199 82 15 samma
647 192 71 22 beslut
733 199 46 14 som

32 229 162 28 ridderskapets
210 229 40 21 och
265 229 75 21 adelns
355 229 39 22 här
410 229 64 22 ofvan
490 228 141 23 antecknade.

100 264 161 29 Deputationen
277 263 105 23 afträdde.

101 332 121 22 Fortsattes
241 332 151 22 diskussionen
407 338 35 16 om
458 332 171 22 statsutskottets
645 331 135 22 betänkande

33 374 34 14 n:o
84 368 19 20 4.

97 402 225 28 Landtdagsmannen
344 402 128 21 Punttala
492 401 104 22 förenade
617 401 34 28 sig
669 401 7 20 i
697 401 82 20 stånds-

33 437 148 21 ledamöterne
201 436 79 27 Ketos,
304 436 91 27 Slottes,
417 437 82 21 Akolas
516 436 39 22 och
571 435 112 30 Hagmans
698 437 82 27 yttran-

34 472 41 21 den
92 471 40 22 och
147 471 82 28 yrkade
245 472 131 21 återremiss.

101 506 222 28 Landtdagsmannen
339 500 110 35 Östring
461 506 73 21 kunde
549 505 48 22 icke
612 505 58 22 finna
681 505 100 22 hvarföre

35 541 36 21 det
91 541 62 21 alltid
173 541 70 21 skulle
263 548 63 14 anses
346 541 70 21 såsom
434 541 104 22 orättvisa
558 540 27 21 då
601 540 36 21 det
651 540 71 28 gällde
738 541 43 20 för-

34 575 92 28 höjning
141 575 24 21 af
178 576 72 27 någon
266 575 64 27 skatt,
346 575 40 21 och
401 577 92 19 tvertom
509 575 70 21 såsom
594 576 44 19 rätt
653 575 39 20 och
703 574 78 28 billigt,

35 611 39 19 när
89 609 37 21 det
141 610 46 20 blef
201 610 61 28 fråga
277 616 34 14 om
328 610 238 27 skatteförminskning.
597 609 39 21 Att
651 609 75 21 härom
742 609 41 21 tvi-

35 650 33 15 sta
87 650 52 15 vore
160 644 136 28 obehagligt,
318 644 58 21 helst
395 644 36 21 det
450 644 53 22 fölle
522 644 34 28 sig
570 643 115 29 naturligt,
707 645 32 19 att
755 650 26 15 en

36 679 105 27 landsort,
156 679 89 21 hvilken
261 679 89 28 åtnjutit
366 679 71 28 någon
452 678 96 28 lindring
563 678 7 21 i
586 678 88 27 skatter,
690 686 37 13 var
739 680 44 19 öm-

35 714 54 28 tålig
109 720 33 14 om
164 714 47 21 sina
230 714 126 28 privilegier
377 714 39 21 och
435 714 51 21 ville
506 720 67 22 gerna
596 713 109 21 bibehålla
727 713 55 21 dem.

35 748 44 21 För
100 748 32 21 sin
151 748 35 21 del
206 748 69 29 ansåg
295 748 83 22 talaren
394 748 55 22 dock
464 750 41 26 att,
528 748 7 21 i
551 748 96 28 enlighet
662 748 50 21 med
727 748 56 21 hvad

36 783 117 21 utskottets
168 783 137 21 betänkande
320 784 29 28 på
364 784 56 27 goda
435 784 47 20 skäl
496 783 124 28 föreslagit,
635 783 44 21 alla
693 782 67 22 borde
775 783 8 21 i

36 817 102 21 afseende
154 818 13 20 å
181 818 124 28 personella
320 818 111 28 utskylder
450 818 113 21 likställas.
593 817 64 21 Hvad
670 817 112 29 angående

33 852 118 28 jordegare
166 852 72 21 blifvit
258 853 95 28 påstådt,
376 855 32 18 att
423 853 26 20 de
463 859 51 15 vore
530 853 67 27 högre
613 852 128 21 beskattade
757 854 27 18 än

36 887 77 26 andra,
129 893 50 15 vore
195 887 48 21 icke
259 887 69 28 enligt
343 887 50 21 med
403 889 56 20 rätta
470 887 151 21 förhållandet.
651 887 69 20 Deras
735 893 49 22 per-

37 921 82 22 sonella
134 921 119 29 utskylder,
269 922 89 21 hvarom
374 929 29 14 nu
418 929 51 14 vore
484 922 68 28 fråga,
568 921 55 22 hade
639 923 93 20 tvertom
748 928 35 14 va-

36 957 29 20 rit
79 957 83 26 kanske
178 957 84 21 mindre
278 958 27 19 än
322 957 84 20 andras.
435 957 50 21 Den
498 956 120 29 jordskatt,
637 963 45 14 som
698 956 24 21 af
735 956 49 21 dem

37 991 94 28 erlades,
154 992 75 27 utgick
248 991 34 22 för
302 991 42 22 den
357 992 51 27 jord
423 991 26 22 de
465 991 54 28 egde
536 991 40 22 och
590 991 67 21 borde
673 991 47 21 icke
736 992 49 19 med

37 1027 42 21 den
101 1027 124 28 personella
247 1026 92 29 afgiften
362 1026 114 21 förvexlas.
511 1026 44 21 Det
577 1033 83 14 samma
682 1033 51 14 vore
753 1027 32 19 att

37 1061 108 28 iakttagas
160 1061 63 21 äfven
239 1061 50 21 med
304 1061 103 21 afseende
424 1061 12 21 å
451 1061 57 21 hvad
523 1061 198 21 ståndsledamoten
731 1061 54 20 Hol-

37 1103 36 14 ma
87 1096 72 21 anfört
175 1102 35 15 om
225 1096 141 27 beskattning
382 1096 68 27 enligt
466 1096 58 21 olika
543 1095 242 28 förmögenhetsvilkor.

38 1131 67 21 Detta
120 1131 196 27 beskattningssätt
330 1137 52 14 vore
402 1131 35 20 väl
452 1131 77 27 riktigt
542 1131 8 19 i
565 1130 40 21 och
620 1130 35 20 för
670 1130 42 28 sig,
735 1137 50 13 men

37 1172 52 14 vore
111 1164 69 21 likaså
201 1164 121 29 någonting
345 1166 66 19 annat
434 1166 27 20 än
484 1164 42 22 den
547 1164 123 28 personella
692 1164 93 21 skatten.

38 1199 120 28 Angående
182 1192 140 28 Österbotten
344 1199 51 21 ville
418 1199 84 21 talaren
525 1200 58 26 yttra
610 1199 34 27 sig
669 1198 26 21 dä
721 1199 11 27 &
759 1199 26 20 12

38 1234 105 21 förekom.

107 1268 221 28 Landtdagsmannen
352 1268 99 21 Simula
472 1267 81 29 gillade
575 1266 56 22 hvad
654 1266 132 22 ständsleda-

38 1304 74 20 moten
133 1302 74 22 Klami
227 1303 72 21 anfört
319 1310 34 14 om
374 1302 234 28 frälselägenheternas
623 1301 164 28 beskattning
774 1297 17 38 i

39 1338 103 26 Wiborgs
157 1338 46 25 län,
220 1344 49 13 men
285 1337 50 21 sade
350 1338 32 19 att
397 1338 46 19 smä
457 1337 128 26 lägenheter
600 1336 63 20 äfven
674 1336 23 20 af
706 1336 81 19 skatte-

39 1372 64 20 natur
119 1371 78 21 funnos
213 1370 101 21 öfverallt
328 1371 8 20 i
351 1370 83 27 landet,
450 1370 96 21 särdeles
561 1370 13 20 &
589 1369 95 21 talarens
694 1369 92 26 hemort,

40 1406 39 20 och
96 1407 31 19 att
143 1405 68 26 dessa,
227 1404 64 22 äfven
307 1412 35 14 om
357 1404 62 22 deras
434 1404 82 22 manta]
531 1403 102 29 utgjorde
649 1410 44 14 mer
709 1404 28 20 än
749 1404 38 28 s,

38 1441 23 28 ja
77 1440 56 21 ända
148 1440 34 21 till
197 1442 24 27 1,
241 1446 51 16 vore
308 1441 32 20 att
355 1446 63 16 anses
434 1446 46 16 som
496 1439 46 22 små
558 1439 39 22 och
613 1438 128 32 oförmögna
755 1439 32 23 att
