964 1700
342 136 37 16 Den
393 136 10 16 7
415 140 53 12 mars.
712 129 40 21 481

99 194 221 29 Landtdagsmannen
344 188 119 34 Östring
483 194 85 28 yttrade
587 196 32 20 att
634 194 42 22 han
690 194 93 29 hoppats

35 231 29 19 att
87 229 71 21 denna
180 230 42 27 dag
245 229 70 21 skulle
338 230 68 20 blifva
429 236 27 14 en
478 229 122 28 hedersdag
622 229 34 21 för
677 229 105 21 Finlands

35 263 139 21 bondeständ.
204 263 51 21 Med
273 263 138 21 bedröfvelse
431 262 54 22 hade
506 263 85 21 talaren
606 263 72 21 funnit
693 264 33 20 att
741 263 41 21 den

35 298 4 20 i
55 298 74 20 stället
149 297 73 21 blifvit
240 304 27 14 en
287 297 42 28 dag
348 299 32 19 att
395 298 59 26 sörja
469 298 70 27 öfver;
562 298 40 20 och
615 298 69 27 jemte
700 298 37 20 det
751 298 32 20 ta-

34 331 59 21 laren
115 331 140 21 reserverade
276 330 33 28 sig
328 332 59 19 emot
407 330 97 22 ståndets
525 330 87 22 sednast
627 330 104 29 vidtagna
746 331 37 21 be-

34 366 50 26 slut,
104 365 129 29 undandrog
248 365 34 28 sig
296 365 85 21 talaren
396 364 73 23 vidare
485 365 131 28 deltagande
630 365 8 21 i
654 366 128 27 gransknin-

34 407 41 21 gen
91 400 24 21 af
128 400 144 21 förevarande
288 399 143 28 proposition.

101 433 222 30 Landtdagsmannen
344 433 126 23 Stenroth
489 433 107 22 instämde
612 434 7 21 i
635 427 101 36 Östrings
752 433 31 22 fö-

34 469 114 20 restående
164 469 141 21 reservation.

272 525 24 29 $$
312 525 34 28 25,
362 526 35 27 26,
413 526 26 21 27
455 526 40 21 och
511 526 33 21 28.

101 564 94 24 Biföllos
210 567 54 21 utan
279 566 131 22 diskussion.

101 601 223 28 Landtdagsmannen
339 601 90 21 Klami
444 601 101 21 förmälte
560 602 32 20 att
607 599 43 23 han
665 599 49 23 icke
729 601 56 21 varit

33 636 107 21 tillstädes
159 636 27 21 då
205 631 91 33 Östring
315 636 82 21 anmält
416 636 134 21 reservation
567 638 58 19 emot
640 636 96 21 beslutet
750 637 34 19 rö-

33 671 67 21 rande
117 672 11 26 8
144 672 34 20 24.
209 670 46 22 Och
270 670 109 22 instämde
395 670 85 22 talaren
495 671 7 20 i
517 670 43 21 allo
575 671 33 20 uti
623 670 57 22 hvad
695 664 90 34 Östring

33 706 78 27 yttrat,
134 706 50 21 med
204 705 106 21 förbehåll
333 706 77 20 endast
432 707 32 19 att
487 705 87 28 deltaga
593 706 8 20 i
621 704 164 29 granskningen

33 740 24 21 af
71 740 11 27 &
97 741 34 20 45.

378 775 11 27 s
405 775 34 20 29.

102 814 98 22 Gillades
218 814 67 22 sädan
306 814 41 22 den
362 814 62 28 lyder
439 813 8 22 i
462 814 41 21 den
519 813 79 29 nädiga
613 811 171 31 propositionen.

122 880 25 26 88
163 879 34 27 30,
214 879 33 26 31,
264 879 33 27 32,
313 879 34 27 33,
364 879 34 26 34,
414 878 33 27 35,
464 879 33 27 36,
513 878 34 27 37,
563 879 27 20 38
606 878 40 20 och
662 878 92 20 39...

103 920 100 26 Antogos
218 920 54 20 utan
287 919 131 21 diskussion.
729 924 3 2 :

380 982 11 28 $
407 983 34 21 40.

102 1023 224 29 Landtdagsmannen
341 1023 118 21 Heikura
475 1021 114 31 godkände
604 1020 155 24 betänkandet.

103 1058 223 28 Landtdagsmannen
341 1058 66 20 Keto
424 1058 85 27 yttrade
524 1059 31 19 att
571 1057 75 21 såvida
656 1064 78 21 genom
746 1057 41 21 den

35 1092 124 26 redaktion,
183 1093 87 20 ståndet
288 1092 84 28 antagit
391 1092 34 20 för
445 1093 10 27 &
473 1093 18 26 1,
514 1092 26 20 de
556 1091 152 21 försvarslöses
728 1091 60 21 antal

36 1127 71 21 blefve
129 1128 65 25 stort,
215 1126 145 29 fattigvärden
378 1126 66 21 borde
459 1126 81 21 befrias
556 1126 48 21 frän
620 1126 29 21 all
664 1126 124 27 befattning

35 1161 50 22 med
105 1161 49 21 dem
175 1162 40 21 och
236 1161 48 21 från
298 1160 108 29 gäldande
422 1161 24 21 af
458 1161 26 21 de
499 1162 8 20 i
522 1161 143 21 förevarande
681 1161 11 27 $
708 1160 80 21 omför-

36 1195 71 22 mälda
123 1195 123 28 kostnader,
262 1195 74 21 hvilka
352 1195 7 20 i
376 1195 72 21 stället
463 1195 66 22 borde
546 1195 111 21 åhvälfvas
672 1195 92 20 kronan.

104 1229 224 29 Landtdagsmännen
353 1229 104 22 Retula
483 1230 40 21 och
545 1229 98 22 Simula
663 1236 52 15 voro
737 1236 51 14 ense

36 1264 50 21 med
100 1264 66 21 Keto.

104 1298 222 28 Landtdagsmannen
350 1298 112 21 Simolin
477 1298 68 28 ansäg
564 1296 36 23 det
621 1297 113 29 olämpligt
757 1298 31 20 att

37 1333 146 27 fattigvärden
200 1333 40 19 och
258 1332 158 28 församlingen
437 1332 109 21 befriades
567 1332 49 20 frän
634 1332 117 20 betalande
767 1330 23 21 af

37 1366 167 28 ifrägavarande
219 1366 103 26 kostnad,
338 1366 40 20 och
393 1366 80 27 gillade
488 1365 154 21 betänkandet.

107 1400 223 28 Landtdagsmannen
348 1399 127 22 Heikura
495 1406 38 14 var
553 1407 51 13 ense
625 1398 49 23 med
690 1398 98 22 Simolin.

39 1433 44 23 Det
103 1435 79 21 funnes
202 1435 56 21 intet
277 1434 46 22 skäl
344 1436 31 20 att
399 1434 28 28 pä
448 1434 83 21 kronan
554 1434 88 22 hvälfva
664 1432 126 22 betalandet

86 1476 74 18 Hederv.
175 1476 125 17 bondeständets
310 1476 65 22 protok.
389 1475 26 17 II.
699 1475 21 17 31
