981 1703
188 155 40 20 790
474 161 36 15 Den
518 153 11 32 9
547 160 48 21 april.

160 217 125 29 föreslagna
307 218 58 21 länet
387 225 52 14 vore
462 217 77 22 derhos
559 218 96 28 orimligt
670 219 64 26 stort;
750 218 40 21 och
805 217 104 22 hvarmed

160 252 71 21 skulle
248 252 37 21 det
299 251 98 22 betalas?

228 285 222 29 Landtdagsmannen
465 285 134 22 Pelkonen
619 286 107 21 instämde
744 286 49 21 med
810 285 101 27 Tiainen,

161 320 40 21 och
216 320 125 21 förmodade
357 320 79 21 derhos
451 321 32 20 att
496 321 37 20 det
542 320 79 27 beslut,
633 314 90 34 Östring
734 321 118 25 omnämnt,
864 326 46 13 som

160 354 153 28 ridderskapet
331 354 40 21 och
389 354 64 21 adeln
469 354 70 21 skulle
553 337 68 38 fattat
633 361 35 14 om
683 353 139 29 upptagande
838 353 24 21 af
874 353 37 21 lån

161 388 34 20 till
209 388 80 28 belopp
304 388 24 20 af
341 388 90 21 aderton
447 388 101 28 miljoner
563 388 68 27 mark,
647 388 68 21 måtte
730 388 57 21 varit
797 387 71 21 afsedt
878 387 34 20 till

161 422 86 21 ivlösen
270 422 23 21 af
314 422 198 28 donationsgodsen
532 422 7 20 i
553 422 104 28 Wiborgs
672 422 43 21 län.
745 421 32 21 På
792 428 27 14 en
835 421 77 21 bevill-

162 456 54 28 ning
231 455 34 21 för
280 458 33 19 tre
329 456 23 21 år
367 456 73 21 kunde
455 457 56 20 intet
526 456 36 21 lån
578 458 113 26 upptagas.
714 456 45 20 Det
768 462 52 14 vore
828 456 26 26 ju
866 454 46 21 det-

163 496 90 20 samma,
276 496 46 14 som
345 491 32 20 att
400 491 53 27 göra
475 490 148 27 bevillningen
646 490 34 20 till
699 496 28 14 en
742 488 90 22 stående
848 489 64 20 skatt.

162 524 156 28 Bevillningen
337 524 56 21 hade
408 524 79 21 derhos
501 524 7 21 i
524 524 90 21 främsta
628 525 95 20 rummet
737 524 66 21 afsett
816 522 97 22 folksko-

163 558 69 20 lorna.
263 557 46 22 Och
325 558 36 21 det
375 558 66 28 ginge
456 558 90 21 alldeles
561 558 49 21 icke
626 565 27 14 an
671 560 32 19 att
718 559 54 26 göra
787 558 49 20 dem
851 557 63 21 bero-

164 591 56 21 ende
242 592 24 21 af
285 592 199 27 bränvinsskatten,
505 594 23 27 ty
543 592 28 21 då
585 592 70 21 skulle
670 592 76 28 hvarje
762 591 87 28 liderlig
863 598 51 21 per-

164 633 39 14 son
218 625 66 22 hafva
299 627 119 28 anledning
433 629 38 25 att,
487 627 28 21 då
529 627 43 20 han
588 626 145 21 öfverlastade
749 627 43 27 sig,
807 625 63 29 påstå
881 625 33 28 sig

164 659 91 29 bidraga
273 660 34 21 till
325 661 171 21 underhållande
511 661 25 21 af
549 661 149 21 folkskolorna
713 661 41 20 och
768 659 146 22 befordrande

165 694 25 20 af
202 694 129 28 bildningen
345 695 8 20 i
368 695 81 21 landet.

234 727 223 29 Landtdagsmannen
478 729 161 27 Mynttinen
661 730 103 20 motsatte
786 728 34 28 sig
838 729 78 27 uppta-

166 762 70 28 gande
252 762 24 21 af
289 762 43 27 lån,
348 765 56 19 samt
419 762 99 22 erinrade
533 764 32 20 att
579 762 149 29 bevillningen
744 763 66 21 afsett
820 762 97 22 folksko-

166 796 69 27 lorna,
251 796 40 22 och
307 797 32 21 att
353 797 56 21 intet
424 797 79 21 funnes
518 799 32 19 att
560 797 99 21 använda
669 797 33 21 till
713 797 70 21 lånets
794 797 122 21 betalande.

235 830 222 29 Landtdagsmannen
480 831 99 21 Simula
601 832 67 28 ansåg
687 831 43 29 sig,
748 832 14 20 &
776 831 47 21 sina
837 831 80 21 komit-

167 866 83 20 tenters
273 866 89 26 vägnar,
383 865 54 21 böra
462 866 115 20 instämma
597 866 32 20 uti
648 866 57 21 hvad
725 866 92 20 Tiainen
838 866 78 26 anfört,

167 898 58 22 helst
247 899 87 21 ständet
355 899 68 21 redan
445 900 58 20 förut
522 899 81 21 bifallit
619 899 141 29 upptagande
775 900 24 21 af
811 899 67 21 andra
893 900 24 20 sä

168 934 59 20 stora
247 933 43 27 län,
309 935 32 19 att
361 934 110 28 svärighet
484 934 73 21 kunde
573 934 78 28 uppstä
665 934 36 22 vid
717 934 63 21 deras
795 934 123 20 betalande.

236 966 223 29 Landtdagsmannen
474 968 120 28 Hagman
609 968 104 21 förenade
724 968 34 27 sig
768 968 49 21 med
828 962 91 33 Östring

170 1006 35 16 om
218 1001 163 28 ridderskapets
397 1002 40 21 och
452 1002 74 21 adelns
541 1002 77 27 beslut,
634 1004 32 19 att
679 1002 131 28 bemyndiga
820 1002 98 28 regerin-

169 1041 43 21 gen
231 1037 32 19 att
281 1037 96 26 upptaga
392 1037 31 20 ett
437 1037 36 20 län
490 1043 34 14 om
539 1036 91 21 aderton
645 1036 102 28 miljoner
762 1035 68 22 mark.
859 1035 59 21 Utan

169 1069 35 20 län
221 1069 72 22 kunde
309 1070 51 27 inga
374 1070 306 21 kommunikationsanstalter
695 1070 40 21 och
748 1070 86 27 företag
845 1069 23 22 af
877 1070 42 20 den

168 1102 159 28 beskaffenhet,
349 1110 46 14 som
418 1111 29 13 nu
467 1111 51 14 vore
533 1104 8 21 i
556 1104 67 27 fråga,
643 1103 165 22 åstadkommas.
838 1103 82 21 Dertill

169 1136 70 21 skulle
261 1137 149 28 bevillningen
432 1138 48 21 icke
500 1138 73 21 förslå.
604 1137 47 22 Och
666 1138 36 21 det
717 1144 52 15 vore
782 1138 25 27 ju
823 1139 31 19 ett
869 1144 51 21 gyc-

169 1171 36 20 kel
221 1172 32 20 att
268 1171 55 21 först
337 1171 91 27 besluta,
447 1173 32 20 att
493 1179 27 14 en
535 1172 81 27 mängd
631 1173 33 20 för
679 1172 75 21 landet
768 1172 88 27 mycket
871 1173 49 26 nyt-

170 1205 46 27 tiga
230 1205 86 28 företag
331 1205 70 22 skulle
417 1206 90 27 utföras,
522 1213 50 14 men
588 1206 66 21 sedan
669 1207 67 26 vägra
752 1205 26 21 de
794 1206 72 21 dertill
882 1207 37 20 nö-

169 1239 51 26 diga
242 1239 93 21 medlen.
364 1239 97 22 Landets
480 1240 127 26 utveckling
624 1240 71 20 skulle
714 1239 90 20 sålunda
819 1239 101 20 tillbaka-

169 1273 75 20 sättas.
273 1272 35 21 Då
322 1272 210 28 bevillningsfrågan
545 1273 62 21 stode
617 1273 7 20 i
635 1273 157 27 sammanhang
802 1272 52 21 med
863 1273 57 20 före-

169 1306 95 21 varande
285 1306 67 27 fråga,
371 1306 67 21 funne
457 1307 83 21 talaren
558 1307 33 28 sig
606 1307 122 21 föranlåten
744 1313 105 22 upprepa,
864 1307 57 20 hvad

170 1341 84 21 talaren
269 1340 60 22 förut
343 1342 68 26 yttrat
426 1348 34 14 om
477 1335 149 28 Österbotten.

237 1374 223 28 Landtdagsmannen
482 1375 127 21 Heikura
631 1375 120 27 anmärkte,
771 1376 31 20 att
817 1377 104 20 statsver-

168 1409 50 21 kets
238 1409 71 27 skuld,
329 1409 181 22 sammanräknad
530 1410 51 21 med
594 1409 27 22 de
636 1410 43 27 lån,
694 1409 33 22 till
742 1410 86 21 hvilkas
843 1411 77 28 uppta-

169 1443 70 28 gande
256 1443 117 22 ständerna
386 1444 65 21 redan
463 1444 113 29 samtyckt,
587 1445 112 28 uppginge
710 1445 32 21 till
754 1445 101 28 omkring
865 1445 55 28 sjut-
