989 1698
757 122 38 20 981

73 186 53 24 reda
149 187 26 23 de
195 188 13 20 å
227 186 200 29 donationsgodsen
445 187 7 21 i
470 186 105 28 Wiborgs
591 187 35 20 län
643 187 84 21 bosatte
743 187 82 21 bönder

74 224 67 26 utväg
163 224 32 18 att
217 222 72 20 tillösa
310 222 33 26 sig
362 222 47 20 sina
424 222 98 20 åboende
538 221 139 27 lägenheter;
693 222 40 20 och
748 224 77 24 antogs

75 256 147 20 betänkandet
238 255 49 21 med
302 255 41 21 den
358 255 139 27 bestämning
512 256 39 24 att,
571 255 7 19 i
593 254 104 21 händelse
713 255 28 20 de
756 255 24 20 af
793 257 33 18 ut-

74 290 83 20 skottet
172 289 95 28 antydda
281 290 91 26 utvägar
382 288 34 21 för
427 288 140 21 anskaffande
578 288 24 20 af
610 288 27 21 de
647 288 110 28 behöfliga
767 289 59 20 med-

75 324 36 20 len
126 322 108 22 befunnes
250 322 152 28 otillräckliga,
414 322 107 28 styrelsen
533 322 70 20 skulle
615 322 141 28 bemyndigas
767 323 13 21 å
790 330 37 13 an-

75 364 44 14 nan
135 359 42 25 väg
192 356 53 28 fylla
260 356 40 21 den
318 356 146 28 tilläfventyrs
480 356 134 28 uppstående
629 356 91 21 bristen.
745 356 48 21 Den
806 357 23 20 af

75 391 162 27 ridderskapets
259 391 39 21 och
319 391 74 20 adelns
413 392 55 19 samt
486 390 169 21 bondeståndets
671 390 133 28 deputerade
820 391 7 20 i

76 425 106 21 utskottet
205 425 126 21 alternativt
353 425 124 27 föreslagna
497 426 66 26 utväg
581 424 34 21 för
630 425 88 27 frågans
733 424 94 29 lösning,

75 460 80 27 ansågs
171 460 52 20 böra
238 459 95 27 förfalla;
352 459 7 20 i
375 460 156 26 sammanhang
546 459 104 20 hvarmed
666 458 162 29 ridderskapets

76 494 40 20 och
131 493 75 21 adelns
222 493 131 28 inbjudning
368 494 6 20 i
390 494 74 20 ämnet
480 493 108 28 afböjdes.

104 556 41 21 N:o
161 557 48 20 226.
316 555 55 21 Den
389 556 28 20 10
433 556 66 27 april
517 556 70 20 1864.

145 596 123 27 Föredrogs
284 595 161 28 ridderskapets
462 596 39 20 och
517 596 76 20 adelns
608 595 70 21 denne
693 595 44 28 dag
750 602 78 21 genom

77 629 127 28 deputation
220 629 135 21 framställda
371 629 131 28 inbjudning
512 629 33 21 till
556 629 86 21 ståndet
653 636 34 14 om
699 629 130 28 deltagande

78 664 6 20 i
105 670 28 15 en
151 663 136 28 underdånig
305 663 92 28 petition
413 663 81 27 derom,
510 665 32 19 att
557 665 31 19 ett
603 663 117 21 statistiskt
735 663 95 22 embets-

78 697 54 22 verk
146 697 7 20 i
170 698 73 20 landet
258 697 67 21 måtte
339 698 26 27 ju
380 697 46 21 förr
441 697 60 22 desto
515 697 68 21 hellre
594 697 67 22 blifva
673 698 156 27 organiseradt.

145 731 163 28 Inbjudningen
319 734 88 25 antogs;
418 732 39 21 och
468 731 152 22 remitterades
631 731 90 22 ärendet
730 732 32 21 till
772 734 58 19 stän-

78 766 79 21 dernas
173 766 109 21 allmänna
297 765 182 22 besvärsutskott.

107 801 42 20 N:o
165 801 48 20 227.

146 835 124 28 Föredrogs
285 835 25 21 af
322 835 97 21 ståndets
435 834 99 22 enskilda
549 834 174 22 besvärsutskott
740 834 91 29 afgifvet

78 869 137 21 betänkande
231 870 7 20 i
254 869 119 28 anledning
388 869 23 21 af
424 869 211 27 landtdagsmannen
650 868 77 22 Esaias
746 869 84 29 Tykkis

79 903 218 29 petitionsmemorial
308 903 114 27 angående
432 903 182 21 innehafvarenes
625 903 23 21 af
657 903 26 21 de
693 903 70 21 under
771 904 59 20 Rok-

79 938 52 20 kola
151 938 24 20 af
192 937 70 21 finska
281 937 130 21 statsverket
427 938 79 20 inlösta
522 936 147 29 spegelfabrik
684 937 95 28 lydande
794 937 38 21 do-

81 972 227 27 nationslägenheters
329 971 113 21 befriande
466 972 47 20 från
537 971 124 28 skyldighet
679 973 32 19 att
726 972 106 27 godtgöra

80 1006 131 21 statsverket
226 1006 33 21 för
275 1006 42 20 den
333 1006 88 28 erlagda
437 1005 174 28 löseskillingen;
627 1006 41 20 och
681 1006 52 21 fann
745 1006 87 21 ståndet

81 1042 33 26 sig
129 1040 49 21 icke
193 1040 74 21 kunna
282 1040 7 20 i
305 1040 66 28 sagda
387 1040 82 20 ärende
483 1040 68 27 något
565 1040 94 27 tillgöra.

108 1074 41 21 N:o
165 1075 48 20 228.

148 1108 123 28 Föredrogs
292 1111 157 18 sammansatta
471 1110 64 19 stats-
555 1108 41 20 och
615 1108 216 26 bevillningsutskot-

79 1145 42 19 tets
142 1142 139 22 betänkande
303 1142 8 21 i
333 1142 118 28 anledning
471 1142 24 21 af
511 1142 165 28 propositionen
696 1148 35 14 n:o
751 1142 24 20 31
794 1149 36 13 an-

80 1177 83 27 gående
179 1176 76 28 anslag
270 1176 34 21 till
318 1176 124 21 inrättande
458 1176 23 21 af
497 1176 127 26 folkskolor,
644 1176 33 20 till
692 1175 137 28 anläggande

80 1210 24 21 af
122 1217 43 21 nya
185 1210 305 21 kommunikationsanstalter
511 1211 55 19 samt
586 1210 33 20 till
640 1208 107 22 särskilda
762 1209 68 21 andra

81 1244 166 28 allmännyttiga
261 1244 92 28 företag.

148 1274 115 31 Förslaget
286 1284 35 14 om
343 1278 139 28 upptagande
509 1278 24 20 af
559 1279 30 19 ett
615 1277 214 27 armortiseringslån

80 1311 143 20 förkastades.

148 1345 105 20 Deremot
269 1345 97 27 medgafs
381 1345 41 20 den
434 1345 23 20 af
466 1344 106 21 utskottet
583 1344 114 21 förordade
712 1343 120 28 bevillning

79 1378 34 21 för
132 1379 23 20 år
176 1379 53 20 1865
249 1379 40 20 och
308 1379 125 28 påföljande
453 1379 22 20 år
491 1378 33 21 till
540 1378 40 21 och
596 1377 49 22 med
662 1378 61 26 1867,
745 1379 32 19 att
792 1385 38 13 an-

81 1413 80 21 vändas
181 1413 31 21 till
229 1413 108 21 faststäldt
352 1413 80 28 belopp
448 1413 33 21 för
497 1408 213 26 folkskoleväsendet
726 1412 40 21 och
784 1412 47 21 der-
