964 1700
356 122 36 16 Den
406 122 11 17 3
430 127 49 12 mars.
721 118 41 20 448

107 180 66 22 Emot
192 181 60 21 detta
270 181 71 21 beslut
359 181 140 22 reserverade
521 182 33 27 sig
568 181 223 22 ståndsledamöterne

41 215 110 27 Heikura,
171 215 102 26 Simolin,
291 214 97 28 Brusila,
408 216 125 26 Pelkonen,
550 215 157 27 Teräsrautila,
723 216 68 20 Arve-

41 249 30 20 lin
87 249 40 21 och
142 249 92 27 Retula,
255 248 74 22 hvilka
344 250 69 26 jemte
429 249 68 21 andra
512 249 79 21 efteråt
605 249 89 28 ingifvit
709 250 32 20 sin
757 256 33 14 re-

41 283 109 21 servation
166 282 123 28 skriftligen
305 285 89 26 uppsatt
410 283 128 28 sålydande:

107 317 35 20 Då
160 316 77 29 frågan
255 323 35 15 om
309 316 128 28 kyrkoplikt
453 317 6 20 i
475 317 11 27 $
503 318 12 20 2
530 317 39 20 hos
585 316 160 22 bondeståndet
760 316 31 21 af-

40 351 99 27 gjordes,
154 351 7 20 i
177 351 229 21 öfverensstämmelse
421 351 50 21 med
481 351 154 28 lagutskottets
646 350 146 28 betänkande,

39 385 87 21 anhålla
148 386 22 20 vi
193 387 32 19 att
247 385 34 21 till
303 385 116 28 intagning
439 386 7 20 i
467 385 133 29 protokollet
620 386 22 21 få
661 385 77 22 anföra
753 385 38 21 vår

39 420 57 20 ifrån
111 420 60 20 detta
186 420 72 21 beslut
272 420 117 21 afvikande
405 420 64 28 åsigt.

106 454 45 21 Det
171 455 24 20 är
215 461 27 14 en
263 461 26 14 ur
309 461 42 20 nya
371 456 152 19 testamentets
544 453 88 22 skrifter
653 454 57 21 klart
725 454 65 21 fram-

40 489 84 27 gående
145 489 94 28 sanning
258 489 80 27 (såsom
359 488 37 21 det
416 489 63 21 heter
493 489 7 20 i
515 489 78 21 Matth.
611 489 32 20 18:
661 489 92 26 15—18;
779 489 8 20 1

39 523 54 21 Kor.
109 524 20 19 5:
146 523 95 27 11—13;
255 523 13 21 2
284 523 98 21 Thessal.
393 523 20 21 3:
431 524 35 27 14;
483 523 49 21 Joh.
548 523 13 20 3
577 523 62 28 epist.
656 523 26 21 10
698 529 49 14 vers
762 529 28 14 m.

39 557 21 21 fi.
75 557 90 27 ställen)
181 559 31 19 att
227 558 39 20 vär
279 557 103 21 Frälsare
399 557 52 28 sjelf
465 557 40 21 och
520 557 54 21 hans
590 557 95 28 apostlar
696 557 95 21 befallde

39 592 48 21 frän
103 592 159 28 församlingen
277 592 96 21 utesluta
389 592 40 20 och
445 592 70 21 säsom
532 592 101 27 brottslig
648 598 53 14 anse
715 591 76 28 hvarje

39 626 66 21 sädan
126 626 79 21 broder
225 626 41 21 och
286 628 77 26 syster,
385 633 46 14 som
449 626 60 21 förer
524 633 27 14 en
567 626 130 28 oanständig
711 626 79 20 vandel

39 660 53 21 eller
112 660 111 22 befunnits
243 660 87 28 skyldig
349 660 34 21 till
403 661 72 28 någon
496 660 51 28 grof
565 660 60 28 synd.
655 660 38 21 Ett
713 660 77 21 sådant

40 695 138 21 uteslutande
198 696 23 20 är
243 695 65 21 också
330 696 67 26 något
417 695 24 21 så
461 695 152 28 ogensägeligt
633 695 40 21 och
693 695 71 28 ligger
783 695 7 21 i

39 729 79 28 sjelfva
134 730 79 20 sakens
231 731 72 25 natur,
323 731 32 19 att
370 730 67 27 ingen
452 731 52 19 utan
520 729 107 21 särskilda
641 729 91 28 afsigter
747 730 43 20 kan

39 764 92 20 förneka
147 764 42 20 det.
220 764 33 28 Ty
268 764 111 20 hurudant
394 764 72 20 blefve
481 764 36 20 väl
532 764 147 21 förhållandet
689 764 49 21 med
749 764 41 21 den

39 798 102 21 lefvande
159 798 78 28 kropp,
256 798 38 21 der
315 798 51 21 dödt
381 798 48 21 kött
444 798 111 21 oafbrutet
570 798 40 20 och
624 798 96 28 hejdlöst
736 800 55 19 samt

39 834 52 19 utan
111 832 113 21 förhinder
243 832 58 28 finge
322 832 69 21 växa?
426 832 79 21 Kunde
525 832 72 21 denna
616 832 70 28 kropp
707 832 83 21 kanske

39 867 65 27 länge
120 866 103 22 förblifva
238 866 117 21 lefvande?
384 866 57 21 Lika
457 868 23 19 är
495 866 147 22 förhållandet
657 866 50 21 med
721 866 70 21 Kristi

39 901 140 27 församling;
193 902 24 26 ty
232 901 44 21 hon
292 902 23 20 är
331 900 56 22 dock
401 900 68 28 högre
485 901 39 21 och
540 900 73 21 ädlare
629 902 27 20 än
668 900 44 22 alla
722 901 68 21 andra

38 936 102 20 lefvande
161 936 102 27 kroppar,
283 934 47 29 ithy
350 936 32 20 att
397 934 43 22 hon
455 937 24 19 är
494 935 60 21 Guds
570 942 50 14 sons
635 942 66 21 egen,
722 942 68 14 sanna

40 969 39 21 och
99 969 74 28 heliga
192 969 77 28 kropp.
300 969 46 21 Och
365 970 32 20 att
415 969 154 21 anammandet
584 969 23 21 af
619 969 99 21 Herrans
733 971 57 19 natt-

39 1003 53 21 vard
112 1005 23 19 är
155 1004 169 27 församlingens
344 1003 79 27 högsta
442 1004 142 27 gemenskap,
606 1004 37 20 det
662 1003 44 21 kan
725 1004 66 20 också

39 1038 67 27 ingen
126 1039 56 19 sätta
202 1038 7 20 i
230 1037 83 21 tvifvel.
342 1037 72 21 Häraf
432 1038 65 27 följer
518 1037 95 27 således,
635 1039 32 19 att
687 1038 7 20 i
714 1038 77 27 grofva

40 1071 79 28 synder
134 1072 118 20 hemfallna
267 1071 92 28 syndare
376 1071 53 21 böra
443 1072 70 21 hållas
523 1072 49 20 från
583 1071 156 28 församlingen
751 1072 40 21 och

40 1106 49 20 dess
105 1106 111 20 förmoner
231 1106 136 28 aflägsnade,
382 1106 107 20 intilldess
505 1106 26 20 de
541 1105 102 21 bekänna
653 1106 47 20 sina
711 1106 80 27 synder

39 1140 40 21 och
96 1141 64 27 bedja
176 1147 34 14 om
226 1140 119 21 förlåtelse.
376 1140 51 21 Men
443 1140 59 21 detta
517 1139 108 28 bedjande
637 1140 40 21 och
688 1141 103 27 gifvande

39 1175 23 20 af
75 1175 112 20 förlåtelse
202 1175 39 20 bör
257 1174 86 21 derföre
357 1174 49 21 icke
421 1181 52 14 vara
488 1176 91 25 tvunget
594 1174 39 21 och
644 1174 107 27 fordradt;
767 1176 23 25 ty

39 1209 128 28 derigenom
186 1215 53 14 vore
259 1209 67 20 saken
346 1208 131 21 förderfvad.
509 1208 59 21 Utan
587 1209 36 20 mä
641 1208 37 21 det
696 1208 53 21 bero
763 1209 28 28 pä

40 1243 41 20 den
101 1243 124 27 brottsliges
246 1249 56 22 egen
322 1242 42 21 fria
379 1243 63 27 vilja,
463 1251 32 13 om
510 1243 53 20 eller
578 1245 42 18 när
634 1242 43 21 han
693 1243 23 20 af
731 1242 60 21 Guds

41 1276 42 22 nåd
98 1276 73 22 dertill
187 1277 79 21 bevekt
281 1276 38 21 vill
333 1276 66 28 bedja
415 1276 80 21 derom.
524 1276 80 21 Likväl
619 1276 84 21 fordrar
713 1277 78 27 sjelfva

40 1311 80 21 sakens
143 1313 70 24 natur,
236 1314 32 18 att
290 1310 149 22 bekännelsen
460 1311 23 21 af
501 1310 41 21 och
561 1310 128 22 förlåtelsen
709 1310 34 21 för
758 1312 33 19 ett

40 1344 123 28 uppenbart
182 1344 59 21 brott
261 1345 20 27 ej
302 1344 106 28 någonsin
429 1345 35 20 må
482 1344 151 28 hemlighållas
649 1344 54 20 eller
718 1344 71 21 såsom

40 1379 66 27 något
122 1378 103 29 skamligt
240 1378 155 28 undandöljas,
414 1380 51 19 utan
481 1378 69 21 måste
565 1378 77 21 sådant
657 1378 38 21 ske
712 1378 77 21 åtmin-

39 1415 62 19 stone
117 1414 7 20 i
140 1416 92 18 närvaro
248 1414 23 20 af
285 1417 73 17 tvenne
374 1413 54 21 eller
443 1417 71 18 trenne
529 1414 89 25 vittnen,
634 1413 71 21 såsom
715 1414 75 27 pastor
