989 1703
225 133 42 21 820
510 138 39 16 Den
561 137 21 16 44
596 137 48 22 april.

198 198 82 28 ningen
296 196 24 22 af
332 196 181 28 församlingarne
528 196 45 21 lika
588 195 35 21 väl
637 194 74 22 kunde
726 195 158 29 åvägabringas
898 196 51 20 utan

198 233 32 19 att
244 232 73 27 någon
332 230 82 22 komité
430 230 7 21 i
453 230 76 22 sådant
545 229 102 21 afseende
662 229 94 21 behöfde
767 230 117 20 nedsättas.
910 229 38 22 Sa-

197 266 44 21 ken
256 265 73 22 blefve
345 264 109 28 nemligen
470 264 48 22 icke
534 264 6 21 i
551 264 73 28 någon
633 263 106 22 händelse
750 263 103 29 slutligen
864 264 85 28 afgjord

197 300 37 21 vid
256 306 30 15 nu
308 298 119 30 påstående
449 298 110 28 landtdag.
593 297 98 22 Emedan
712 298 82 21 enhvar
813 298 24 21 af
853 298 97 21 ståndets

198 334 142 21 medlemmar
355 340 51 14 vore
422 332 87 22 försedd
524 332 51 21 med
590 334 32 19 ett
637 332 112 27 exemplar
762 332 24 21 af
799 332 151 28 kyrkolagför-

198 368 79 29 slaget,
296 367 40 22 och
351 367 38 21 det
404 367 83 21 således
503 367 72 21 blefve
590 366 134 29 tillgängligt
739 367 7 20 i
760 366 190 29 församlingarne,

197 403 88 21 komme
305 402 89 27 enhvar,
415 408 46 15 som
481 401 51 22 ville
548 401 43 26 det,
606 401 8 20 i
630 401 86 21 tillfälle
732 403 32 19 att
780 403 50 26 taga
845 401 105 28 förslaget

198 437 69 22 under
278 437 135 28 granskning
424 436 40 21 och
475 437 31 20 att
516 436 7 21 i
534 435 139 28 tidningarne
683 437 54 26 göra
745 435 27 23 de
780 436 170 28 anmärkningar

198 473 59 20 emot
277 471 127 27 detsamma,
424 471 73 21 hvilka
517 470 42 22 han
578 469 68 22 funne
666 477 52 14 vara
738 470 91 29 skäliga.
858 470 35 22 En
908 470 42 21 slik

199 505 136 29 granskning
353 505 71 22 skulle
443 505 48 21 icke
511 505 57 21 välla
586 505 71 27 nägon
673 505 94 21 kostnad
782 505 40 21 och
838 505 112 22 medförde

198 541 68 20 likväl
285 546 62 15 mera
361 546 65 21 gagn,
442 538 92 22 emedan
550 539 42 20 den
607 539 104 28 polemik,
727 547 47 14 som
789 540 113 27 angående
918 547 32 14 sa-

199 575 43 21 ken
256 574 115 29 uppstode,
391 573 66 22 redde
473 574 109 28 åsigterne
598 573 30 27 så,
647 575 32 20 att
694 576 206 26 representanterne
915 574 36 21 vid

199 610 63 20 nästa
277 608 105 28 landtdag
397 608 50 21 med
461 615 61 14 mera
537 608 137 21 bestämdhet
684 608 73 21 kunde
768 610 58 27 yttra
836 609 40 28 sig.
898 609 11 21 I
920 609 30 21 öf-

198 644 45 28 rigt
257 650 52 14 vore
325 642 36 22 det
376 642 77 29 hvarje
469 642 128 28 församling
613 642 108 29 obetaget,
737 644 32 20 att
784 643 34 21 för
833 644 34 21 sin
878 650 73 22 repre-

199 679 88 20 sentant
302 677 37 22 vid
353 677 42 22 den
411 677 130 21 kommande
556 677 133 28 landtdagen
704 677 76 27 uttala,
795 677 56 22 hvad
861 678 90 22 försam-

199 712 76 29 lingen
295 711 50 22 med
363 711 103 22 afseende
482 712 13 21 å
510 711 213 29 kyrkolagförslaget
743 712 81 28 ansåge
839 712 112 30 behöfligt.

200 746 95 22 Talaren
310 746 149 22 återhemtade
474 746 37 21 sitt
525 745 104 29 yrkande,
645 747 32 20 att
692 746 86 22 ståndet
793 748 67 20 måtte
876 748 76 21 förena

199 782 34 28 sig
256 781 7 21 i
285 780 162 29 ridderskapets
470 780 39 22 och
529 780 75 21 adelns
620 780 78 28 beslut,
713 781 58 21 helst
786 781 37 21 det
837 789 52 14 vore
905 782 47 22 fara

200 816 63 21 värdt
278 818 33 19 att
325 816 88 28 frågans
429 816 88 28 slutliga
532 815 119 29 afgörande
668 816 64 28 eljest
747 816 87 22 komme
848 818 31 20 att
890 818 62 20 anstå

200 851 8 20 i
223 850 129 28 ytterligare
367 850 76 22 femtio
459 850 30 21 år.

269 918 88 22 Ankom
376 926 27 14 en
421 918 128 28 deputation
565 918 47 22 från
630 919 185 28 borgareståndet,
830 920 70 22 under
915 928 36 14 an-

200 952 91 22 förande
306 953 25 21 af
342 952 163 29 borgmästaren
523 953 137 27 Tengström,
675 953 88 22 hvilken
780 954 136 22 meddelade:

271 988 42 27 1:0)
326 988 32 21 att
367 987 181 27 borgareståndet
559 987 84 28 antagit
653 987 161 29 ridderskapets
826 989 40 21 och
876 990 75 21 adelns

200 1022 132 28 inbjudning
349 1022 8 20 i
377 1022 118 27 anledning
515 1022 24 21 af
557 1022 79 28 nådiga
655 1022 164 28 propositionen
838 1016 114 36 angående

200 1056 141 28 upptagande
363 1056 24 21 af
407 1057 97 26 statslån,
523 1056 34 21 för
572 1058 32 19 att
619 1056 80 21 bereda
713 1057 26 21 de
755 1057 13 21 å
784 1057 168 29 donationsgod-

201 1097 39 14 sen
256 1091 6 20 i
278 1090 104 27 Wiborgs
397 1091 37 20 län
449 1090 85 21 bosatte
549 1091 83 20 bönder
647 1092 67 27 utväg
729 1093 31 19 att
776 1092 72 21 tillösa
861 1093 33 28 sig
905 1093 47 20 sina

201 1125 98 20 åboende
313 1124 136 28 lägenheter.

242 1164 18 25 >
270 1159 43 26 2:0)
328 1160 31 20 att
371 1158 182 28 borgareständet
562 1159 80 20 bifallit
652 1159 163 29 ridderskapets
826 1161 39 21 och
877 1161 74 21 adelns

201 1192 132 28 inbjudning
353 1192 112 28 angående
486 1192 79 28 nådiga
584 1194 176 26 propositionens
777 1201 34 14 om
828 1195 124 27 grunderna

201 1226 34 21 för
257 1226 111 28 reglering
390 1226 24 21 af
432 1226 174 28 presterskapets
627 1227 96 27 aflöning
737 1228 8 20 i
759 1228 85 21 landets
860 1236 92 20 evange-

200 1259 167 22 lisk-lutherska
385 1259 152 29 församlingar
556 1260 161 28 uppskjutande
733 1262 33 20 till
784 1262 168 22 nästinfallande

200 1293 111 29 landtdag.

270 1328 44 28 3:0)
333 1329 31 20 att
384 1327 180 30 borgareståndet
584 1328 86 24 förenat
689 1330 34 28 sig
741 1330 32 22 uti
792 1330 161 30 ridderskapets

201 1363 41 21 och
265 1362 75 21 adelns
362 1362 73 21 beslut
456 1363 93 22 rörande
571 1363 136 30 underdånig
726 1365 94 28 petition
836 1373 34 14 om
886 1367 67 21 inrät-

201 1397 66 22 tande
283 1397 24 21 af
320 1398 31 21 ett
367 1397 117 22 statistiskt
500 1398 138 22 embetsverk
653 1399 7 21 i
675 1399 81 28 landet,
772 1401 56 20 samt

270 1433 44 27 4:0)
335 1433 32 21 att
383 1432 110 23 allmänna
507 1434 208 22 besvärsutskottets
730 1435 83 29 förslag
827 1436 34 21 till
876 1435 78 23 under-
