967 1698
339 125 37 19 Den
389 128 10 16 2
411 124 48 26 april.
709 121 40 22 669

42 187 86 28 salaren,
144 188 7 21 i
166 189 90 20 motsats
271 187 34 21 till
320 187 62 22 dessa
397 188 80 27 talare,
493 187 47 21 icke
555 188 78 27 utgöra
647 188 66 28 något
735 189 43 27 pri-

42 223 108 28 rilegium,
167 223 68 20 ehuru
252 223 40 20 den
309 228 50 15 vore
376 222 81 21 snarlik
473 224 31 18 ett
523 222 148 28 privilegium,
687 223 91 20 emedan

41 257 103 27 allmogen
160 257 79 27 ansäge
255 256 40 21 den
315 257 71 20 såsom
407 256 72 21 sådan.
509 256 31 21 Af
557 256 76 21 sådant
653 257 56 26 skäl,
729 257 48 20 icke

40 291 29 20 för
84 293 32 18 att
128 291 172 27 jordbrukarene
315 290 125 28 verkeligen
454 290 55 21 hade
525 290 71 27 någon
612 290 94 21 särdeles
717 293 60 26 nytta

40 325 20 20 af
72 325 264 27 husbehofsbränningen,
352 324 67 28 ansåg
434 325 83 20 talaren
537 325 40 20 ock
592 324 26 21 de
634 325 70 28 öfriga
720 325 56 20 stån-

39 360 49 20 Jens
104 359 70 21 beslut
190 365 34 14 om
240 359 135 20 densammas
390 359 139 27 upphörande
541 359 118 28 olämpligt.
690 359 40 21 Om
741 367 36 20 nu,

39 394 67 20 såsom
122 393 83 21 talaren
228 393 85 26 trodde,
333 393 79 20 största
430 393 62 20 delen
513 393 24 20 af
552 392 156 29 befolkningen
726 401 51 14 vore

38 428 102 28 missnöjd
155 428 49 21 med
220 427 66 28 sagda
300 427 77 26 beslut,
393 427 66 21 visste
474 427 82 21 talaren
572 427 47 21 icke
630 428 49 21 med
689 428 88 21 hvilken

38 463 73 27 lagens
134 462 60 21 makt
217 462 144 27 lönbränning
377 462 39 20 och
436 463 66 19 annat
521 461 88 21 dermed
627 463 149 20 sammanhän-

37 497 68 28 gande
121 497 75 21 oskick
214 496 70 22 skulle
299 496 74 21 kunna
392 496 128 22 förhindras.
554 496 44 21 Det
615 496 55 22 hade
691 497 85 22 derföre

37 532 48 21 bort
100 532 76 27 tillses,
192 533 32 19 att
239 531 108 28 allmogen
368 531 71 21 blefve
459 531 52 28 nöjd
526 531 49 21 med
590 531 41 21 den
651 531 126 29 förändring

36 573 48 15 man
102 566 50 21 ville
168 566 133 28 genomföra.
331 565 74 21 Skulle
421 566 25 20 de
461 566 67 21 andra
543 565 90 21 stånden
649 567 84 27 antagit
744 569 31 19 ut-

35 602 92 20 skottets
142 608 76 14 senare
236 601 92 27 förslag,
344 600 23 21 så
381 600 56 21 hade
457 600 130 21 åtminstone
608 600 67 28 utsigt
694 601 81 21 funnits

36 637 30 19 att
79 636 22 20 få
114 635 140 27 meningarne
267 634 204 28 sammanjemkade.
491 635 46 21 Allt
548 635 58 28 hopp
616 641 33 15 om
664 637 111 20 samstäm-

34 670 84 28 mighet
129 670 55 21 hade
200 676 28 14 nu
241 671 53 19 nära
308 676 43 21 nog
363 669 96 21 förfallit.
475 669 39 21 Ett
529 669 74 21 försök
618 670 32 20 till
667 670 108 22 öfverens-

35 704 119 22 kommelse
170 704 65 21 borde
251 704 54 20 dock
321 705 73 26 göras;
411 704 39 20 och
465 704 96 28 föreslog
575 704 84 21 talaren
677 704 8 21 i
700 705 76 21 sådant

35 739 109 27 afseende,
160 740 30 20 att
206 738 85 21 ståndet
306 738 67 21 måtte
390 738 109 28 samtycka
510 738 33 21 till
554 738 26 21 de
596 739 66 21 andra
673 740 102 21 ståndens

35 774 76 26 beslut,
126 775 58 19 emot
199 773 37 21 det
250 775 32 19 att
293 773 146 28 jordegarene
453 773 170 21 tillförsäkrades
634 775 31 19 att
681 775 24 20 af
713 775 62 21 brän-

34 809 134 21 vinsskatten
185 808 81 21 erhålla
282 808 121 28 ersättning
417 808 33 21 för
465 808 157 28 grundskatten
641 808 57 22 intill
714 811 60 19 nästa

34 844 110 28 landtdag,
160 843 27 22 då
202 843 119 28 lagförslag
336 851 34 13 om
386 842 167 29 grundskattens
565 842 137 30 fullkomliga
715 845 60 28 aflyf-

35 879 65 21 tande
115 879 47 21 från
180 879 78 27 jorden
274 878 66 21 borde
361 879 116 21 ständerna
495 879 128 27 föreläggas.
657 879 117 22 Dessutom

36 913 66 29 ansåg
112 913 83 22 talaren
207 913 70 21 såsom
289 913 73 21 vidare
370 913 70 21 vilkor
453 913 52 21 böra
519 909 98 31 begäras,
626 915 31 19 att
667 913 26 21 de
705 914 69 28 öfriga

34 948 90 21 stånden
140 948 75 20 bifalla
230 948 37 20 det
281 948 71 20 beslut
366 948 157 20 bondeståndet
543 948 82 26 antagit
641 947 132 23 beträffande

33 983 196 27 hållskjutsningen
244 984 56 19 samt
313 984 50 26 väg-
379 982 39 21 och
431 982 147 28 brobyggnad.
602 981 63 22 Hvad
680 984 94 26 anginge

34 1017 168 21 landtförsvaret
217 1017 51 20 fann
284 1016 83 21 talaren
383 1016 36 21 det
437 1016 127 28 visserligen
585 1016 48 20 icke
653 1016 70 28 billigt
743 1020 31 18 att

34 1052 36 20 det
85 1051 85 21 hvilade
192 1052 71 20 allena
278 1052 28 27 på
325 1051 138 28 jordbruket,
484 1057 49 15 men
556 1050 75 21 trodde
653 1051 71 21 tillika
744 1054 31 18 att

34 1094 48 13 man
94 1079 48 27 icke
153 1086 65 20 borde
229 1086 80 27 begära
319 1086 38 20 allt
370 1086 33 20 för
412 1086 86 28 mycket
507 1085 28 28 på
544 1085 91 27 engång.
651 1085 44 21 Det
703 1086 71 21 blefve

33 1120 89 28 riksdag
137 1122 26 19 än
180 1126 26 14 en
222 1121 63 27 gång,
302 1120 39 20 och
357 1120 26 20 då
403 1120 71 20 kunde
487 1120 106 20 måhända
609 1119 119 29 bevillning
743 1120 31 22 bi-

33 1155 63 21 fallas
111 1155 32 20 till
159 1155 95 21 lättande
269 1154 24 22 af
307 1154 96 28 tyngden
419 1155 24 20 af
455 1154 173 21 landtförsvaret.
658 1154 74 21 Skulle
748 1155 26 21 de

34 1190 66 20 andra
115 1189 90 21 stånden
220 1189 48 21 icke
287 1191 78 25 antaga
379 1189 26 21 de
421 1189 23 20 af
460 1190 82 20 talaren
558 1188 124 28 föreslagna
697 1190 77 26 vilkor,

33 1224 57 28 finge
105 1224 238 27 bränvinsbränningen
359 1223 102 21 förblifva
473 1224 28 27 på
517 1223 40 21 den
573 1222 32 20 fot
619 1222 42 21 den
677 1225 30 24 är,
722 1225 52 20 utan

33 1260 31 19 att
79 1264 39 14 ens
133 1257 85 21 skatten
238 1257 90 27 ökades,
343 1258 71 20 såsom
434 1257 85 21 Brusila
541 1256 117 28 föreslagit.
693 1257 80 28 Tilläg-

34 1292 70 28 gande
120 1292 90 26 talaren,
221 1293 31 19 att
264 1292 31 20 uti
309 1291 155 28 grundskatten
480 1291 66 21 borde
561 1291 102 21 inräknas
679 1291 37 21 det
726 1294 47 25 gär-

34 1326 61 26 dehö,
112 1332 44 14 som
172 1326 7 19 i
194 1326 103 27 Wiborgs
313 1326 34 20 län
364 1325 33 20 till
412 1326 82 20 kronan
515 1325 90 20 erlades.
634 1326 140 26 Antagandet

33 1360 24 20 af
69 1360 168 21 bondeståndets
251 1359 72 21 beslut
332 1359 132 21 beträffande
478 1359 170 27 hållskjutsning
658 1361 56 19 samt
724 1361 50 26 väg-

34 1395 39 20 och
88 1394 141 29 brobyggnad
244 1393 111 22 medförde
376 1394 33 21 väl
429 1393 47 22 icke
496 1395 77 27 genast
591 1393 65 28 något
675 1401 56 21 gagn
752 1395 22 20 åt

30 1429 180 28 jordbrukarene,
225 1435 50 16 men
291 1429 62 21 deraf
366 1429 69 21 skulle
456 1429 61 28 dock,
537 1428 65 21 sedan
619 1428 62 22 dessa
695 1428 77 23 besvär
