989 1706
226 132 41 24 976

265 199 84 27 Anslag
367 198 33 22 till
418 195 124 25 inrättande
558 198 24 22 af
587 197 99 31 jernväg
700 198 48 22 från
764 195 135 26 Tavastehus
914 196 34 25 till

198 233 148 22 Tammerfors
361 232 120 28 beviljades
496 232 34 22 för
549 234 127 21 närvarande
689 234 63 20 icke.

265 268 13 22 2
301 269 119 20 momentet
443 274 49 22 pag.
516 268 34 26 18,
572 268 93 21 rörande
684 268 76 28 anslag
775 268 33 22 till
824 275 68 15 moss-
908 268 40 22 och

197 302 162 28 kärrodlingar:

265 337 32 21 Af
316 336 166 28 ifrågavarande
504 336 77 29 anslag
603 336 67 22 borde
690 338 78 26 25,000
786 338 63 20 mark
864 337 84 28 årligen

197 371 69 22 under
280 378 27 15 en
322 371 33 21 tid
369 371 24 21 af
406 373 33 20 tre
455 372 23 20 år
494 371 110 22 användas
618 371 33 21 till
662 372 186 28 forssrensningar
858 372 7 21 i
876 372 72 21 Perho

198 407 19 27 å,
233 406 92 22 emedan
341 413 35 14 om
391 406 55 21 slika
462 406 129 28 rensningar
607 405 37 22 der
660 406 48 21 icke
724 406 125 28 anställdes,
863 406 26 21 de
900 406 48 22 här-

196 442 102 21 förinnan
313 441 8 21 i
336 441 72 21 Perho
427 440 87 22 utförda
529 440 175 29 mossdikningar
719 441 49 21 icke
784 441 111 21 medförde
911 442 37 21 nå-

189 483 51 21 gon
256 478 68 26 nytta.

265 512 13 20 3
293 512 119 20 momentet
427 518 50 21 pag.
494 511 34 27 20,
543 510 113 28 angående
671 510 149 29 kanalisering
835 511 24 21 af
871 510 77 22 Kalkis

197 546 55 21 forss
268 546 40 21 och
324 545 98 29 Jyränkö
438 546 76 21 ström:

264 580 85 28 Anslag
363 580 34 20 till
412 580 63 21 dessa
490 579 250 29 kanaliseringsarbeten
755 579 120 29 beviljades
892 580 56 22 icke.

265 616 13 20 4
298 616 121 20 momentet
438 621 50 22 pag.
508 615 34 27 22,
563 614 112 28 angående
693 615 122 27 jernvägen
831 614 48 22 från
894 614 54 22 Hel-

197 649 239 29 singfors-Tavastehus
450 650 93 28 jernväg
558 649 33 21 till
606 649 83 27 Borgå:

265 684 43 22 Till
329 684 70 22 denna
420 684 177 28 väganläggning
612 684 120 28 beviljades
746 684 74 28 Borgå
836 684 112 22 stadsboer

195 722 32 20 ett
243 720 77 28 anslag
335 719 24 21 af
373 719 111 28 1,000,000
500 719 61 21 mark
576 720 51 20 utan
643 718 305 30 återbetalningsskyldighet,

197 755 50 22 med
268 754 70 22 vilkor
361 756 31 19 att
412 753 74 29 Borgå
505 753 111 22 stadsboer
635 755 53 19 utan
703 753 75 22 vidare
793 753 118 23 understöd
926 755 24 21 af

196 792 71 20 staten
283 789 70 21 skulle
368 789 93 21 försätta
475 790 70 26 vägen
560 789 8 21 i
583 788 138 28 fullständigt
736 788 68 22 skick.

265 825 13 21 5
293 825 120 20 momentet
427 830 49 22 pag.
493 824 33 26 24,
542 823 113 28 angående
671 830 26 14 en
713 824 67 21 kanal
794 824 42 21 och
846 824 56 22 sluss
912 824 36 22 vid

198 858 153 23 Walkiakoski
366 858 65 21 forss:

265 894 44 21 Till
319 892 60 22 detta
390 893 84 28 företag
485 892 119 29 beviljades
616 894 31 19 ett
657 893 77 28 anslag
744 893 24 21 af
776 893 92 27 255,440
878 893 70 22 mark.

264 928 34 22 De
322 928 24 21 af
365 927 158 22 bondeståndet
546 927 90 21 sålunda
656 928 109 28 beviljade
785 928 77 28 anslag
881 928 67 22 borde

196 964 52 28 utgå
263 963 7 21 i
285 962 97 29 följande
399 962 99 28 ordning,
514 962 119 28 nemligen:

199 1000 38 20 1:0.
263 998 44 22 Till
317 997 213 22 folkskoleväsendet
542 997 91 27 390,000
641 996 62 22 mark
713 997 84 28 årligen

264 1033 69 21 under
349 1039 27 14 en
390 1032 32 21 tid
438 1032 22 20 af
474 1034 33 19 tre
521 1032 24 21 är
580 1048 4 4 .
615 1047 5 5 .
792 1048 5 4 +
829 1032 118 28 1,170,000.

197 1069 40 20 2:0.
263 1067 44 21 Till
327 1066 131 29 fyrbäkarne
474 1066 12 21 å
501 1066 110 26 Skälskär,
632 1043 164 56 Vargögaddar,

265 1101 145 28 Marjaniemi,
426 1100 116 27 Säbbskär,
554 1100 118 21 Ulkokalla
684 1101 39 20 och
735 1101 61 21 Skäl-

265 1135 70 30 grund
355 1136 56 20 samt
430 1135 26 20 de
472 1135 36 20 två
523 1135 142 28 fyrfartygen,
682 1135 36 20 det
734 1141 41 15 ena
790 1135 6 20 i

265 1170 90 27 Ladoga
368 1169 40 21 och
424 1169 36 21 det
476 1169 66 21 andra
558 1169 36 21 vid
609 1169 94 28 grundet
714 1169 82 28 Snipan

265 1205 7 20 i
287 1203 116 22 Bottniska
418 1203 73 27 viken,
506 1203 144 21 tillsammans
686 1218 4 5 .
722 1219 4 4 .
792 1218 4 5 <
850 1203 96 28 —702,880.

197 1240 40 20 3:0.
263 1239 44 21 Till
326 1238 152 27 torrläggning
498 1238 23 20 af
538 1237 66 21 Pelso
619 1245 77 19 mosse,
712 1219 85 46 myös

264 1278 68 15 moss-
349 1271 38 21 och
403 1271 152 28 kärrodlingar
571 1273 56 18 samt
640 1271 157 21 forssrensnin-

264 1313 39 22 gar
318 1306 9 21 i
341 1305 101 22 Perhoä
474 1321 4 5 .
510 1320 4 6 «
545 1321 4 6 so
580 1320 5 6 a
616 1321 4 5 cs
686 1321 40 6 <<
758 1321 40 6 «+
851 1305 95 28 187,600.

196 1344 41 21 4:0.
263 1341 43 22 Till
322 1340 65 22 kanal
402 1341 94 21 emellan
508 1340 119 29 Wesijärvi
642 1321 39 41 och
696 1341 100 28 Päijäne,

264 1376 253 28 kanaliseringsarbeten
532 1376 60 27 inom
605 1375 97 22 Wirdois
717 1376 80 28 kapell,

264 1411 105 28 rensning
389 1411 23 21 af
430 1411 56 21 Uleå
502 1411 35 28 elf,
553 1411 149 28 kanalisering
715 1411 25 22 af
752 1413 45 20 vat-

264 1447 120 28 tendragen
396 1447 93 20 emellan
500 1445 111 22 Kallavesi
622 1446 40 22 och
670 1446 126 28 Idensalmi,
