995 1700
385 119 38 21 Den
436 123 21 17 15
470 119 42 21 febr.
756 114 40 24 237

421 184 11 26 $
449 183 33 20 24.

146 215 138 23 Godkändes.

420 251 12 26 $
447 250 34 21 25.

145 285 221 27 Landtdagsmannen
384 283 87 22 Klami
489 283 86 29 yttrade
595 285 32 20 att
645 283 71 22 denna
731 284 11 27 $
757 283 67 22 borde

76 320 106 27 jemföras
204 319 50 21 med
274 318 110 29 professor
408 318 111 21 Granfelts
538 318 148 21 betänkandet
705 318 119 28 åtföljande

78 354 145 26 reservation,
239 354 7 20 i
261 353 90 21 hvilken
366 353 84 21 talaren
465 353 8 20 i
489 352 106 22 utskottet
605 353 95 21 instämt.
731 352 94 22 Talaren

78 388 84 26 tillade,
186 389 32 20 att
237 388 69 20 ehuru
320 387 167 28 protokollisten
508 387 121 28 veterligen
648 386 63 22 äfven
732 394 29 14 nu
776 387 48 21 icke

78 429 51 15 vore
144 422 86 20 befriad
245 422 48 21 frän
308 428 85 20 ansvar,
408 421 71 21 hände
495 422 36 20 det
545 421 67 21 likväl
627 421 46 21 ofta
687 423 33 19 att
735 422 90 20 sockne-

78 456 257 28 stämmoprotokollerna
357 455 48 22 icke
427 462 52 15 voro
502 455 133 28 fullkomligt
657 456 167 21 öfverensstäm-

77 491 78 21 mande
169 490 50 21 med
233 491 100 27 verkliga
347 489 152 22 förhållandet.
530 490 93 21 Talaren
635 489 73 22 kunde
719 490 48 21 icke
777 490 47 21 inse

77 525 102 22 hvarföre
190 525 51 26 den,
257 531 47 14 som
319 524 58 21 förer
392 524 110 28 protokoll
517 524 40 21 och
572 524 86 21 derföre
673 525 98 27 åtnjuter
781 523 43 28 lön,

78 559 65 22 borde
158 559 81 22 befrias
254 559 48 21 från
318 560 32 20 att
364 565 92 15 ansvara
471 559 33 21 för
519 559 49 21 dess
583 558 111 28 riktighet.

145 593 221 29 Landtdagsmannen
376 593 192 29 Kumpulainen
579 600 38 15 var
627 600 52 14 ense
687 592 50 22 med
745 592 79 23 Klami.

146 628 83 22 Genom
250 628 136 28 omröstning
406 629 77 27 antogs
503 628 50 21 med
573 628 26 20 19
618 627 70 22 röster
711 630 59 19 emot
791 629 33 26 17,

75 662 88 29 jemlikt
182 662 110 29 professor
313 662 111 21 Granfelts
445 663 7 20 i
473 662 48 21 dess
540 663 134 21 reservation
689 662 135 22 framställda

79 698 92 28 förslag,
186 699 32 19 att
233 697 129 21 ordförande
372 697 8 21 i
390 697 219 21 kommunalstämma
626 697 37 21 bör
673 697 37 21 vid
720 698 44 20 vite
774 704 53 14 vara

77 732 86 28 skyldig
178 733 31 19 att
224 738 92 15 ansvara
330 732 34 20 för
380 732 32 20 att
427 731 132 29 protokollet
571 731 48 21 icke
631 732 92 20 allenast
736 734 24 18 är
774 731 50 21 fullt

80 766 236 22 öfverensstämmande
327 766 50 21 med
388 766 118 20 stämmans
521 766 78 26 beslut,
614 767 52 20 utan
682 766 40 20 ock
736 766 44 21 blir
790 766 35 28 ju-

78 801 82 21 steradt
179 801 12 20 å
209 800 99 21 bestämd
322 800 42 27 dag
380 800 40 21 och
435 800 56 21 efter
506 800 106 22 åstundan
627 800 33 21 till
675 802 102 26 parterne
793 802 32 19 ut-

77 834 103 22 lemnadt.

146 869 11 21 I
172 868 66 29 öfrigt
253 868 125 28 godkändes
394 868 18 28 $.

87 911 14 37 ja
298 917 6 2 N
420 915 11 27 8
447 914 33 22 26.

146 949 81 21 Senare
243 948 139 22 alternativet
397 948 7 22 i
419 947 148 23 betänkandet
582 948 131 29 godkändes.

422 996 11 26 s
449 996 32 20 27.

146 1028 221 29 Landtdagsmannen
382 1028 85 22 Klami
483 1029 123 27 anmärkte,
623 1031 31 19 att
675 1030 26 20 dä
716 1028 87 22 ständet
819 1030 6 20 i

79 1063 132 28 föregäende
231 1064 12 27 $
262 1064 56 20 hade
334 1063 97 28 godkänt
446 1070 77 14 senare
544 1064 148 26 alternativet,
715 1063 58 21 deti
788 1064 37 20 be-

79 1098 120 20 tänkandet
218 1098 124 27 föreslagna
358 1097 99 28 tillägget
473 1098 33 20 till
521 1097 71 21 denna
607 1098 11 26 $
634 1104 52 14 vore
702 1097 124 27 obehöfligt.

147 1132 46 21 Och
209 1132 47 21 blef
269 1132 12 27 $
296 1131 102 29 godkänd
411 1132 50 21 med
476 1132 139 21 utlemnande
630 1132 23 20 af
667 1132 106 27 tillägget.

423 1178 11 27 8
450 1178 33 20 28.

146 1210 220 29 Landtdagsmannen
388 1209 67 23 Keto
478 1211 80 28 gillade
578 1210 71 22 denna
668 1212 11 27 8
701 1211 67 21 sådan
784 1211 41 21 den

78 1245 61 29 lyder
149 1245 8 21 i
169 1246 41 21 den
220 1245 80 28 nädiga
310 1245 171 28 propositionen.
505 1246 92 21 Talaren
608 1245 55 22 hade
675 1245 69 28 aldrig
756 1245 69 21 öfver-

80 1280 56 21 varit
155 1280 72 27 nägon
248 1280 173 20 socknestämma
436 1279 38 21 der
490 1287 27 13 en
532 1280 101 27 sjettedel
648 1280 23 20 af
683 1280 143 20 kommunens

78 1314 126 27 röstbelopp
219 1314 57 20 varit
290 1314 173 27 representerad.
493 1314 84 27 Antogs
592 1321 27 13 en
635 1314 66 20 sådan
714 1314 113 20 föreskrift

80 1348 70 20 blefve
166 1348 37 20 det
217 1348 101 27 omöjligt
333 1347 34 21 för
382 1348 107 20 stämman
505 1349 31 19 att
551 1348 54 20 fatta
620 1348 66 26 nägot
700 1347 78 21 beslut.

148 1381 220 28 Landtdagsmannen
390 1380 93 22 Klami
507 1381 80 27 gillade
613 1381 116 21 utskottets
750 1387 76 15 senare

79 1414 115 24 alternativ
205 1416 33 21 till
249 1416 71 22 denna
335 1417 22 27 $,
372 1416 56 21 dock
443 1416 90 21 sälunda
543 1417 32 20 att
586 1416 36 20 det
633 1416 132 28 röstbelopp,
780 1422 45 16 som

394 1478 10 9 v
