970 1709
358 130 37 18 Den
408 130 22 18 12
441 129 42 20 febr.
721 124 41 23 209

43 191 72 29 righet
134 192 53 22 eller
205 192 132 27 tidsförlust,
360 192 91 21 emedan
466 192 127 28 urtimating
607 192 137 27 hädanefter,
766 193 24 21 så

45 227 44 20 ofta
104 227 104 21 behofvet
223 227 36 21 det
273 227 105 28 påkallar,
393 227 22 20 få
429 226 69 21 hållas
514 229 51 19 utan
581 226 102 21 särskildt
693 227 98 21 tillstånd

44 261 24 21 af
85 261 92 27 hofrätt,
200 268 52 14 men
271 262 86 20 vinsten
375 260 64 21 häraf
452 262 93 20 tvertom
559 267 52 15 vore
627 260 51 27 den,
700 262 33 20 att
748 261 42 21 den

43 296 78 27 fattige
140 296 107 20 landbons
263 295 52 21 eller
331 296 114 26 torparens
460 296 43 19 rätt
518 295 71 21 blefve
604 295 71 21 bättre
690 295 100 21 bevarad.

43 329 66 22 Emot
128 330 11 27 $
158 330 14 21 4
191 330 38 21 vill
246 330 39 27 jag
305 330 53 26 göra
378 328 40 22 den
434 329 153 27 anmärkning,
609 331 31 19 att
659 329 27 21 dä
699 329 91 28 landbo,

46 371 46 14 som
114 365 28 28 på
161 364 70 28 grund
249 364 24 21 af
293 365 147 27 guvernörens
462 363 72 29 utslag
558 365 45 19 mot
623 364 81 28 borgen
719 364 72 22 blifvit

44 399 83 29 afhyst,
143 399 36 21 vid
193 400 68 26 högre
276 400 44 20 rätt
334 399 77 21 vinner
426 398 74 27 målet,
516 398 42 21 han
569 398 70 28 aldrig
649 398 33 22 får
693 399 33 21 till
736 398 54 22 fullo

43 436 67 19 ersatt
126 434 40 21 den
183 434 67 20 skada
265 434 43 20 han
322 433 49 21 lidit
387 440 77 20 genom
480 433 32 21 sin
528 433 102 28 flyttning
645 433 30 21 af-
691 434 41 20 och
747 434 43 21 till-

43 469 65 27 baka,
132 475 78 21 genom
233 468 54 21 brist
306 468 29 28 på
354 468 176 28 arbetsförtjenst
550 467 40 21 och
609 468 103 21 förluster
732 468 7 21 i
759 469 31 21 af-

43 504 80 20 seende
139 504 12 21 å
164 503 107 29 jordbruk
286 502 40 22 och
340 504 75 26 annat;
438 502 100 22 hvarföre
552 503 39 27 jag
605 502 73 28 yrkar,
698 504 41 26 att,
756 504 34 20 så-

44 538 65 21 framt
129 538 125 28 pröfnings-
270 537 39 21 och
330 537 104 21 domsrätt
453 537 7 21 i
480 537 63 21 dessa
557 537 44 21 mål
616 538 22 20 åt
652 539 137 27 guvernören

45 573 154 27 öfverlemnas,
222 572 79 21 landbo
317 572 48 20 icke
379 572 36 21 må
429 572 28 28 på
472 572 70 28 grund
555 572 24 20 af
591 574 149 26 guvernörens
755 575 34 19 ut-

43 608 46 27 slag
105 607 48 21 från
167 608 131 27 lägenheten
313 606 98 28 afhysas,
433 607 67 21 innan
514 606 119 22 detsamma
648 607 77 21 vunnit
740 608 49 28 laga

42 642 69 27 kraft,
134 642 60 27 eller,
217 649 34 14 om
272 642 41 21 vad
333 641 53 21 eller
402 642 76 20 besvär
494 641 99 21 deröfver
608 641 72 22 blifvit
695 642 93 28 anfördt,

41 678 49 20 icke
111 677 45 21 förr
176 679 28 19 än
224 677 66 21 målet
309 676 36 21 vid
360 676 67 28 högre
443 676 93 21 domstol
551 676 71 21 blifvit
637 676 97 29 afgjordt
750 677 40 21 och

42 712 71 27 utslag
129 712 51 20 derå
195 711 63 21 fallit.
289 710 42 22 Till
347 710 54 28 följe
416 711 63 21 häraf
492 711 34 21 får
538 711 39 27 jag
592 710 33 22 för
641 711 147 28 expeditions-

42 746 106 22 utskottet
168 746 110 21 vördsamt
297 745 90 27 föreslå,
410 747 31 19 att
456 746 59 21 såväl
530 745 42 21 den
588 745 24 21 af
624 745 51 21 herr
690 746 99 28 borgmä-

43 783 72 19 staren
126 780 70 22 Mölsä
206 781 6 20 i
224 781 155 20 sammansatta
389 780 44 28 lag-
445 780 39 21 och
496 780 208 22 ekonomiutskottet
712 782 78 28 gjorda

43 816 133 21 reservation
197 822 46 14 som
264 814 70 22 denna
352 815 24 20 af
389 815 45 28 mig
448 816 68 20 måtte
531 816 61 27 tagas
607 816 8 20 i
630 816 159 28 öfvervägande

44 851 49 27 och,
111 858 34 14 om
160 850 95 29 möjligt,
271 850 50 21 derå
337 849 101 22 afseende
454 850 74 21 fästas.

325 908 24 28 $$
365 909 19 26 2,
400 909 12 20 3
428 909 39 21 och
483 910 19 20 4.

112 955 130 21 Godkändes
258 955 24 21 af
294 954 97 22 ståndets
406 954 112 28 pluralitet
532 957 52 19 utan
600 955 129 27 diskussion.

111 990 65 21 Emot
187 990 109 26 besluten,
312 990 69 21 såvidt
392 990 25 20 de
428 990 95 28 anginge
534 990 151 21 bibehållande
696 991 24 21 af
728 990 63 22 ordet

44 1026 130 26 nguvernör*
190 1025 7 20 i
213 1025 12 20 2
242 1024 39 21 och
297 1025 12 19 4
325 1024 30 28 $$,
371 1024 139 22 reserverade
529 1024 33 28 sig
579 1025 211 28 landtdagsmännen

44 1058 73 22 Klami
133 1058 39 21 och
187 1058 112 27 Puhakka,
315 1058 49 22 med
380 1058 137 29 åberopande
532 1059 24 21 af
569 1059 55 21 hvad
636 1060 26 20 de
670 1060 69 20 under
748 1059 42 21 dis-

43 1094 118 20 kussionen
177 1100 34 13 om
227 1093 11 27 $
255 1094 9 19 1
283 1092 78 22 anfört.

112 1127 143 21 Medständen
283 1127 40 21 och
350 1127 245 28 expeditionsutskottet
619 1128 68 21 skulle
712 1135 79 21 genom

43 1162 203 28 protokollsutdrag
261 1162 138 21 underrättas
415 1170 34 13 om
465 1162 97 22 ständets
577 1162 79 21 beslut.

111 1231 122 28 Föredrogs
256 1231 256 28 expeditionsutskottets
535 1231 114 21 skrifvelse
671 1232 23 20 af
716 1230 42 22 den
778 1232 12 20 2

45 1266 88 26 dennes,
148 1266 61 21 hvari
225 1266 113 26 utskottet,
351 1266 69 27 jemte
434 1266 141 21 meddelande
587 1268 32 18 att
631 1266 117 21 ständerna
756 1266 36 21 vid

44 1301 128 27 afgörandet
192 1300 24 21 af
233 1300 163 28 propositionen
411 1308 35 13 n:o
463 1301 21 19 11
505 1299 112 29 angäende
638 1307 108 21 anonyma
762 1300 29 20 el-

44 1335 32 21 ler
98 1334 124 28 aktiebolag
244 1334 40 20 och
304 1336 57 26 tysta
382 1335 52 19 eller
458 1334 201 27 kommanditbolag
684 1334 108 20 stadnat
782 1330 14 36 i

45 1369 58 20 olika
121 1368 81 26 beslut,
226 1368 89 20 sålunda
331 1369 31 19 att
383 1370 31 18 1:o
435 1368 150 28 ridderskapet
601 1368 40 20 och
656 1368 63 20 adeln
736 1370 56 18 samt

43 1402 181 29 borgareståndet
241 1402 7 21 i
271 1403 12 27 $
304 1403 12 20 3
337 1402 24 21 af
378 1402 106 28 förslaget
503 1403 34 20 till
553 1402 132 28 författning
700 1408 35 15 om
750 1402 42 21 den

45 1438 149 21 förstnämnda
210 1439 61 20 arten
287 1438 23 21 af
323 1438 65 28 bolag
397 1438 58 20 velat
470 1438 64 21 hafva
550 1438 100 28 stadgadt
663 1439 32 19 att
710 1437 84 28 kejser-

90 1476 71 17 Hederv.
176 1476 125 18 bondeständets
310 1475 65 24 protok.
389 1476 24 19 II,
704 1476 21 16 14
