970 1709
208 131 41 22 208
449 150 2 3 =
471 129 15 35 —
495 137 37 18 Den
545 136 21 19 12
579 135 41 20 febr.

248 197 43 21 Till
311 197 86 21 ständet
418 197 144 21 framställdes
581 197 97 21 härefter
696 196 96 28 följande
808 196 120 29 voterings-

178 231 147 29 proposition:
347 232 99 27 Antager
464 231 87 21 ståndet
565 232 12 26 $
594 232 9 20 1
621 232 7 20 i
642 231 118 21 utskottets
775 231 152 21 betänkande?

178 266 50 22 Den
244 266 36 21 det
295 266 49 27 vill,
363 273 73 14 svarar
449 266 34 28 ja;
504 266 42 21 den
561 266 37 20 det
613 266 20 28 ej
649 266 48 26 vill,
718 272 73 15 svarar
807 266 42 27 nej.
874 266 54 20 Vin-

180 308 38 14 ner
234 300 46 29 nej,
296 307 63 15 anses
376 300 86 22 ständet
476 301 66 21 hafva
557 300 96 28 godkänt
669 300 163 28 borgmästaren
848 300 81 21 Mölsäs

180 338 45 19 mot
240 335 148 22 betänkandet
403 335 83 29 afgifna
501 335 141 22 reservation.

248 370 167 28 Propositionen
427 370 40 21 och
476 370 245 28 kontrapropositionen
732 369 135 28 godkändes;
879 370 51 21 derä

180 404 76 22 skreds
272 405 33 21 till
320 406 110 28 votering,
447 412 46 14 som
508 405 63 21 utföll
587 404 50 21 med
652 406 27 20 22
692 404 24 28 ja
732 406 58 20 emot
806 406 25 20 16
848 405 43 27 nej.

248 440 222 27 Landtdagsmännen
481 439 99 27 Klami,
595 438 223 29 Kumpulainen,
831 439 99 21 Pousar

181 473 40 21 och
243 474 112 21 Tiainen
378 473 94 22 anmälte
494 473 136 22 reservation
653 475 58 19 emot
730 473 97 21 ständets
847 473 82 27 beslut;

181 508 110 21 hvarefter
309 508 163 28 Kumpulainen
491 508 88 28 ingifvit
599 508 33 20 sin
651 508 135 21 reservation
806 508 123 28 skriftligen

180 545 97 26 uppsatt,
293 543 129 28 sälydande:

250 578 27 28 Ej
299 578 153 28 samtyckande
472 578 33 21 till
524 577 153 29 pluralitetens
697 578 25 21 af
734 578 48 20 värt
797 576 133 22 hedervärda

183 612 63 21 ständ
265 612 82 22 fattade
367 612 71 22 beslut
457 613 7 21 i
485 612 118 28 anledning
614 606 30 27 af
661 614 155 20 sammansatta
830 612 46 29 lag-
892 612 39 21 och

183 647 222 21 ekonomiutskottets
420 647 149 27 betänkande,
590 646 93 22 rörande
698 647 28 21 H.
742 646 27 22 K.
785 647 51 21 M:ts
852 646 79 28 nädiga

182 682 146 28 proposition,
352 682 112 28 angäende
479 682 90 20 landbos
585 681 88 21 tredska
688 684 32 18 att
735 682 48 21 frän
800 682 131 28 lägenheten

182 716 94 28 afflytta,
299 717 34 21 får
349 717 39 28 jag
406 717 121 21 framställa
547 716 44 22 min
611 716 127 28 skiljaktiga
756 717 99 28 mening,
878 717 7 21 i
901 717 31 21 af-

183 751 79 22 seende
283 752 12 20 &
315 752 41 20 den
377 752 24 20 af
414 752 107 20 utskottet
536 751 112 21 äfvensom
664 751 24 21 af
701 752 97 20 ständets
812 752 119 27 pluralitet,

183 786 7 21 i
206 785 97 29 enlighet
319 785 49 22 med
383 786 25 27 $$
425 787 9 20 1
452 786 41 21 och
508 787 13 20 4
537 786 7 20 i
559 786 42 21 den
616 786 80 28 nådiga
714 786 164 28 propositionen
895 793 36 14 an-

184 822 66 28 tagna
271 820 62 29 äsigt.
366 820 50 22 Den
436 821 69 28 enligt
521 821 11 27 $
550 822 8 19 1
576 822 162 26 guvernörerne
758 820 111 28 medgifaa
889 822 43 20 rätt

184 858 32 20 att
235 855 109 23 behandla
364 856 40 21 och
423 856 77 28 pröfva
521 855 73 29 dylika
614 863 60 14 mera
687 855 109 29 juridiska
810 856 43 21 mäl
869 864 64 14 anser

182 892 39 28 jag
241 898 51 15 vara
312 891 73 28 vädlig
405 891 34 21 för
458 891 76 28 lagens
553 890 82 28 riktiga
651 890 105 28 skipande
772 890 39 22 och
828 892 19 27 ej
864 891 69 22 heller

184 926 64 21 lända
264 925 41 21 den
320 925 141 21 rättsökande
477 926 34 20 till
527 925 90 27 bätnad,
639 925 139 21 alldenstund
798 925 36 21 det
849 928 24 18 är
889 928 43 19 tro-

183 961 51 27 ligt,
250 961 32 21 att
297 960 81 21 sädana
392 960 44 20 mäl
451 960 6 21 i
474 959 83 22 saknad
571 960 24 20 af
608 959 106 28 muntliga
729 960 61 21 bevis
805 961 68 21 mäste
890 961 43 21 för-

187 995 55 21 visas
263 994 33 22 till
316 994 132 28 häradsrätt,
466 994 86 27 hvaraf,
567 994 7 20 i
590 994 73 21 stället
678 994 32 21 för
726 996 32 19 att
772 995 113 28 påskynda
901 1003 32 13 sa-

186 1030 54 20 kens
261 1029 67 29 gäng,
350 1029 89 28 uppstär
455 1029 81 29 onödig
555 1028 111 28 tidspillan
683 1029 39 21 och
737 1030 196 28 penningeförlust,

184 1064 113 22 äfvensom
313 1064 36 20 det
364 1064 74 21 vidare
455 1064 40 20 ock
510 1064 43 21 kan
573 1063 96 28 inträffa,
692 1065 32 19 att
742 1064 42 21 den
800 1064 78 28 fattige
894 1065 39 21 och

185 1099 110 28 enfaldige
315 1098 106 22 landbons
442 1098 54 21 eller
514 1100 113 26 torparens
647 1100 52 26 rätt,
722 1098 34 20 till
776 1099 54 28 följe
851 1100 23 20 af
892 1100 42 20 den

186 1140 60 14 mera
266 1132 127 22 invecklade
413 1132 105 28 skriftligt
538 1132 153 28 försiggäende
709 1133 144 29 rättegängen
873 1134 39 20 och
928 1134 6 20 i

184 1168 56 21 brist
254 1168 29 28 pä
297 1167 80 28 nödige
387 1168 97 29 vittnen,
498 1167 122 21 förnärmas
637 1167 40 21 och
691 1167 43 21 han
750 1167 53 28 sjelf
816 1168 118 28 oskyldigt-

185 1202 32 21 vis
232 1202 42 21 blir
289 1201 98 27 lidande,
403 1202 39 20 och
458 1201 37 21 det
510 1201 49 21 dess
574 1202 72 26 värre,
663 1208 34 14 om
712 1201 43 21 han
772 1202 78 21 saknar
863 1202 71 21 medel

185 1236 41 21 och
248 1236 153 26 förmögenhet
420 1238 31 18 att
471 1236 36 20 vid
527 1236 68 26 högre
616 1237 43 19 rätt
679 1236 73 20 utföra
767 1236 33 20 sin
816 1236 67 26 talan;
907 1237 29 26 pä

188 1268 73 22 hvilka
277 1269 99 27 skäl-jag
391 1268 71 28 yrkar,
479 1270 31 19 att
526 1268 73 28 dylika
614 1269 43 20 mål
673 1268 61 22 skola
749 1269 89 27 pröfvas
853 1270 40 20 och
904 1270 31 20 af-

186 1305 64 27 göras
270 1303 77 21 endast
367 1302 24 21 af
408 1302 133 28 häradsrätt,
563 1302 9 21 i
587 1302 58 21 kraft
661 1302 24 22 af
697 1303 65 22 hvars
778 1304 71 28 utslag
865 1303 70 22 allena

186 1338 79 21 landbo
281 1336 73 22 kunde
369 1339 77 26 genast
462 1337 46 21 frän
524 1337 131 28 lägenheten
672 1337 98 29 afhysas,
787 1344 34 15 om
837 1338 42 22 han
896 1336 39 23 ock

186 1373 8 21 i
210 1373 66 21 mälet
291 1372 74 29 vädjat
381 1372 33 21 till
431 1372 67 28 högre
514 1374 47 19 rätt
573 1372 53 21 eller
642 1372 111 22 derstädes
769 1373 72 21 anfört
850 1374 85 20 besvär.

187 1408 27 28 Ej
235 1408 68 21 heller
324 1407 69 21 skulle
415 1407 76 21 sädant
506 1408 34 20 för
554 1407 41 21 den
612 1407 149 29 mälsegande,
784 1407 6 21 i
806 1407 102 22 afseende
924 1408 12 21 &

188 1442 101 24 ärendets
299 1442 154 30 skyndsamma
463 1442 139 29 behandling,
619 1441 96 23 medföra
726 1444 71 28 någon
809 1445 68 20 större
889 1443 46 22 svä-
