964 1700
201 129 40 21 598
477 134 37 16 Den
526 134 23 16 24
561 137 50 12 mars.

240 194 121 20 Fortsattes
376 192 150 22 diskussionen
543 199 33 14 om
593 193 154 20 sammansatta
762 192 45 27 lag-
817 191 41 20 och
868 191 51 20 eko-

174 227 176 22 nomiutskottets
366 227 136 21 betänkande
517 233 35 14 n:o
568 226 20 27 8,
611 225 112 29 angående
744 225 127 29 legostadga
886 225 33 21 för

173 262 125 21 husbönder
314 261 39 22 och
369 261 141 28 tjenstehjon.

473 324 55 28 Kap.
545 325 13 20 2
573 324 11 27 $
600 324 20 20 8.

242 365 220 28 Landtdagsmannen
484 364 123 29 Nyrönen
629 363 95 28 föreslog
747 370 27 14 en
795 371 28 20 ny
843 363 78 21 redak-

174 401 46 21 tion
236 401 23 20 af
277 401 19 27 $,
319 400 40 21 och
379 399 68 22 borde
467 399 41 21 den
529 399 69 27 enligt
616 399 94 20 talarens
733 399 81 27 förslag
836 399 86 20 komma

175 437 32 20 att
221 435 50 28 lyda
286 434 100 21 sälunda:
404 434 156 28 ,Tjenstehjon
575 434 24 21 är
615 433 51 27 den,
683 440 46 14 som
745 433 103 28 antingen
865 434 58 19 emot

175 470 68 21 utfäst
262 470 53 20 eller
330 468 48 22 icke
394 469 68 20 utfäst
478 468 46 27 lön,
544 469 53 20 eller
612 467 95 22 deremot
723 467 105 44 svarande
844 467 78 22 förmå-

175 511 45 20 ner,
236 503 84 28 antagit
335 504 67 27 tjenst
417 503 28 28 på
459 485 74 39 Jandet
547 503 53 21 eller
614 503 8 20 i
637 502 67 21 stad."

243 537 221 29 Landtdagsmännen
484 537 126 21 Heikura
629 536 40 21 och
690 536 160 28 Mynttinen
871 537 51 27 god-

176 573 70 21 kände
262 573 18 27 $,
296 572 68 22 sådan
378 572 41 22 den
435 572 8 20 i
458 572 117 21 utskottets
586 571 137 21 betänkande
739 571 40 21 och
790 571 41 21 den
842 571 79 29 nådiga

177 607 165 29 propositionen
355 606 131 28 föreslagits.

244 641 220 28 Landtdagsmannen
487 641 125 20 Puhakka
634 640 95 29 yttrade,
753 642 31 19 att
804 642 43 19 han
867 640 55 21 hade

177 676 77 21 önskat
273 677 32 20 att
323 683 50 14 man
392 675 58 28 finge
466 677 50 26 taga
531 675 134 28 tjenstehjon
680 675 29 28 på
724 675 87 27 månad,
831 682 50 13 men
897 675 26 21 då

177 710 59 21 detta
251 711 82 26 förslag
347 709 49 22 icke
411 709 71 22 blifvit
496 711 99 26 antaget,
618 709 67 28 ansåg
700 709 94 27 talaren,
817 711 31 20 att
862 709 61 22 tiden

178 744 64 21 borde
263 751 51 14 vara
334 744 98 21 bestämd
446 744 45 21 lika
506 744 34 21 för
554 744 74 20 landet
643 750 46 15 som
705 744 33 21 för
754 744 56 27 stad,
833 743 91 22 emedan

178 779 134 27 tjenstebjon
330 779 62 27 flytta
412 778 48 21 från
480 778 73 29 landet
568 773 37 25 till
618 778 76 21 staden
710 778 39 21 och
765 780 102 25 tvertom,
884 779 39 20 och

178 819 27 14 en
220 813 59 20 olika
293 813 32 20 tid
341 812 69 21 skulle
426 813 56 20 vålla
498 813 74 26 oreda;
595 812 38 21 och
649 812 51 21 ville
716 813 92 27 talaren,
827 814 32 20 att
875 820 49 14 man

178 847 64 21 äfven
257 847 28 28 på
301 847 73 21 landet
388 847 67 21 borde
471 847 23 21 få
508 849 80 26 antaga
603 847 134 28 tjenstehjon
753 848 28 27 på
795 847 55 22 halft
865 848 30 21 år.

246 881 221 28 Landtdagsmannen
488 881 96 22 Simula
604 881 86 27 trodde,
713 883 32 20 att
764 882 37 21 det
820 889 47 14 som
881 883 43 21 Pu-

179 915 71 22 hakka
269 916 65 29 yrkat
352 916 68 21 redan
439 923 51 15 vore
511 916 105 28 afgjordt,
639 916 100 22 hvarföre
759 917 12 27 $
790 917 67 21 borde
873 917 51 28 god-

179 950 89 22 kännas.

246 985 221 29 Landtdagsmannen
486 985 133 28 Paajanen
635 993 37 14 var
687 992 52 15 ense
754 987 48 20 med
813 986 112 22 Puhakka.

246 1020 221 28 Landtdagsmannen
483 1020 85 21 Slotte
584 1020 107 21 instämde
707 1020 49 21 med
771 1021 104 28 Nyrönen
886 1021 39 22 och

180 1054 33 21 till
228 1061 27 14 en
271 1055 35 20 del
321 1055 63 20 äfven
400 1055 49 21 med
464 1055 112 20 Puhakka.
606 1055 43 20 Det
667 1055 74 21 kunde
756 1055 110 28 nemligen
882 1056 44 20 ofta

179 1088 81 27 hända,
277 1090 32 20 att
323 1096 51 14 man
389 1089 51 21 ville
454 1089 68 21 blifva
538 1089 55 27 gvitt
609 1090 30 20 ett
655 1090 133 27 tjenstehjon
803 1090 48 20 före
866 1090 59 28 lego-

180 1124 118 21 stämmans
313 1123 43 21 slut
371 1123 64 22 äfven
450 1124 51 21 utan
514 1125 32 20 att
556 1124 71 27 någon
639 1124 102 27 oenighet
752 1124 97 28 uppstått
860 1125 65 21 emel-

179 1157 35 22 lan
230 1157 157 29 tjenstehjonet
402 1158 39 21 och
456 1158 127 22 husbonden
598 1159 50 26 och,
659 1165 34 14 om
705 1159 55 20 båda
771 1159 74 20 derom
856 1159 70 21 öfver-

180 1192 134 27 enskommo,
335 1192 66 22 borde
417 1193 77 21 sådant
508 1193 64 21 äfven
588 1193 22 20 få
625 1193 44 21 ske.
699 1193 117 22 Likaledes
831 1194 94 21 erkände

180 1226 90 27 talaren,
286 1227 32 20 att
333 1226 58 22 olika
406 1227 81 28 legotid
502 1227 33 21 för
550 1227 75 21 landet
640 1227 40 21 och
695 1228 48 21 stad
757 1228 96 21 verkade
868 1235 57 20 myc-

180 1261 41 20 ken
238 1260 72 27 oreda,
326 1260 95 21 särdeles
436 1261 34 20 för
483 1261 150 21 landsorterna
649 1263 96 19 närmast
761 1262 106 21 städerna.

247 1294 221 29 Landtdagsmannen
491 1295 110 20 Simolin
622 1295 113 28 godkände
751 1297 22 26 $,
789 1297 90 20 emedan
895 1297 30 21 le-

179 1329 101 28 gotidens
295 1329 140 22 förkortande
451 1329 69 22 skulle
536 1329 65 22 hafva
618 1330 126 28 beständiga
755 1331 126 28 flyttningar
892 1331 34 22 till

179 1363 61 28 följd.

247 1399 223 28 Landtdagsmannen
483 1399 157 29 Warpenius
653 1400 82 29 yrkade
750 1401 28 28 pä
793 1401 133 29 fullkomligt

179 1433 28 22 fri
222 1433 156 30 flyttningstid;
393 1434 126 29 derigenom
535 1435 86 22 komme
637 1435 66 28 ingen
719 1437 31 19 att
766 1436 51 28 lida,
834 1436 91 23 emedan
