970 1703
208 136 42 24 260
490 142 38 19 Den
541 141 20 19 17
575 141 42 20 febr.

247 203 148 22 Talemannen
411 203 134 21 framställde
559 203 54 21 härä
628 202 96 28 följande
738 201 189 30 voteringspropo-

180 238 75 21 sition:
269 237 51 22 Den
335 244 46 14 som
397 239 89 26 antager
502 238 12 27 $
530 238 26 20 58
567 238 7 20 i
585 237 105 28 förslaget
705 239 52 19 utan
769 237 101 28 ändring,
881 244 47 13 sva-

179 279 36 14 rar
232 273 34 27 ja;
286 273 42 20 den
349 279 46 14 som
416 272 64 27 yrkar
500 272 77 28 tillägg
597 272 24 20 af
634 271 41 21 den
691 272 48 21 utaf
753 271 174 28 landtdagsman-

179 313 44 14 nen
237 305 74 22 Klami
327 306 123 27 föreslagna
465 307 148 26 bestämning,
630 313 72 14 svarar
720 306 43 27 nej.

248 340 44 21 Vid
307 340 135 27 omröstning
457 342 77 26 antogs
550 341 35 19 det
605 340 24 20 af
645 340 73 20 Klami
734 340 33 20 till
783 340 10 26 $
805 339 124 28 föreslagna

179 375 79 27 tillägg
280 374 49 21 med
352 375 24 19 21
401 376 69 19 röster
493 376 58 20 emot
571 375 27 20 20
619 374 40 21 och
680 374 69 21 skulle
769 374 85 21 derföre
868 374 60 27 till
916 370 15 36 $

180 410 61 26 fogas
264 408 96 28 följande
384 408 129 28 stadgande:
541 408 141 28 Tjenstehjon
707 416 46 14 som
775 408 48 21 icke
845 408 82 28 päförts

181 444 96 20 skattöre
300 450 40 20 ege
356 443 7 19 i
378 442 73 28 frägor
474 450 34 14 om
531 443 128 27 fattigafgift
678 443 39 21 och
736 442 67 22 andra
823 442 104 28 ärenden,

181 484 46 14 som
249 477 64 21 äfven
336 477 48 21 dem
407 479 59 25 röra,
489 478 74 20 utöfva
582 477 41 21 den
644 477 48 21 dem
713 477 70 27 enligt
798 478 11 26 $
825 478 12 20 9
853 477 74 27 (sådan

180 512 42 20 den
237 512 24 20 af
274 511 158 21 bondeständet
447 511 132 28 föreslagits)
594 512 7 20 i
613 511 80 21 sädana
708 512 38 20 fall
764 511 163 21 tillkommande

179 547 100 25 rösträtt,
302 545 90 21 sälunda
414 547 32 19 att
468 546 30 20 tio
519 546 133 28 tjenstehjon
673 552 40 21 ega
733 545 34 21 för
785 546 34 27 sig
833 547 48 19 utse
897 548 31 18 ett

180 580 89 27 ombud,
285 586 46 14 som
346 586 51 22 eger
413 587 26 14 en
454 581 52 20 röst.

248 614 66 21 Emot
329 614 96 21 ständets
441 614 72 22 beslut
529 614 105 22 anmältes
650 614 161 22 reservationer
826 614 24 21 af
858 614 69 21 landt-

180 647 149 29 dagsmannen
343 648 101 28 Hagman
461 649 39 20 och
516 648 67 26 Keto,
601 648 89 22 hvilken
708 648 133 21 sistnämnde
856 648 71 22 förbe-

179 682 45 21 höll
240 683 33 27 sig
288 684 31 19 att
334 683 23 20 fä
372 683 96 20 inlemna
484 683 33 20 sin
532 683 134 20 reservation
681 682 131 28 skriftligen.

522 752 12 27 8
550 752 33 20 59.

249 784 102 23 Gillades.

522 816 11 26 8
550 815 32 21 60.

246 853 221 29 Landtdagsmannen
482 854 119 29 Hagman
618 853 109 28 erinrade,
743 856 30 19 att
788 854 49 21 med
853 854 72 22 anled-

179 888 53 29 ning
252 889 24 20 af
294 889 41 20 den
356 889 23 20 af
397 889 86 20 ständet
502 889 8 20 i
530 890 12 26 &
562 889 25 21 18
603 889 77 28 gjorda
695 889 102 28 ändring,
813 889 112 28 angäende

177 923 134 20 terminerna
326 923 34 20 för
375 923 26 20 de
422 923 107 21 ordinarie
548 923 269 26 kommunalstämmorna,
837 923 66 21 borde
919 923 6 20 i

177 957 71 21 denna
262 957 11 27 8
288 957 82 20 införas
386 957 111 28 ,januari*
514 957 7 20 i
536 957 73 21 stället
623 957 34 21 för
674 957 155 28 ,september.*

246 992 11 26 $
273 991 91 28 gillades
379 991 49 21 med
444 991 41 21 den
501 991 24 21 af
538 991 101 28 Hagman
655 991 123 28 föreslagna
794 992 98 28 ändring.

522 1055 12 27 8
550 1056 32 20 61.

244 1092 222 29 Landtdagsmannen
481 1093 124 29 Hagman
626 1095 52 21 fann
693 1094 37 22 det
744 1095 49 21 icke
808 1094 76 29 nödigt
894 1097 31 19 att

176 1126 170 29 reglementera,
361 1128 55 21 huru
431 1128 230 28 uppbördslängderne
672 1129 65 21 borde
748 1136 52 14 vara
809 1130 115 26 inrättade,

177 1162 40 20 och
240 1162 82 28 yrkade
344 1162 144 27 fördenskull,
509 1165 31 19 att
556 1162 111 22 slutorden
684 1164 40 27 ,pä
740 1165 43 19 sätt
798 1164 127 24 formuläret

175 1196 8 20 i
198 1196 88 28 bilagan
307 1203 35 13 n:o
363 1197 13 20 2
396 1197 94 21 utvisar"
507 1197 70 21 skulle
593 1198 61 26 utgå,
675 1198 140 28 synnerligen
830 1204 46 14 som
892 1200 31 19 ta-

175 1230 61 20 laren
258 1231 76 26 ansåg,
356 1232 32 19 att
409 1231 40 20 den
466 1231 6 20 i
489 1232 11 26 &
516 1232 124 26 föreslagna
659 1232 85 20 formen
765 1232 33 20 för
814 1232 109 21 desamma

175 1269 52 15 vore
247 1263 111 28 olämplig.
388 1263 74 28 Enligt
482 1264 95 21 talarens
597 1264 57 28 &sigt
674 1264 93 21 behöfde
787 1265 49 20 icke
851 1266 72 26 någon

176 1296 56 22 skild
252 1297 89 20 kolumn
362 1298 33 20 för
414 1298 116 21 restantier
550 1298 7 20 i
577 1298 118 28 längderne
716 1298 134 28 uppdragas,
871 1302 52 18 utan

175 1338 51 14 vore
247 1338 28 14 en
298 1331 55 21 enda
375 1331 88 21 kolumn
486 1332 125 28 tillräcklig.
640 1332 35 22 Då
696 1333 113 28 betalning
832 1334 90 27 skedde,

174 1364 73 23 kunde
263 1365 76 22 sådant
354 1366 119 21 antecknas
488 1367 7 20 i
510 1367 88 20 kanten.
620 1367 40 21 Att
675 1369 53 26 göra
743 1368 52 21 flere
809 1367 113 23 kolumner

175 1401 27 20 än
217 1400 105 29 behöfligt
337 1408 61 20 vore,
416 1401 105 22 förökade
540 1401 77 22 endast
631 1402 84 21 arbetet
730 1403 39 21 och
784 1403 91 29 bidroge
890 1404 32 21 in-

175 1435 94 28 galunda
284 1435 34 22 till
333 1435 105 31 redighet.
916 1437 2 2 |
