<?xml version="1.0" encoding="UTF-8"?>
<alto xmlns="http://www.loc.gov/standards/alto/ns-v3#" xmlns:xlink="http://www.w3.org/1999/xlink" xmlns:xsi="http://www.w3.org/2001/XMLSchema-instance" xsi:schemaLocation="http://www.loc.gov/standards/alto/ns-v3# http://www.loc.gov/alto/v3/alto-3-0.xsd">
	<Description>
		<MeasurementUnit>pixel</MeasurementUnit>
		<sourceImageInformation>
			<fileName>/tmp/tess_rsbws73a_input.PNG</fileName>
		</sourceImageInformation>
		<OCRProcessing ID="OCR_0">
			<ocrProcessingStep>
				<processingSoftware>
					<softwareName>tesseract 5.3.4</softwareName>
				</processingSoftware>
			</ocrProcessingStep>
		</OCRProcessing>
	</Description>
	<Layout>
		<Page WIDTH="986" HEIGHT="1703" PHYSICAL_IMG_NR="0" ID="page_0">
			<PrintSpace HPOS="0" VPOS="0" WIDTH="986" HEIGHT="1703">
				<ComposedBlock ID="cblock_0" HPOS="745" VPOS="125" WIDTH="42" HEIGHT="24">
					<TextBlock ID="block_0" HPOS="745" VPOS="125" WIDTH="42" HEIGHT="24">
						<TextLine ID="line_0" HPOS="745" VPOS="125" WIDTH="42" HEIGHT="24">
							<String ID="string_0" HPOS="745" VPOS="125" WIDTH="42" HEIGHT="24" WC="0.92" CONTENT="973"/>
						</TextLine>
					</TextBlock>
				</ComposedBlock>
				<ComposedBlock ID="cblock_1" HPOS="36" VPOS="189" WIDTH="780" HEIGHT="1268">
					<TextBlock ID="block_1" HPOS="92" VPOS="189" WIDTH="474" HEIGHT="32">
						<TextLine ID="line_1" HPOS="92" VPOS="189" WIDTH="474" HEIGHT="32">
							<String ID="string_1" HPOS="92" VPOS="189" WIDTH="43" HEIGHT="26" WC="0.96" CONTENT="N:o"/><SP WIDTH="16" VPOS="189" HPOS="135"/>
							<String ID="string_2" HPOS="151" VPOS="191" WIDTH="47" HEIGHT="23" WC="0.90" CONTENT="203."/><SP WIDTH="115" VPOS="191" HPOS="198"/>
							<String ID="string_3" HPOS="313" VPOS="189" WIDTH="55" HEIGHT="24" WC="0.96" CONTENT="Den"/><SP WIDTH="16" VPOS="189" HPOS="368"/>
							<String ID="string_4" HPOS="384" VPOS="192" WIDTH="13" HEIGHT="21" WC="0.96" CONTENT="4"/><SP WIDTH="15" VPOS="192" HPOS="397"/>
							<String ID="string_5" HPOS="412" VPOS="189" WIDTH="68" HEIGHT="32" WC="0.96" CONTENT="april"/><SP WIDTH="16" VPOS="189" HPOS="480"/>
							<String ID="string_6" HPOS="496" VPOS="193" WIDTH="70" HEIGHT="21" WC="0.96" CONTENT="1864."/>
						</TextLine>
					</TextBlock>
					<TextBlock ID="block_2" HPOS="63" VPOS="227" WIDTH="752" HEIGHT="97">
						<TextLine ID="line_2" HPOS="131" VPOS="227" WIDTH="684" HEIGHT="29">
							<String ID="string_7" HPOS="131" VPOS="227" WIDTH="124" HEIGHT="28" WC="0.92" CONTENT="Föredrogs"/><SP WIDTH="16" VPOS="227" HPOS="255"/>
							<String ID="string_8" HPOS="271" VPOS="227" WIDTH="177" HEIGHT="21" WC="0.89" CONTENT="bankutskottets"/><SP WIDTH="15" VPOS="227" HPOS="448"/>
							<String ID="string_9" HPOS="463" VPOS="227" WIDTH="82" HEIGHT="28" WC="0.96" CONTENT="förslag"/><SP WIDTH="13" VPOS="227" HPOS="545"/>
							<String ID="string_10" HPOS="558" VPOS="227" WIDTH="34" HEIGHT="20" WC="0.92" CONTENT="till"/><SP WIDTH="10" VPOS="227" HPOS="592"/>
							<String ID="string_11" HPOS="602" VPOS="227" WIDTH="213" HEIGHT="29" WC="0.92" CONTENT="sammanjemkning"/>
						</TextLine>
						<TextLine ID="line_3" HPOS="63" VPOS="260" WIDTH="752" HEIGHT="23">
							<String ID="string_12" HPOS="63" VPOS="261" WIDTH="25" HEIGHT="21" WC="0.93" CONTENT="af"/><SP WIDTH="13" VPOS="261" HPOS="88"/>
							<String ID="string_13" HPOS="101" VPOS="261" WIDTH="128" HEIGHT="22" WC="0.92" CONTENT="ständernas"/><SP WIDTH="16" VPOS="261" HPOS="229"/>
							<String ID="string_14" HPOS="245" VPOS="260" WIDTH="58" HEIGHT="22" WC="0.96" CONTENT="olika"/><SP WIDTH="15" VPOS="260" HPOS="303"/>
							<String ID="string_15" HPOS="318" VPOS="261" WIDTH="72" HEIGHT="21" WC="0.96" CONTENT="beslut"/><SP WIDTH="14" VPOS="261" HPOS="390"/>
							<String ID="string_16" HPOS="404" VPOS="261" WIDTH="8" HEIGHT="21" WC="0.93" CONTENT="i"/><SP WIDTH="15" VPOS="261" HPOS="412"/>
							<String ID="string_17" HPOS="427" VPOS="261" WIDTH="102" HEIGHT="21" WC="0.92" CONTENT="afseende"/><SP WIDTH="16" VPOS="261" HPOS="529"/>
							<String ID="string_18" HPOS="545" VPOS="261" WIDTH="13" HEIGHT="21" WC="0.92" CONTENT="&amp;"/><SP WIDTH="14" VPOS="261" HPOS="558"/>
							<String ID="string_19" HPOS="572" VPOS="261" WIDTH="58" HEIGHT="21" WC="0.96" CONTENT="vissa"/><SP WIDTH="15" VPOS="261" HPOS="630"/>
							<String ID="string_20" HPOS="645" VPOS="261" WIDTH="60" HEIGHT="22" WC="0.96" CONTENT="delar"/><SP WIDTH="10" VPOS="261" HPOS="705"/>
							<String ID="string_21" HPOS="715" VPOS="261" WIDTH="25" HEIGHT="21" WC="0.96" CONTENT="af"/><SP WIDTH="7" VPOS="261" HPOS="740"/>
							<String ID="string_22" HPOS="747" VPOS="261" WIDTH="29" HEIGHT="22" WC="0.96" CONTENT="H."/><SP WIDTH="11" VPOS="261" HPOS="776"/>
							<String ID="string_23" HPOS="787" VPOS="261" WIDTH="28" HEIGHT="22" WC="0.96" CONTENT="K."/>
						</TextLine>
						<TextLine ID="line_4" HPOS="64" VPOS="295" WIDTH="644" HEIGHT="29">
							<String ID="string_24" HPOS="64" VPOS="295" WIDTH="51" HEIGHT="22" WC="0.91" CONTENT="M:ts"/><SP WIDTH="15" VPOS="295" HPOS="115"/>
							<String ID="string_25" HPOS="130" VPOS="296" WIDTH="79" HEIGHT="27" WC="0.92" CONTENT="nädiga"/><SP WIDTH="15" VPOS="296" HPOS="209"/>
							<String ID="string_26" HPOS="224" VPOS="295" WIDTH="135" HEIGHT="29" WC="0.93" CONTENT="proposition"/><SP WIDTH="16" VPOS="295" HPOS="359"/>
							<String ID="string_27" HPOS="375" VPOS="295" WIDTH="114" HEIGHT="28" WC="0.91" CONTENT="angäende"/><SP WIDTH="15" VPOS="295" HPOS="489"/>
							<String ID="string_28" HPOS="504" VPOS="295" WIDTH="100" HEIGHT="22" WC="0.96" CONTENT="enskilda"/><SP WIDTH="15" VPOS="295" HPOS="604"/>
							<String ID="string_29" HPOS="619" VPOS="295" WIDTH="89" HEIGHT="22" WC="0.94" CONTENT="banker."/>
						</TextLine>
					</TextBlock>
					<TextBlock ID="block_3" HPOS="63" VPOS="329" WIDTH="753" HEIGHT="306">
						<TextLine ID="line_5" HPOS="132" VPOS="329" WIDTH="684" HEIGHT="29">
							<String ID="string_30" HPOS="132" VPOS="330" WIDTH="116" HEIGHT="28" WC="0.96" CONTENT="Förslaget"/><SP WIDTH="22" VPOS="330" HPOS="248"/>
							<String ID="string_31" HPOS="270" VPOS="332" WIDTH="78" HEIGHT="26" WC="0.96" CONTENT="antogs"/><SP WIDTH="21" VPOS="332" HPOS="348"/>
							<String ID="string_32" HPOS="369" VPOS="330" WIDTH="135" HEIGHT="21" WC="0.93" CONTENT="beträffande"/><SP WIDTH="19" VPOS="330" HPOS="504"/>
							<String ID="string_33" HPOS="523" VPOS="330" WIDTH="11" HEIGHT="28" WC="0.82" CONTENT="$"/><SP WIDTH="20" VPOS="330" HPOS="534"/>
							<String ID="string_34" HPOS="554" VPOS="331" WIDTH="19" HEIGHT="26" WC="0.93" CONTENT="1,"/><SP WIDTH="15" VPOS="331" HPOS="573"/>
							<String ID="string_35" HPOS="588" VPOS="329" WIDTH="87" HEIGHT="22" WC="0.92" CONTENT="hvartill"/><SP WIDTH="16" VPOS="329" HPOS="675"/>
							<String ID="string_36" HPOS="691" VPOS="331" WIDTH="32" HEIGHT="19" WC="0.93" CONTENT="ett"/><SP WIDTH="16" VPOS="331" HPOS="723"/>
							<String ID="string_37" HPOS="739" VPOS="330" WIDTH="77" HEIGHT="28" WC="0.96" CONTENT="tillägg"/>
						</TextLine>
						<TextLine ID="line_6" HPOS="63" VPOS="364" WIDTH="752" HEIGHT="28">
							<String ID="string_38" HPOS="63" VPOS="364" WIDTH="134" HEIGHT="28" WC="0.92" CONTENT="föreslagits;"/><SP WIDTH="16" VPOS="364" HPOS="197"/>
							<String ID="string_39" HPOS="213" VPOS="365" WIDTH="114" HEIGHT="21" WC="0.92" CONTENT="hvaremot"/><SP WIDTH="15" VPOS="365" HPOS="327"/>
							<String ID="string_40" HPOS="342" VPOS="364" WIDTH="86" HEIGHT="22" WC="0.92" CONTENT="ständet"/><SP WIDTH="15" VPOS="364" HPOS="428"/>
							<String ID="string_41" HPOS="443" VPOS="364" WIDTH="82" HEIGHT="22" WC="0.91" CONTENT="vidhöll"/><SP WIDTH="16" VPOS="364" HPOS="525"/>
							<String ID="string_42" HPOS="541" VPOS="365" WIDTH="37" HEIGHT="21" WC="0.96" CONTENT="sitt"/><SP WIDTH="15" VPOS="365" HPOS="578"/>
							<String ID="string_43" HPOS="593" VPOS="364" WIDTH="72" HEIGHT="22" WC="0.96" CONTENT="beslut"/><SP WIDTH="15" VPOS="364" HPOS="665"/>
							<String ID="string_44" HPOS="680" VPOS="364" WIDTH="135" HEIGHT="22" WC="0.96" CONTENT="beträffande"/>
						</TextLine>
						<TextLine ID="line_7" HPOS="63" VPOS="398" WIDTH="752" HEIGHT="29">
							<String ID="string_45" HPOS="63" VPOS="400" WIDTH="12" HEIGHT="26" WC="0.61" CONTENT="8"/><SP WIDTH="21" VPOS="400" HPOS="75"/>
							<String ID="string_46" HPOS="96" VPOS="399" WIDTH="19" HEIGHT="26" WC="0.93" CONTENT="2,"/><SP WIDTH="21" VPOS="399" HPOS="115"/>
							<String ID="string_47" HPOS="136" VPOS="398" WIDTH="91" HEIGHT="22" WC="0.96" CONTENT="hvilken"/><SP WIDTH="20" VPOS="398" HPOS="227"/>
							<String ID="string_48" HPOS="247" VPOS="399" WIDTH="87" HEIGHT="21" WC="0.96" CONTENT="ståndet"/><SP WIDTH="14" VPOS="399" HPOS="334"/>
							<String ID="string_49" HPOS="348" VPOS="398" WIDTH="97" HEIGHT="29" WC="0.96" CONTENT="godkänt"/><SP WIDTH="15" VPOS="398" HPOS="445"/>
							<String ID="string_50" HPOS="460" VPOS="399" WIDTH="66" HEIGHT="21" WC="0.96" CONTENT="sådan"/><SP WIDTH="17" VPOS="399" HPOS="526"/>
							<String ID="string_51" HPOS="543" VPOS="399" WIDTH="41" HEIGHT="21" WC="0.93" CONTENT="den"/><SP WIDTH="15" VPOS="399" HPOS="584"/>
							<String ID="string_52" HPOS="599" VPOS="398" WIDTH="147" HEIGHT="22" WC="0.96" CONTENT="förekommer"/><SP WIDTH="14" VPOS="398" HPOS="746"/>
							<String ID="string_53" HPOS="760" VPOS="399" WIDTH="7" HEIGHT="21" WC="0.93" CONTENT="i"/><SP WIDTH="16" VPOS="399" HPOS="767"/>
							<String ID="string_54" HPOS="783" VPOS="400" WIDTH="32" HEIGHT="20" WC="0.93" CONTENT="ut-"/>
						</TextLine>
						<TextLine ID="line_8" HPOS="64" VPOS="433" WIDTH="750" HEIGHT="28">
							<String ID="string_55" HPOS="64" VPOS="433" WIDTH="93" HEIGHT="21" WC="0.92" CONTENT="skottets"/><SP WIDTH="15" VPOS="433" HPOS="157"/>
							<String ID="string_56" HPOS="172" VPOS="433" WIDTH="145" HEIGHT="27" WC="0.92" CONTENT="betänkande,"/><SP WIDTH="20" VPOS="433" HPOS="317"/>
							<String ID="string_57" HPOS="337" VPOS="433" WIDTH="117" HEIGHT="21" WC="0.91" CONTENT="afvikande"/><SP WIDTH="16" VPOS="433" HPOS="454"/>
							<String ID="string_58" HPOS="470" VPOS="433" WIDTH="47" HEIGHT="21" WC="0.92" CONTENT="frän"/><SP WIDTH="16" VPOS="433" HPOS="517"/>
							<String ID="string_59" HPOS="533" VPOS="434" WIDTH="42" HEIGHT="20" WC="0.93" CONTENT="den"/><SP WIDTH="16" VPOS="434" HPOS="575"/>
							<String ID="string_60" HPOS="591" VPOS="433" WIDTH="79" HEIGHT="27" WC="0.92" CONTENT="nädiga"/><SP WIDTH="15" VPOS="433" HPOS="670"/>
							<String ID="string_61" HPOS="685" VPOS="433" WIDTH="129" HEIGHT="28" WC="0.93" CONTENT="propositio-"/>
						</TextLine>
						<TextLine ID="line_9" HPOS="63" VPOS="467" WIDTH="752" HEIGHT="28">
							<String ID="string_62" HPOS="63" VPOS="474" WIDTH="50" HEIGHT="20" WC="0.93" CONTENT="nen,"/><SP WIDTH="16" VPOS="474" HPOS="113"/>
							<String ID="string_63" HPOS="129" VPOS="467" WIDTH="112" HEIGHT="21" WC="0.92" CONTENT="äfvensom"/><SP WIDTH="16" VPOS="467" HPOS="241"/>
							<String ID="string_64" HPOS="257" VPOS="467" WIDTH="85" HEIGHT="22" WC="0.92" CONTENT="ständet"/><SP WIDTH="16" VPOS="467" HPOS="342"/>
							<String ID="string_65" HPOS="358" VPOS="469" WIDTH="67" HEIGHT="26" WC="0.92" CONTENT="antog"/><SP WIDTH="14" VPOS="469" HPOS="425"/>
							<String ID="string_66" HPOS="439" VPOS="474" WIDTH="29" HEIGHT="14" WC="0.93" CONTENT="nu"/><SP WIDTH="15" VPOS="474" HPOS="468"/>
							<String ID="string_67" HPOS="483" VPOS="467" WIDTH="63" HEIGHT="28" WC="0.93" CONTENT="gjord"/><SP WIDTH="16" VPOS="467" HPOS="546"/>
							<String ID="string_68" HPOS="562" VPOS="467" WIDTH="160" HEIGHT="28" WC="0.93" CONTENT="framställning"/><SP WIDTH="18" VPOS="467" HPOS="722"/>
							<String ID="string_69" HPOS="740" VPOS="468" WIDTH="75" HEIGHT="21" WC="0.92" CONTENT="derom"/>
						</TextLine>
						<TextLine ID="line_10" HPOS="63" VPOS="501" WIDTH="752" HEIGHT="29">
							<String ID="string_70" HPOS="63" VPOS="503" WIDTH="39" HEIGHT="25" WC="0.94" CONTENT="att,"/><SP WIDTH="23" VPOS="503" HPOS="102"/>
							<String ID="string_71" HPOS="125" VPOS="501" WIDTH="49" HEIGHT="22" WC="0.96" CONTENT="med"/><SP WIDTH="23" VPOS="501" HPOS="174"/>
							<String ID="string_72" HPOS="197" VPOS="502" WIDTH="92" HEIGHT="28" WC="0.96" CONTENT="ändring"/><SP WIDTH="20" VPOS="502" HPOS="289"/>
							<String ID="string_73" HPOS="309" VPOS="502" WIDTH="25" HEIGHT="21" WC="0.93" CONTENT="af"/><SP WIDTH="15" VPOS="502" HPOS="334"/>
							<String ID="string_74" HPOS="349" VPOS="502" WIDTH="57" HEIGHT="21" WC="0.96" CONTENT="hvad"/><SP WIDTH="14" VPOS="502" HPOS="406"/>
							<String ID="string_75" HPOS="420" VPOS="502" WIDTH="12" HEIGHT="27" WC="0.92" CONTENT="8"/><SP WIDTH="17" VPOS="502" HPOS="432"/>
							<String ID="string_76" HPOS="449" VPOS="502" WIDTH="11" HEIGHT="20" WC="0.96" CONTENT="7"/><SP WIDTH="16" VPOS="502" HPOS="460"/>
							<String ID="string_77" HPOS="476" VPOS="502" WIDTH="7" HEIGHT="20" WC="0.96" CONTENT="i"/><SP WIDTH="15" VPOS="502" HPOS="483"/>
							<String ID="string_78" HPOS="498" VPOS="502" WIDTH="43" HEIGHT="20" WC="0.93" CONTENT="den"/><SP WIDTH="15" VPOS="502" HPOS="541"/>
							<String ID="string_79" HPOS="556" VPOS="501" WIDTH="80" HEIGHT="29" WC="0.96" CONTENT="nådiga"/><SP WIDTH="14" VPOS="501" HPOS="636"/>
							<String ID="string_80" HPOS="650" VPOS="502" WIDTH="165" HEIGHT="28" WC="0.96" CONTENT="propositionen"/>
						</TextLine>
						<TextLine ID="line_11" HPOS="63" VPOS="536" WIDTH="752" HEIGHT="27">
							<String ID="string_81" HPOS="63" VPOS="536" WIDTH="122" HEIGHT="22" WC="0.91" CONTENT="innehäller"/><SP WIDTH="21" VPOS="536" HPOS="185"/>
							<String ID="string_82" HPOS="206" VPOS="536" WIDTH="40" HEIGHT="22" WC="0.93" CONTENT="och"/><SP WIDTH="17" VPOS="536" HPOS="246"/>
							<String ID="string_83" HPOS="263" VPOS="536" WIDTH="95" HEIGHT="22" WC="0.91" CONTENT="ständets"/><SP WIDTH="16" VPOS="536" HPOS="358"/>
							<String ID="string_84" HPOS="374" VPOS="536" WIDTH="75" HEIGHT="21" WC="0.92" CONTENT="derom"/><SP WIDTH="15" VPOS="536" HPOS="449"/>
							<String ID="string_85" HPOS="464" VPOS="536" WIDTH="59" HEIGHT="22" WC="0.92" CONTENT="förut"/><SP WIDTH="14" VPOS="536" HPOS="523"/>
							<String ID="string_86" HPOS="537" VPOS="536" WIDTH="83" HEIGHT="21" WC="0.96" CONTENT="fattade"/><SP WIDTH="16" VPOS="536" HPOS="620"/>
							<String ID="string_87" HPOS="636" VPOS="536" WIDTH="77" HEIGHT="27" WC="0.93" CONTENT="beslut,"/><SP WIDTH="16" VPOS="536" HPOS="713"/>
							<String ID="string_88" HPOS="729" VPOS="536" WIDTH="86" HEIGHT="22" WC="0.92" CONTENT="enskild"/>
						</TextLine>
						<TextLine ID="line_12" HPOS="63" VPOS="570" WIDTH="751" HEIGHT="30">
							<String ID="string_89" HPOS="63" VPOS="571" WIDTH="59" HEIGHT="21" WC="0.96" CONTENT="bank"/><SP WIDTH="15" VPOS="571" HPOS="122"/>
							<String ID="string_90" HPOS="137" VPOS="571" WIDTH="66" HEIGHT="21" WC="0.91" CONTENT="borde"/><SP WIDTH="16" VPOS="571" HPOS="203"/>
							<String ID="string_91" HPOS="219" VPOS="571" WIDTH="22" HEIGHT="21" WC="0.96" CONTENT="få"/><SP WIDTH="14" VPOS="571" HPOS="241"/>
							<String ID="string_92" HPOS="255" VPOS="571" WIDTH="81" HEIGHT="21" WC="0.93" CONTENT="inrätta"/><SP WIDTH="14" VPOS="571" HPOS="336"/>
							<String ID="string_93" HPOS="350" VPOS="570" WIDTH="206" HEIGHT="30" WC="0.92" CONTENT="afdelningskontor"/><SP WIDTH="16" VPOS="570" HPOS="556"/>
							<String ID="string_94" HPOS="572" VPOS="571" WIDTH="40" HEIGHT="21" WC="0.93" CONTENT="och"/><SP WIDTH="11" VPOS="571" HPOS="612"/>
							<String ID="string_95" HPOS="623" VPOS="572" WIDTH="116" HEIGHT="26" WC="0.96" CONTENT="agenturer"/><SP WIDTH="11" VPOS="572" HPOS="739"/>
							<String ID="string_96" HPOS="750" VPOS="571" WIDTH="64" HEIGHT="22" WC="0.96" CONTENT="äfven"/>
						</TextLine>
						<TextLine ID="line_13" HPOS="63" VPOS="606" WIDTH="124" HEIGHT="29">
							<String ID="string_97" HPOS="63" VPOS="606" WIDTH="28" HEIGHT="29" WC="0.96" CONTENT="pä"/><SP WIDTH="15" VPOS="606" HPOS="91"/>
							<String ID="string_98" HPOS="106" VPOS="606" WIDTH="81" HEIGHT="21" WC="0.96" CONTENT="landet."/>
						</TextLine>
					</TextBlock>
					<TextBlock ID="block_4" HPOS="91" VPOS="641" WIDTH="106" HEIGHT="22">
						<TextLine ID="line_14" HPOS="91" VPOS="641" WIDTH="106" HEIGHT="22">
							<String ID="string_99" HPOS="91" VPOS="641" WIDTH="42" HEIGHT="22" WC="0.95" CONTENT="N:o"/><SP WIDTH="16" VPOS="641" HPOS="133"/>
							<String ID="string_100" HPOS="149" VPOS="641" WIDTH="48" HEIGHT="21" WC="0.96" CONTENT="204."/>
						</TextLine>
					</TextBlock>
					<TextBlock ID="block_5" HPOS="62" VPOS="674" WIDTH="752" HEIGHT="133">
						<TextLine ID="line_15" HPOS="129" VPOS="674" WIDTH="685" HEIGHT="30">
							<String ID="string_101" HPOS="129" VPOS="675" WIDTH="126" HEIGHT="29" WC="0.90" CONTENT="Föredrogs"/><SP WIDTH="22" VPOS="675" HPOS="255"/>
							<String ID="string_102" HPOS="277" VPOS="675" WIDTH="155" HEIGHT="29" WC="0.92" CONTENT="lagutskottets"/><SP WIDTH="21" VPOS="675" HPOS="432"/>
							<String ID="string_103" HPOS="453" VPOS="674" WIDTH="139" HEIGHT="23" WC="0.90" CONTENT="betänkande"/><SP WIDTH="20" VPOS="674" HPOS="592"/>
							<String ID="string_104" HPOS="612" VPOS="681" WIDTH="35" HEIGHT="15" WC="0.95" CONTENT="n:o"/><SP WIDTH="19" VPOS="681" HPOS="647"/>
							<String ID="string_105" HPOS="666" VPOS="675" WIDTH="33" HEIGHT="27" WC="0.96" CONTENT="27,"/><SP WIDTH="19" VPOS="675" HPOS="699"/>
							<String ID="string_106" HPOS="718" VPOS="676" WIDTH="7" HEIGHT="20" WC="0.93" CONTENT="i"/><SP WIDTH="16" VPOS="676" HPOS="725"/>
							<String ID="string_107" HPOS="741" VPOS="675" WIDTH="73" HEIGHT="22" WC="0.92" CONTENT="anled-"/>
						</TextLine>
						<TextLine ID="line_16" HPOS="62" VPOS="709" WIDTH="752" HEIGHT="29">
							<String ID="string_108" HPOS="62" VPOS="709" WIDTH="53" HEIGHT="29" WC="0.96" CONTENT="ning"/><SP WIDTH="18" VPOS="709" HPOS="115"/>
							<String ID="string_109" HPOS="133" VPOS="710" WIDTH="24" HEIGHT="21" WC="0.93" CONTENT="af"/><SP WIDTH="17" VPOS="710" HPOS="157"/>
							<String ID="string_110" HPOS="174" VPOS="710" WIDTH="124" HEIGHT="22" WC="0.96" CONTENT="återremiss"/><SP WIDTH="16" VPOS="710" HPOS="298"/>
							<String ID="string_111" HPOS="314" VPOS="710" WIDTH="24" HEIGHT="21" WC="0.96" CONTENT="af"/><SP WIDTH="12" VPOS="710" HPOS="338"/>
							<String ID="string_112" HPOS="350" VPOS="710" WIDTH="28" HEIGHT="21" WC="0.96" CONTENT="H."/><SP WIDTH="16" VPOS="710" HPOS="378"/>
							<String ID="string_113" HPOS="394" VPOS="710" WIDTH="27" HEIGHT="21" WC="0.93" CONTENT="K."/><SP WIDTH="16" VPOS="710" HPOS="421"/>
							<String ID="string_114" HPOS="437" VPOS="710" WIDTH="51" HEIGHT="22" WC="0.92" CONTENT="M:ts"/><SP WIDTH="15" VPOS="710" HPOS="488"/>
							<String ID="string_115" HPOS="503" VPOS="710" WIDTH="80" HEIGHT="28" WC="0.96" CONTENT="nådiga"/><SP WIDTH="15" VPOS="710" HPOS="583"/>
							<String ID="string_116" HPOS="598" VPOS="710" WIDTH="134" HEIGHT="28" WC="0.93" CONTENT="proposition"/><SP WIDTH="16" VPOS="710" HPOS="732"/>
							<String ID="string_117" HPOS="748" VPOS="710" WIDTH="66" HEIGHT="28" WC="0.93" CONTENT="angä-"/>
						</TextLine>
						<TextLine ID="line_17" HPOS="62" VPOS="744" WIDTH="752" HEIGHT="29">
							<String ID="string_118" HPOS="62" VPOS="746" WIDTH="56" HEIGHT="20" WC="0.93" CONTENT="ende"/><SP WIDTH="15" VPOS="746" HPOS="118"/>
							<String ID="string_119" HPOS="133" VPOS="744" WIDTH="153" HEIGHT="29" WC="0.96" CONTENT="förändringar"/><SP WIDTH="15" VPOS="744" HPOS="286"/>
							<String ID="string_120" HPOS="301" VPOS="744" WIDTH="40" HEIGHT="22" WC="0.93" CONTENT="och"/><SP WIDTH="14" VPOS="744" HPOS="341"/>
							<String ID="string_121" HPOS="355" VPOS="744" WIDTH="77" HEIGHT="29" WC="0.93" CONTENT="tillägg"/><SP WIDTH="16" VPOS="744" HPOS="432"/>
							<String ID="string_122" HPOS="448" VPOS="744" WIDTH="35" HEIGHT="22" WC="0.96" CONTENT="vid"/><SP WIDTH="15" VPOS="744" HPOS="483"/>
							<String ID="string_123" HPOS="498" VPOS="745" WIDTH="111" HEIGHT="21" WC="0.93" CONTENT="allmänna"/><SP WIDTH="15" VPOS="745" HPOS="609"/>
							<String ID="string_124" HPOS="624" VPOS="744" WIDTH="75" HEIGHT="29" WC="0.91" CONTENT="lagens"/><SP WIDTH="14" VPOS="744" HPOS="699"/>
							<String ID="string_125" HPOS="713" VPOS="744" WIDTH="101" HEIGHT="28" WC="0.91" CONTENT="stadgan-"/>
						</TextLine>
						<TextLine ID="line_18" HPOS="63" VPOS="775" WIDTH="552" HEIGHT="32">
							<String ID="string_126" HPOS="63" VPOS="778" WIDTH="42" HEIGHT="22" WC="0.96" CONTENT="den"/><SP WIDTH="16" VPOS="778" HPOS="105"/>
							<String ID="string_127" HPOS="121" VPOS="786" WIDTH="34" HEIGHT="14" WC="0.93" CONTENT="om"/><SP WIDTH="16" VPOS="786" HPOS="155"/>
							<String ID="string_128" HPOS="171" VPOS="779" WIDTH="200" HEIGHT="28" WC="0.92" CONTENT="förmyndarevärd."/><SP WIDTH="242" VPOS="779" HPOS="371"/>
							<String ID="string_129" HPOS="613" VPOS="775" WIDTH="2" HEIGHT="3" WC="0.62" CONTENT="|"/>
						</TextLine>
					</TextBlock>
					<TextBlock ID="block_6" HPOS="62" VPOS="813" WIDTH="751" HEIGHT="64">
						<TextLine ID="line_19" HPOS="130" VPOS="813" WIDTH="683" HEIGHT="29">
							<String ID="string_130" HPOS="130" VPOS="814" WIDTH="87" HEIGHT="27" WC="0.92" CONTENT="Bifölls;"/><SP WIDTH="17" VPOS="814" HPOS="217"/>
							<String ID="string_131" HPOS="234" VPOS="814" WIDTH="41" HEIGHT="21" WC="0.96" CONTENT="och"/><SP WIDTH="13" VPOS="814" HPOS="275"/>
							<String ID="string_132" HPOS="288" VPOS="814" WIDTH="123" HEIGHT="21" WC="0.96" CONTENT="bestämdes"/><SP WIDTH="15" VPOS="814" HPOS="411"/>
							<String ID="string_133" HPOS="426" VPOS="814" WIDTH="60" HEIGHT="21" WC="0.96" CONTENT="tiden"/><SP WIDTH="13" VPOS="814" HPOS="486"/>
							<String ID="string_134" HPOS="499" VPOS="814" WIDTH="27" HEIGHT="21" WC="0.96" CONTENT="då"/><SP WIDTH="9" VPOS="814" HPOS="526"/>
							<String ID="string_135" HPOS="535" VPOS="813" WIDTH="166" HEIGHT="29" WC="0.93" CONTENT="ifrågavarande"/><SP WIDTH="12" VPOS="813" HPOS="701"/>
							<String ID="string_136" HPOS="713" VPOS="813" WIDTH="100" HEIGHT="29" WC="0.90" CONTENT="stadgan-"/>
						</TextLine>
						<TextLine ID="line_20" HPOS="62" VPOS="848" WIDTH="658" HEIGHT="29">
							<String ID="string_137" HPOS="62" VPOS="848" WIDTH="43" HEIGHT="22" WC="0.96" CONTENT="den"/><SP WIDTH="16" VPOS="848" HPOS="105"/>
							<String ID="string_138" HPOS="121" VPOS="848" WIDTH="70" HEIGHT="22" WC="0.96" CONTENT="skulle"/><SP WIDTH="15" VPOS="848" HPOS="191"/>
							<String ID="string_139" HPOS="206" VPOS="848" WIDTH="62" HEIGHT="22" WC="0.96" CONTENT="träda"/><SP WIDTH="15" VPOS="848" HPOS="268"/>
							<String ID="string_140" HPOS="283" VPOS="848" WIDTH="7" HEIGHT="22" WC="0.96" CONTENT="i"/><SP WIDTH="15" VPOS="848" HPOS="290"/>
							<String ID="string_141" HPOS="305" VPOS="848" WIDTH="103" HEIGHT="29" WC="0.96" CONTENT="giltighet"/><SP WIDTH="15" VPOS="848" HPOS="408"/>
							<String ID="string_142" HPOS="423" VPOS="849" WIDTH="32" HEIGHT="21" WC="0.95" CONTENT="till"/><SP WIDTH="16" VPOS="849" HPOS="455"/>
							<String ID="string_143" HPOS="471" VPOS="848" WIDTH="42" HEIGHT="22" WC="0.95" CONTENT="den"/><SP WIDTH="17" VPOS="848" HPOS="513"/>
							<String ID="string_144" HPOS="530" VPOS="849" WIDTH="9" HEIGHT="20" WC="0.96" CONTENT="1"/><SP WIDTH="15" VPOS="849" HPOS="539"/>
							<String ID="string_145" HPOS="554" VPOS="848" WIDTH="88" HEIGHT="28" WC="0.96" CONTENT="januari"/><SP WIDTH="17" VPOS="848" HPOS="642"/>
							<String ID="string_146" HPOS="659" VPOS="848" WIDTH="61" HEIGHT="22" WC="0.96" CONTENT="1865."/>
						</TextLine>
					</TextBlock>
					<TextBlock ID="block_7" HPOS="91" VPOS="884" WIDTH="106" HEIGHT="21">
						<TextLine ID="line_21" HPOS="91" VPOS="884" WIDTH="106" HEIGHT="21">
							<String ID="string_147" HPOS="91" VPOS="884" WIDTH="42" HEIGHT="21" WC="0.94" CONTENT="N:o"/><SP WIDTH="16" VPOS="884" HPOS="133"/>
							<String ID="string_148" HPOS="149" VPOS="884" WIDTH="48" HEIGHT="20" WC="0.94" CONTENT="205."/>
						</TextLine>
					</TextBlock>
					<TextBlock ID="block_8" HPOS="36" VPOS="916" WIDTH="778" HEIGHT="541">
						<TextLine ID="line_22" HPOS="131" VPOS="916" WIDTH="683" HEIGHT="30">
							<String ID="string_149" HPOS="131" VPOS="918" WIDTH="22" HEIGHT="21" WC="0.85" CONTENT="S."/><SP WIDTH="17" VPOS="918" HPOS="153"/>
							<String ID="string_150" HPOS="170" VPOS="918" WIDTH="19" HEIGHT="22" WC="0.91" CONTENT="d."/><SP WIDTH="30" VPOS="918" HPOS="189"/>
							<String ID="string_151" HPOS="219" VPOS="918" WIDTH="51" HEIGHT="22" WC="0.96" CONTENT="Med"/><SP WIDTH="15" VPOS="918" HPOS="270"/>
							<String ID="string_152" HPOS="285" VPOS="918" WIDTH="118" HEIGHT="28" WC="0.96" CONTENT="anledning"/><SP WIDTH="15" VPOS="918" HPOS="403"/>
							<String ID="string_153" HPOS="418" VPOS="918" WIDTH="24" HEIGHT="22" WC="0.96" CONTENT="af"/><SP WIDTH="13" VPOS="918" HPOS="442"/>
							<String ID="string_154" HPOS="455" VPOS="925" WIDTH="26" HEIGHT="14" WC="0.96" CONTENT="en"/><SP WIDTH="17" VPOS="925" HPOS="481"/>
							<String ID="string_155" HPOS="498" VPOS="918" WIDTH="49" HEIGHT="21" WC="0.93" CONTENT="utaf"/><SP WIDTH="13" VPOS="918" HPOS="547"/>
							<String ID="string_156" HPOS="560" VPOS="917" WIDTH="97" HEIGHT="22" WC="0.92" CONTENT="ståndets"/><SP WIDTH="15" VPOS="917" HPOS="657"/>
							<String ID="string_157" HPOS="672" VPOS="916" WIDTH="142" HEIGHT="23" WC="0.96" CONTENT="medlemmar"/>
						</TextLine>
						<TextLine ID="line_23" HPOS="61" VPOS="952" WIDTH="751" HEIGHT="30">
							<String ID="string_158" HPOS="61" VPOS="953" WIDTH="64" HEIGHT="29" WC="0.95" CONTENT="gjord"/><SP WIDTH="20" VPOS="953" HPOS="125"/>
							<String ID="string_159" HPOS="145" VPOS="953" WIDTH="102" HEIGHT="21" WC="0.96" CONTENT="anmälan"/><SP WIDTH="20" VPOS="953" HPOS="247"/>
							<String ID="string_160" HPOS="267" VPOS="952" WIDTH="81" HEIGHT="28" WC="0.95" CONTENT="derom,"/><SP WIDTH="20" VPOS="952" HPOS="348"/>
							<String ID="string_161" HPOS="368" VPOS="954" WIDTH="32" HEIGHT="20" WC="0.96" CONTENT="att"/><SP WIDTH="16" VPOS="954" HPOS="400"/>
							<String ID="string_162" HPOS="416" VPOS="953" WIDTH="41" HEIGHT="21" WC="0.96" CONTENT="den"/><SP WIDTH="16" VPOS="953" HPOS="457"/>
							<String ID="string_163" HPOS="473" VPOS="952" WIDTH="70" HEIGHT="22" WC="0.96" CONTENT="finska"/><SP WIDTH="15" VPOS="952" HPOS="543"/>
							<String ID="string_164" HPOS="558" VPOS="952" WIDTH="143" HEIGHT="22" WC="0.96" CONTENT="redaktionen"/><SP WIDTH="16" VPOS="952" HPOS="701"/>
							<String ID="string_165" HPOS="717" VPOS="952" WIDTH="24" HEIGHT="21" WC="0.93" CONTENT="af"/><SP WIDTH="13" VPOS="952" HPOS="741"/>
							<String ID="string_166" HPOS="754" VPOS="954" WIDTH="58" HEIGHT="20" WC="0.91" CONTENT="stän-"/>
						</TextLine>
						<TextLine ID="line_24" HPOS="62" VPOS="987" WIDTH="751" HEIGHT="29">
							<String ID="string_167" HPOS="62" VPOS="987" WIDTH="79" HEIGHT="22" WC="0.92" CONTENT="dernas"/><SP WIDTH="20" VPOS="987" HPOS="141"/>
							<String ID="string_168" HPOS="161" VPOS="987" WIDTH="149" HEIGHT="29" WC="0.91" CONTENT="underdåniga"/><SP WIDTH="18" VPOS="987" HPOS="310"/>
							<String ID="string_169" HPOS="328" VPOS="994" WIDTH="48" HEIGHT="15" WC="0.96" CONTENT="svar"/><SP WIDTH="15" VPOS="994" HPOS="376"/>
							<String ID="string_170" HPOS="391" VPOS="987" WIDTH="29" HEIGHT="28" WC="0.92" CONTENT="på"/><SP WIDTH="15" VPOS="987" HPOS="420"/>
							<String ID="string_171" HPOS="435" VPOS="987" WIDTH="28" HEIGHT="21" WC="0.92" CONTENT="H."/><SP WIDTH="16" VPOS="987" HPOS="463"/>
							<String ID="string_172" HPOS="479" VPOS="987" WIDTH="26" HEIGHT="21" WC="0.90" CONTENT="K."/><SP WIDTH="16" VPOS="987" HPOS="505"/>
							<String ID="string_173" HPOS="521" VPOS="987" WIDTH="52" HEIGHT="21" WC="0.91" CONTENT="M:ts"/><SP WIDTH="15" VPOS="987" HPOS="573"/>
							<String ID="string_174" HPOS="588" VPOS="987" WIDTH="79" HEIGHT="28" WC="0.93" CONTENT="nådiga"/><SP WIDTH="15" VPOS="987" HPOS="667"/>
							<String ID="string_175" HPOS="682" VPOS="987" WIDTH="131" HEIGHT="28" WC="0.92" CONTENT="propositio-"/>
						</TextLine>
						<TextLine ID="line_25" HPOS="36" VPOS="1021" WIDTH="777" HEIGHT="28">
							<String ID="string_176" HPOS="36" VPOS="1046" WIDTH="3" HEIGHT="2" WC="0.28" CONTENT="."/><SP WIDTH="22" VPOS="1046" HPOS="39"/>
							<String ID="string_177" HPOS="61" VPOS="1029" WIDTH="47" HEIGHT="20" WC="0.95" CONTENT="ner,"/><SP WIDTH="23" VPOS="1029" HPOS="108"/>
							<String ID="string_178" HPOS="131" VPOS="1022" WIDTH="63" HEIGHT="21" WC="0.96" CONTENT="äfven"/><SP WIDTH="24" VPOS="1022" HPOS="194"/>
							<String ID="string_179" HPOS="218" VPOS="1022" WIDTH="7" HEIGHT="21" WC="0.96" CONTENT="i"/><SP WIDTH="23" VPOS="1022" HPOS="225"/>
							<String ID="string_180" HPOS="248" VPOS="1022" WIDTH="107" HEIGHT="27" WC="0.96" CONTENT="språkligt"/><SP WIDTH="18" VPOS="1022" HPOS="355"/>
							<String ID="string_181" HPOS="373" VPOS="1022" WIDTH="124" HEIGHT="21" WC="0.93" CONTENT="hänseende"/><SP WIDTH="19" VPOS="1022" HPOS="497"/>
							<String ID="string_182" HPOS="516" VPOS="1021" WIDTH="96" HEIGHT="22" WC="0.91" CONTENT="affattats"/><SP WIDTH="15" VPOS="1021" HPOS="612"/>
							<String ID="string_183" HPOS="627" VPOS="1022" WIDTH="7" HEIGHT="19" WC="0.97" CONTENT="i"/><SP WIDTH="16" VPOS="1022" HPOS="634"/>
							<String ID="string_184" HPOS="650" VPOS="1021" WIDTH="97" HEIGHT="28" WC="0.96" CONTENT="enlighet"/><SP WIDTH="16" VPOS="1021" HPOS="747"/>
							<String ID="string_185" HPOS="763" VPOS="1022" WIDTH="50" HEIGHT="20" WC="0.96" CONTENT="med"/>
						</TextLine>
						<TextLine ID="line_26" HPOS="61" VPOS="1055" WIDTH="751" HEIGHT="30">
							<String ID="string_186" HPOS="61" VPOS="1057" WIDTH="27" HEIGHT="21" WC="0.96" CONTENT="de"/><SP WIDTH="16" VPOS="1057" HPOS="88"/>
							<String ID="string_187" HPOS="104" VPOS="1056" WIDTH="79" HEIGHT="28" WC="0.91" CONTENT="nådiga"/><SP WIDTH="15" VPOS="1056" HPOS="183"/>
							<String ID="string_188" HPOS="198" VPOS="1056" WIDTH="196" HEIGHT="29" WC="0.91" CONTENT="propositionerna,"/><SP WIDTH="17" VPOS="1056" HPOS="394"/>
							<String ID="string_189" HPOS="411" VPOS="1056" WIDTH="70" HEIGHT="21" WC="0.92" CONTENT="såvidt"/><SP WIDTH="15" VPOS="1056" HPOS="481"/>
							<String ID="string_190" HPOS="496" VPOS="1055" WIDTH="163" HEIGHT="22" WC="0.96" CONTENT="vederbörande"/><SP WIDTH="11" VPOS="1055" HPOS="659"/>
							<String ID="string_191" HPOS="670" VPOS="1055" WIDTH="83" HEIGHT="22" WC="0.96" CONTENT="utskott"/><SP WIDTH="10" VPOS="1055" HPOS="753"/>
							<String ID="string_192" HPOS="763" VPOS="1055" WIDTH="49" HEIGHT="21" WC="0.96" CONTENT="icke"/>
						</TextLine>
						<TextLine ID="line_27" HPOS="61" VPOS="1089" WIDTH="751" HEIGHT="30">
							<String ID="string_193" HPOS="61" VPOS="1091" WIDTH="146" HEIGHT="28" WC="0.91" CONTENT="omredigerat"/><SP WIDTH="16" VPOS="1091" HPOS="207"/>
							<String ID="string_194" HPOS="223" VPOS="1091" WIDTH="116" HEIGHT="27" WC="0.96" CONTENT="desamma,"/><SP WIDTH="16" VPOS="1091" HPOS="339"/>
							<String ID="string_195" HPOS="355" VPOS="1091" WIDTH="53" HEIGHT="20" WC="0.96" CONTENT="eller"/><SP WIDTH="16" VPOS="1091" HPOS="408"/>
							<String ID="string_196" HPOS="424" VPOS="1091" WIDTH="7" HEIGHT="20" WC="0.96" CONTENT="i"/><SP WIDTH="15" VPOS="1091" HPOS="431"/>
							<String ID="string_197" HPOS="446" VPOS="1091" WIDTH="49" HEIGHT="21" WC="0.96" CONTENT="dem"/><SP WIDTH="14" VPOS="1091" HPOS="495"/>
							<String ID="string_198" HPOS="509" VPOS="1091" WIDTH="113" HEIGHT="27" WC="0.95" CONTENT="föreslagit"/><SP WIDTH="11" VPOS="1091" HPOS="622"/>
							<String ID="string_199" HPOS="633" VPOS="1089" WIDTH="99" HEIGHT="29" WC="0.96" CONTENT="ändring,"/><SP WIDTH="11" VPOS="1089" HPOS="732"/>
							<String ID="string_200" HPOS="743" VPOS="1091" WIDTH="69" HEIGHT="20" WC="0.95" CONTENT="ehuru"/>
						</TextLine>
						<TextLine ID="line_28" HPOS="61" VPOS="1124" WIDTH="751" HEIGHT="29">
							<String ID="string_201" HPOS="61" VPOS="1125" WIDTH="159" HEIGHT="22" WC="0.96" CONTENT="bondeståndet"/><SP WIDTH="20" VPOS="1125" HPOS="220"/>
							<String ID="string_202" HPOS="240" VPOS="1125" WIDTH="7" HEIGHT="20" WC="0.96" CONTENT="i"/><SP WIDTH="21" VPOS="1125" HPOS="247"/>
							<String ID="string_203" HPOS="268" VPOS="1125" WIDTH="106" HEIGHT="21" WC="0.96" CONTENT="särskilda"/><SP WIDTH="20" VPOS="1125" HPOS="374"/>
							<String ID="string_204" HPOS="394" VPOS="1125" WIDTH="74" HEIGHT="28" WC="0.96" CONTENT="frågor"/><SP WIDTH="17" VPOS="1125" HPOS="468"/>
							<String ID="string_205" HPOS="485" VPOS="1125" WIDTH="108" HEIGHT="26" WC="0.96" CONTENT="anmärkt,"/><SP WIDTH="19" VPOS="1125" HPOS="593"/>
							<String ID="string_206" HPOS="612" VPOS="1126" WIDTH="32" HEIGHT="20" WC="0.96" CONTENT="att"/><SP WIDTH="15" VPOS="1126" HPOS="644"/>
							<String ID="string_207" HPOS="659" VPOS="1125" WIDTH="88" HEIGHT="28" WC="0.96" CONTENT="språket"/><SP WIDTH="15" VPOS="1125" HPOS="747"/>
							<String ID="string_208" HPOS="762" VPOS="1125" WIDTH="7" HEIGHT="20" WC="0.96" CONTENT="i"/><SP WIDTH="16" VPOS="1125" HPOS="769"/>
							<String ID="string_209" HPOS="785" VPOS="1124" WIDTH="27" HEIGHT="21" WC="0.96" CONTENT="de"/>
						</TextLine>
						<TextLine ID="line_29" HPOS="61" VPOS="1159" WIDTH="751" HEIGHT="29">
							<String ID="string_210" HPOS="61" VPOS="1160" WIDTH="70" HEIGHT="21" WC="0.96" CONTENT="finska"/><SP WIDTH="16" VPOS="1160" HPOS="131"/>
							<String ID="string_211" HPOS="147" VPOS="1159" WIDTH="140" HEIGHT="29" WC="0.54" CONTENT="exemplaren"/><SP WIDTH="17" VPOS="1159" HPOS="287"/>
							<String ID="string_212" HPOS="304" VPOS="1159" WIDTH="23" HEIGHT="22" WC="0.96" CONTENT="af"/><SP WIDTH="13" VPOS="1159" HPOS="327"/>
							<String ID="string_213" HPOS="340" VPOS="1160" WIDTH="26" HEIGHT="21" WC="0.96" CONTENT="de"/><SP WIDTH="17" VPOS="1160" HPOS="366"/>
							<String ID="string_214" HPOS="383" VPOS="1160" WIDTH="79" HEIGHT="28" WC="0.93" CONTENT="nådiga"/><SP WIDTH="15" VPOS="1160" HPOS="462"/>
							<String ID="string_215" HPOS="477" VPOS="1159" WIDTH="190" HEIGHT="29" WC="0.92" CONTENT="propositionerna"/><SP WIDTH="10" VPOS="1159" HPOS="667"/>
							<String ID="string_216" HPOS="677" VPOS="1165" WIDTH="51" HEIGHT="15" WC="0.93" CONTENT="vore"/><SP WIDTH="11" VPOS="1165" HPOS="728"/>
							<String ID="string_217" HPOS="739" VPOS="1159" WIDTH="73" HEIGHT="21" WC="0.92" CONTENT="särde-"/>
						</TextLine>
						<TextLine ID="line_30" HPOS="61" VPOS="1193" WIDTH="751" HEIGHT="29">
							<String ID="string_218" HPOS="61" VPOS="1195" WIDTH="32" HEIGHT="21" WC="0.96" CONTENT="les"/><SP WIDTH="20" VPOS="1195" HPOS="93"/>
							<String ID="string_219" HPOS="113" VPOS="1194" WIDTH="101" HEIGHT="28" WC="0.96" CONTENT="felaktigt"/><SP WIDTH="21" VPOS="1194" HPOS="214"/>
							<String ID="string_220" HPOS="235" VPOS="1194" WIDTH="40" HEIGHT="21" WC="0.97" CONTENT="och"/><SP WIDTH="21" VPOS="1194" HPOS="275"/>
							<String ID="string_221" HPOS="296" VPOS="1193" WIDTH="66" HEIGHT="22" WC="0.96" CONTENT="borde"/><SP WIDTH="16" VPOS="1193" HPOS="362"/>
							<String ID="string_222" HPOS="378" VPOS="1195" WIDTH="74" HEIGHT="26" WC="0.96" CONTENT="rättas,"/><SP WIDTH="18" VPOS="1195" HPOS="452"/>
							<String ID="string_223" HPOS="470" VPOS="1193" WIDTH="69" HEIGHT="22" WC="0.95" CONTENT="beslöt"/><SP WIDTH="16" VPOS="1193" HPOS="539"/>
							<String ID="string_224" HPOS="555" VPOS="1193" WIDTH="158" HEIGHT="22" WC="0.95" CONTENT="bondeståndet"/><SP WIDTH="16" VPOS="1193" HPOS="713"/>
							<String ID="string_225" HPOS="729" VPOS="1195" WIDTH="31" HEIGHT="19" WC="0.93" CONTENT="att"/><SP WIDTH="15" VPOS="1195" HPOS="760"/>
							<String ID="string_226" HPOS="775" VPOS="1200" WIDTH="37" HEIGHT="14" WC="0.92" CONTENT="ex-"/>
						</TextLine>
						<TextLine ID="line_31" HPOS="61" VPOS="1227" WIDTH="750" HEIGHT="30">
							<String ID="string_227" HPOS="61" VPOS="1229" WIDTH="119" HEIGHT="28" WC="0.92" CONTENT="peditions-"/><SP WIDTH="16" VPOS="1229" HPOS="180"/>
							<String ID="string_228" HPOS="196" VPOS="1229" WIDTH="40" HEIGHT="20" WC="0.93" CONTENT="och"/><SP WIDTH="13" VPOS="1229" HPOS="236"/>
							<String ID="string_229" HPOS="249" VPOS="1229" WIDTH="241" HEIGHT="28" WC="0.92" CONTENT="justeringsutskotten,"/><SP WIDTH="15" VPOS="1229" HPOS="490"/>
							<String ID="string_230" HPOS="505" VPOS="1228" WIDTH="24" HEIGHT="21" WC="0.96" CONTENT="af"/><SP WIDTH="12" VPOS="1228" HPOS="529"/>
							<String ID="string_231" HPOS="541" VPOS="1227" WIDTH="75" HEIGHT="22" WC="0.96" CONTENT="hvilka"/><SP WIDTH="16" VPOS="1227" HPOS="616"/>
							<String ID="string_232" HPOS="632" VPOS="1228" WIDTH="36" HEIGHT="21" WC="0.96" CONTENT="det"/><SP WIDTH="15" VPOS="1228" HPOS="668"/>
							<String ID="string_233" HPOS="683" VPOS="1227" WIDTH="58" HEIGHT="22" WC="0.96" CONTENT="förra"/><SP WIDTH="15" VPOS="1227" HPOS="741"/>
							<String ID="string_234" HPOS="756" VPOS="1227" WIDTH="55" HEIGHT="22" WC="0.96" CONTENT="hade"/>
						</TextLine>
						<TextLine ID="line_32" HPOS="60" VPOS="1262" WIDTH="751" HEIGHT="29">
							<String ID="string_235" HPOS="60" VPOS="1263" WIDTH="127" HEIGHT="28" WC="0.96" CONTENT="professorn"/><SP WIDTH="13" VPOS="1263" HPOS="187"/>
							<String ID="string_236" HPOS="200" VPOS="1263" WIDTH="7" HEIGHT="20" WC="0.96" CONTENT="i"/><SP WIDTH="16" VPOS="1263" HPOS="207"/>
							<String ID="string_237" HPOS="223" VPOS="1263" WIDTH="70" HEIGHT="21" WC="0.96" CONTENT="finska"/><SP WIDTH="16" VPOS="1263" HPOS="293"/>
							<String ID="string_238" HPOS="309" VPOS="1263" WIDTH="88" HEIGHT="28" WC="0.96" CONTENT="språket"/><SP WIDTH="15" VPOS="1263" HPOS="397"/>
							<String ID="string_239" HPOS="412" VPOS="1263" WIDTH="36" HEIGHT="21" WC="0.96" CONTENT="vid"/><SP WIDTH="12" VPOS="1263" HPOS="448"/>
							<String ID="string_240" HPOS="460" VPOS="1263" WIDTH="119" HEIGHT="28" WC="0.93" CONTENT="kejserliga"/><SP WIDTH="10" VPOS="1263" HPOS="579"/>
							<String ID="string_241" HPOS="589" VPOS="1262" WIDTH="222" HEIGHT="21" WC="0.89" CONTENT="Alexandersuniver-"/>
						</TextLine>
						<TextLine ID="line_33" HPOS="61" VPOS="1296" WIDTH="751" HEIGHT="29">
							<String ID="string_242" HPOS="61" VPOS="1297" WIDTH="75" HEIGHT="22" WC="0.89" CONTENT="sitetet"/><SP WIDTH="19" VPOS="1297" HPOS="136"/>
							<String ID="string_243" HPOS="155" VPOS="1297" WIDTH="34" HEIGHT="28" WC="0.96" CONTENT="sig"/><SP WIDTH="18" VPOS="1297" HPOS="189"/>
							<String ID="string_244" HPOS="207" VPOS="1297" WIDTH="33" HEIGHT="20" WC="0.96" CONTENT="till"/><SP WIDTH="18" VPOS="1297" HPOS="240"/>
							<String ID="string_245" HPOS="258" VPOS="1297" WIDTH="84" HEIGHT="21" WC="0.96" CONTENT="biträde"/><SP WIDTH="19" VPOS="1297" HPOS="342"/>
							<String ID="string_246" HPOS="361" VPOS="1297" WIDTH="36" HEIGHT="21" WC="0.96" CONTENT="vid"/><SP WIDTH="15" VPOS="1297" HPOS="397"/>
							<String ID="string_247" HPOS="412" VPOS="1297" WIDTH="156" HEIGHT="28" WC="0.95" CONTENT="uppsättandet"/><SP WIDTH="16" VPOS="1297" HPOS="568"/>
							<String ID="string_248" HPOS="584" VPOS="1297" WIDTH="23" HEIGHT="20" WC="0.96" CONTENT="af"/><SP WIDTH="14" VPOS="1297" HPOS="607"/>
							<String ID="string_249" HPOS="621" VPOS="1297" WIDTH="25" HEIGHT="20" WC="0.93" CONTENT="de"/><SP WIDTH="16" VPOS="1297" HPOS="646"/>
							<String ID="string_250" HPOS="662" VPOS="1296" WIDTH="150" HEIGHT="28" WC="0.92" CONTENT="underdåniga"/>
						</TextLine>
						<TextLine ID="line_34" HPOS="61" VPOS="1330" WIDTH="750" HEIGHT="28">
							<String ID="string_251" HPOS="61" VPOS="1337" WIDTH="78" HEIGHT="15" WC="0.96" CONTENT="svaren"/><SP WIDTH="20" VPOS="1337" HPOS="139"/>
							<String ID="string_252" HPOS="159" VPOS="1331" WIDTH="28" HEIGHT="27" WC="0.96" CONTENT="på"/><SP WIDTH="19" VPOS="1331" HPOS="187"/>
							<String ID="string_253" HPOS="206" VPOS="1330" WIDTH="77" HEIGHT="27" WC="0.95" CONTENT="finska,"/><SP WIDTH="20" VPOS="1330" HPOS="283"/>
							<String ID="string_254" HPOS="303" VPOS="1331" WIDTH="67" HEIGHT="21" WC="0.97" CONTENT="borde"/><SP WIDTH="16" VPOS="1331" HPOS="370"/>
							<String ID="string_255" HPOS="386" VPOS="1331" WIDTH="68" HEIGHT="27" WC="0.96" CONTENT="draga"/><SP WIDTH="14" VPOS="1331" HPOS="454"/>
							<String ID="string_256" HPOS="468" VPOS="1331" WIDTH="87" HEIGHT="27" WC="0.96" CONTENT="försorg"/><SP WIDTH="15" VPOS="1331" HPOS="555"/>
							<String ID="string_257" HPOS="570" VPOS="1331" WIDTH="81" HEIGHT="25" WC="0.96" CONTENT="derom,"/><SP WIDTH="16" VPOS="1331" HPOS="651"/>
							<String ID="string_258" HPOS="667" VPOS="1332" WIDTH="32" HEIGHT="19" WC="0.96" CONTENT="att"/><SP WIDTH="16" VPOS="1332" HPOS="699"/>
							<String ID="string_259" HPOS="715" VPOS="1330" WIDTH="42" HEIGHT="21" WC="0.93" CONTENT="den"/><SP WIDTH="14" VPOS="1330" HPOS="757"/>
							<String ID="string_260" HPOS="771" VPOS="1330" WIDTH="40" HEIGHT="21" WC="0.92" CONTENT="fin-"/>
						</TextLine>
						<TextLine ID="line_35" HPOS="60" VPOS="1363" WIDTH="751" HEIGHT="29">
							<String ID="string_261" HPOS="60" VPOS="1365" WIDTH="40" HEIGHT="21" WC="0.96" CONTENT="ska"/><SP WIDTH="22" VPOS="1365" HPOS="100"/>
							<String ID="string_262" HPOS="122" VPOS="1364" WIDTH="144" HEIGHT="21" WC="0.96" CONTENT="redaktionen"/><SP WIDTH="23" VPOS="1364" HPOS="266"/>
							<String ID="string_263" HPOS="289" VPOS="1364" WIDTH="23" HEIGHT="21" WC="0.96" CONTENT="af"/><SP WIDTH="20" VPOS="1364" HPOS="312"/>
							<String ID="string_264" HPOS="332" VPOS="1364" WIDTH="26" HEIGHT="21" WC="0.93" CONTENT="de"/><SP WIDTH="22" VPOS="1364" HPOS="358"/>
							<String ID="string_265" HPOS="380" VPOS="1364" WIDTH="150" HEIGHT="28" WC="0.90" CONTENT="underdåniga"/><SP WIDTH="20" VPOS="1364" HPOS="530"/>
							<String ID="string_266" HPOS="550" VPOS="1371" WIDTH="77" HEIGHT="14" WC="0.96" CONTENT="svaren"/><SP WIDTH="19" VPOS="1371" HPOS="627"/>
							<String ID="string_267" HPOS="646" VPOS="1365" WIDTH="28" HEIGHT="27" WC="0.96" CONTENT="på"/><SP WIDTH="15" VPOS="1365" HPOS="674"/>
							<String ID="string_268" HPOS="689" VPOS="1364" WIDTH="26" HEIGHT="21" WC="0.97" CONTENT="de"/><SP WIDTH="16" VPOS="1364" HPOS="715"/>
							<String ID="string_269" HPOS="731" VPOS="1363" WIDTH="80" HEIGHT="28" WC="0.95" CONTENT="nådiga"/>
						</TextLine>
						<TextLine ID="line_36" HPOS="59" VPOS="1397" WIDTH="752" HEIGHT="31">
							<String ID="string_270" HPOS="59" VPOS="1399" WIDTH="197" HEIGHT="29" WC="0.91" CONTENT="propositionerna,"/><SP WIDTH="21" VPOS="1399" HPOS="256"/>
							<String ID="string_271" HPOS="277" VPOS="1398" WIDTH="141" HEIGHT="30" WC="0.96" CONTENT="synnerligen"/><SP WIDTH="18" VPOS="1398" HPOS="418"/>
							<String ID="string_272" HPOS="436" VPOS="1399" WIDTH="8" HEIGHT="22" WC="0.93" CONTENT="i"/><SP WIDTH="18" VPOS="1399" HPOS="444"/>
							<String ID="string_273" HPOS="462" VPOS="1398" WIDTH="118" HEIGHT="30" WC="0.92" CONTENT="lagfrågor,"/><SP WIDTH="15" VPOS="1398" HPOS="580"/>
							<String ID="string_274" HPOS="595" VPOS="1397" WIDTH="71" HEIGHT="24" WC="0.91" CONTENT="blefve"/><SP WIDTH="15" VPOS="1397" HPOS="666"/>
							<String ID="string_275" HPOS="681" VPOS="1398" WIDTH="8" HEIGHT="21" WC="0.96" CONTENT="i"/><SP WIDTH="16" VPOS="1398" HPOS="689"/>
							<String ID="string_276" HPOS="705" VPOS="1397" WIDTH="106" HEIGHT="31" WC="0.96" CONTENT="språkligt"/>
						</TextLine>
						<TextLine ID="line_37" HPOS="60" VPOS="1433" WIDTH="321" HEIGHT="24">
							<String ID="string_277" HPOS="60" VPOS="1434" WIDTH="103" HEIGHT="23" WC="0.96" CONTENT="afseende"/><SP WIDTH="15" VPOS="1434" HPOS="163"/>
							<String ID="string_278" HPOS="178" VPOS="1434" WIDTH="79" HEIGHT="22" WC="0.92" CONTENT="felfritt"/><SP WIDTH="15" VPOS="1434" HPOS="257"/>
							<String ID="string_279" HPOS="272" VPOS="1433" WIDTH="109" HEIGHT="23" WC="0.92" CONTENT="affattade."/>
						</TextLine>
					</TextBlock>
				</ComposedBlock>
			</PrintSpace>
		</Page>
	</Layout>
</alto>
