975 1706
223 122 40 22 762
510 129 37 17 Den
559 129 12 16 8
582 129 49 21 april.

192 188 131 26 vittnesmål,
342 187 84 22 således
442 194 26 15 en
484 188 92 21 oerhörd
591 188 177 22 demoralisation
783 189 40 21 och
837 189 52 21 flere
905 190 32 20 tu-

193 222 66 22 sende
275 222 136 21 menniskors
427 221 85 29 olycka,
529 224 54 20 samt
599 222 66 28 detta,
680 224 53 20 utan
749 224 31 20 att
795 222 143 28 fyllerilasten

192 256 151 29 väsendtligen
362 256 107 28 minskas,
491 256 54 22 eller
565 258 71 20 staten
657 257 93 21 erhåller
771 258 68 20 större
854 256 85 22 inkom-

193 294 50 25 ster,
263 294 24 26 ty
301 291 164 22 lönbränneriet
480 291 54 21 skall
550 292 27 21 då
591 292 49 20 med
656 292 69 21 fördel
740 292 134 21 konkurrera
889 292 50 21 med

193 326 124 22 fabrikerna
341 326 39 21 och
402 326 85 22 minska
509 326 62 22 deras
594 326 142 28 tillverkning
756 326 39 22 och
814 327 28 27 på
858 334 81 14 samma

192 362 58 28 gång
265 361 97 21 skattens
378 361 90 28 belopp;
491 361 48 21 med
555 361 36 21 det
606 360 120 22 lönbrända
740 361 115 21 bränvinet
869 362 69 20 måste

193 403 50 15 man
259 396 137 28 naturligtvis
413 396 64 20 också
492 396 111 28 lönkröga.
633 396 129 21 Bestämdes
774 396 97 21 deremot
881 396 57 21 skat-

193 433 37 20 ten
249 431 34 21 till
304 437 27 14 en
351 430 76 29 början
447 430 47 21 icke
514 430 68 29 högre
602 432 28 19 än
652 432 9 20 1
682 430 61 22 mark
759 438 38 21 per
812 431 71 21 kanna
899 431 39 21 och

191 467 58 28 finge
269 466 64 21 äfven
349 465 128 22 brännerier
492 465 49 22 med
557 473 26 14 en
599 465 141 29 tillverkning
755 466 24 21 af
792 465 76 22 endast
884 467 25 20 15
925 466 12 21 å

193 502 77 26 20,000
284 501 84 21 kannor
382 501 97 26 inrättas,
495 500 70 21 blefve
581 500 163 22 lönbränneriet
755 501 40 21 och
805 501 134 28 lurendreje-

193 537 41 20 riet
254 536 48 21 icke
323 541 59 15 mera
402 535 92 21 lönande
515 535 40 21 och
575 535 86 21 komme
682 535 85 22 derföre
788 537 31 20 att
833 536 104 28 upphöra.

193 571 34 21 Då
242 570 41 21 den
300 569 56 22 enda
370 570 82 27 riktiga
466 570 115 28 lösningen
596 570 24 21 af
633 570 83 28 frågan,
732 570 205 21 bränvinsbrännin-

193 613 54 21 gens
261 604 110 22 ordnande
387 605 70 20 såsom
472 611 26 14 en
514 604 35 27 fri,
565 611 49 14 men
624 604 54 29 högt
689 605 115 21 beskattad
814 605 87 28 näring,
918 605 19 28 ej

193 641 33 21 för
248 639 135 22 närvarande
404 639 42 21 kan
469 639 138 28 genomföras
630 639 40 21 och
690 640 40 28 jag
750 647 62 14 anser
832 640 51 27 split
899 639 40 22 och

193 675 104 28 oenighet
311 673 91 22 stånden
419 674 91 21 emellan
526 675 7 20 i
549 673 70 22 denna
634 673 62 29 fråga
706 675 33 20 för
750 674 63 28 högst
824 674 115 29 olyckliga,

193 712 56 19 samt
263 709 86 21 derföre
364 715 28 14 en
408 708 210 29 sammanjemkning
633 708 130 29 nödvändig,
779 709 68 21 måste
856 710 40 27 jag
906 710 33 21 så-

193 752 45 14 som
260 751 27 14 en
306 743 199 28 räddningsplanka
525 743 80 21 föreslå
624 743 132 28 antagandet
776 743 24 21 af
817 744 41 21 den
873 744 67 21 andra

193 779 125 21 sektionens
333 777 90 28 förslag,
440 777 127 29 öfvertygad
582 779 38 25 att,
636 785 34 14 om
685 778 158 21 bondeståndet
853 780 38 26 gör
902 779 37 20 nå-

193 816 38 26 got
246 812 159 29 medgifvande,
421 812 26 21 de
463 812 66 21 andra
545 812 91 21 stånden
652 812 64 22 äfven
732 813 58 20 skola
807 813 87 21 komma
905 820 34 14 oss

192 849 33 20 till
245 849 76 20 mötes.
352 847 163 21 Bondeståndet
535 847 109 28 uppoffrar
663 846 125 29 derigenom
804 847 51 28 föga
869 847 24 21 af
906 848 32 21 sin

192 883 116 28 rättighet,
329 888 49 15 men
399 881 87 28 frågans
506 881 86 28 lösning
606 882 29 27 på
650 888 27 14 en
692 881 129 22 kommande
837 881 104 30 landtdag

193 917 72 21 blefve
281 917 126 27 derigenom
422 916 85 21 lättare.
537 916 75 21 Skulle
628 915 60 22 detta
704 916 81 28 förslag
795 918 97 26 antagas,
908 917 31 20 fö-

193 952 68 21 reslår
281 952 39 27 jag
340 953 32 18 att
392 950 7 20 i
419 957 90 21 morgon
530 957 27 14 en
577 950 34 21 väl
627 950 120 21 motiverad
762 950 131 29 inbjudning
908 951 31 20 af-

193 986 77 21 sändes
286 985 33 21 till
336 985 25 21 de
376 985 68 20 andra
459 985 96 20 stånden.

259 1019 220 28 Landtdagsmannen
491 1019 108 21 Simolin
611 1019 83 27 trodde,
706 1021 32 19 att
746 1019 36 22 det
790 1026 76 15 senare
875 1020 64 21 alter-

192 1055 83 21 nativet
285 1054 49 21 icke
344 1054 86 21 komme
442 1056 31 19 att
484 1055 89 26 antagas
586 1053 24 22 af
621 1053 26 21 de
661 1054 69 27 öfriga
739 1054 91 21 stånden
839 1057 56 19 samt
905 1062 33 21 yr-

191 1089 56 21 kade
259 1089 94 26 derföre,
366 1090 32 19 att
411 1088 86 21 ståndet
508 1089 67 20 måtte
583 1087 103 22 vidblifva
695 1089 37 20 sitt
740 1088 59 21 förra
807 1089 72 20 beslut
887 1089 53 21 eller

193 1123 40 22 ock
243 1123 84 21 biträda
337 1123 161 27 ridderskapets
511 1123 40 20 och
564 1123 75 21 adelns
648 1123 78 26 beslut,
738 1123 48 21 med
798 1123 41 20 den
853 1124 24 20 af
885 1123 54 21 tala-

192 1165 37 15 ren
240 1158 126 27 föreslagna
376 1157 100 28 ändring,
492 1157 114 22 hvaröfver
617 1157 83 22 talaren
710 1158 77 27 påstod
798 1158 141 28 omröstning.

260 1192 221 27 Landtdagsmannen
501 1191 70 22 Keto
592 1192 100 21 förmälte
714 1192 32 27 sig
767 1192 7 20 i
789 1192 150 21 hufvudsaken

193 1234 52 15 vara
265 1234 51 15 ense
334 1227 49 21 med
399 1221 89 33 Östring
503 1234 35 14 om
554 1227 158 27 godkännande
728 1227 24 20 af
766 1227 36 20 det
817 1233 77 15 senare
909 1227 30 20 al-

193 1261 128 26 ternativet,
338 1260 67 21 ehuru
422 1261 82 20 talaren
520 1260 128 28 visserligen
664 1260 102 21 befarade
782 1262 31 19 att
829 1260 26 21 de
870 1261 70 28 öfriga

192 1295 90 21 stånden
299 1294 49 21 icke
361 1294 87 21 komme
463 1296 31 19 att
509 1296 80 27 antaga
603 1295 43 20 det.

259 1328 222 29 Landtdagsmannen
491 1329 156 22 Kotilainen
663 1330 75 21 trodde
750 1330 36 21 det
796 1337 50 14 vara
856 1330 84 29 lämpli-

191 1367 55 26 gast,
258 1366 32 19 att
298 1363 255 30 husbehofsbränningen
562 1364 124 27 bibehålles,
698 1364 50 22 med
756 1365 111 21 förkortad
875 1365 64 22 brän-

192 1399 97 28 ningstid
301 1399 24 21 af
336 1401 32 19 tre
377 1399 78 21 veckor
464 1399 39 21 och
511 1399 106 29 tjugufem
626 1400 84 27 kopeks
719 1400 58 21 skatt
786 1400 32 21 för
829 1400 44 21 k:n.
897 1400 42 21 Fa-

192 1434 169 30 briksbränning
372 1433 86 23 komme
468 1434 75 22 endast
551 1436 31 19 att
590 1434 64 22 hafva
663 1435 164 21 lönbrännerier
836 1435 33 21 till
877 1435 61 28 följd.
