1003 1711
205 119 42 22 904
487 123 36 17 Den
540 123 20 17 13
573 121 48 23 april.

245 185 45 21 För
310 184 41 21 den
371 183 124 22 hofsamhet
514 183 88 21 ståndet
619 181 102 28 iakttagit
739 180 68 22 under
823 180 47 21 sina
885 181 43 20 för-

177 219 138 28 handlingar,
335 219 34 20 för
387 219 37 21 det
442 217 111 28 välvilliga
568 215 129 22 bemötande
710 216 40 28 jag
765 217 56 25 rönt,
836 215 92 28 betygar

175 255 40 28 jag
235 254 45 21 min
298 260 74 15 varma
388 252 107 22 erkänsla.
524 251 34 22 De
574 250 66 22 hafva
654 251 33 21 för
703 250 45 29 mig
763 250 59 28 gjort
837 250 40 21 lätt
893 249 36 22 det

178 288 44 22 kall
238 288 45 28 mig
297 288 40 21 här
352 288 7 20 i
374 287 68 21 nåder
457 286 136 21 anförtrotts.

246 322 44 22 För
306 321 96 23 ståndets
418 321 65 22 ärade
499 321 81 21 talman
597 320 96 28 aflägger
706 320 39 28 jag
761 319 40 22 ock
813 320 46 20 min
870 319 59 21 tack-

179 357 85 22 samhet
286 357 34 21 för
343 356 42 22 den
404 356 97 28 enighet,
516 355 42 21 den
577 354 96 29 vänskap
689 354 40 22 och
745 354 37 22 det
796 354 133 28 förtroende,

179 399 46 14 som
241 392 93 22 emellan
348 398 35 14 oss
399 393 37 26 egt
450 398 55 14 rum.

247 426 50 22 Med
313 426 37 22 det
365 426 55 21 fasta
436 426 39 20 och
491 424 182 23 förtroendefulla
688 424 66 28 hopp,
770 425 31 20 att
816 424 79 28 många
906 424 24 21 år

178 461 49 21 icke
243 462 62 20 skola
320 461 63 28 förgå
398 461 66 21 innan
480 460 105 21 Finlands
600 458 136 23 bondestånd
752 459 46 21 åter
808 458 122 28 församlas,

178 496 122 22 innesluter
312 496 40 28 jag
367 496 45 28 mig
426 496 8 21 i
450 495 36 21 det
501 494 135 22 hedervärda
647 494 97 21 ståndets
755 494 40 21 och
806 494 48 21 dess
865 493 65 22 ärade

177 530 94 22 talmans
287 530 134 22 fortfarande
436 530 90 28 välvilja
542 530 40 21 och
597 528 122 29 hågkomst.

246 599 223 29 Landtdagsmannen
488 600 56 21 Erik
563 598 75 23 Klami
656 598 86 29 yttrade
758 599 34 28 sig
806 597 97 22 derefter
918 597 13 22 å

179 634 96 21 ståndets
292 635 82 27 vägnar
389 634 72 21 såsom
476 635 76 28 följer:
893 635 3 3 N

247 669 97 22 Oaktadt
365 669 45 22 min
431 669 63 29 ringa
516 669 106 29 förmåga,
642 669 40 20 har
700 669 39 28 jag
755 667 69 30 åtagit
839 667 45 29 mig
899 668 32 20 att

178 703 109 22 frambära
309 703 220 30 afskedshelsningen
549 704 33 22 till
603 704 133 26 talmannen,
757 702 90 23 emedan
863 703 67 28 ingen

179 746 72 15 annan
273 739 25 21 af
319 739 96 21 ständets
438 739 141 22 medlemmar
600 739 59 21 velat
678 740 54 27 göra
750 738 43 21 det.
821 737 45 22 För
881 737 50 22 mitt

178 774 42 21 tals
243 773 80 22 brister
346 773 38 22 ber
404 774 39 28 jag
462 774 86 22 derföre
562 774 29 29 pä
605 773 94 22 förhand
714 780 35 14 om
764 772 76 29 tillgift
855 772 24 21 af
893 772 38 21 vär

178 807 116 22 välaktade
316 808 89 28 talman,
428 809 24 20 af
472 809 98 22 ständets
588 808 119 29 högtärade
723 807 136 22 sekreterare
875 808 56 21 samt

179 843 50 21 hela
244 843 49 21 dess
309 843 78 21 kansli.

246 877 78 22 Redan
340 877 7 21 i
363 878 35 28 sju
412 878 116 21 mänaders
543 878 32 21 tid
590 877 65 22 hafva
670 877 21 21 vi
706 884 30 15 nu
751 877 68 22 under
834 878 38 21 vär
886 878 45 21 väl-

179 912 79 21 aktade
280 912 93 21 talmans
395 912 90 28 ledning
505 913 113 27 sysselsatt
633 919 35 15 oss
683 912 50 22 med
748 912 183 28 lagstiftningsät-

179 946 85 28 gärder.
293 946 41 22 Att
353 947 21 21 vi
393 947 35 21 för
447 947 60 21 detta
521 946 123 30 äliggande,
660 947 53 21 hvar
728 947 13 21 &
756 946 33 22 sin
805 947 53 27 sida,
874 947 57 21 varit

178 981 145 22 oförberedda
342 981 40 21 och
402 988 76 21 ovana,
499 982 62 21 torde
581 982 20 28 ej
617 981 105 21 förundra
736 982 81 28 någon,
832 988 46 14 som
894 984 37 19 vet

179 1016 32 20 att
231 1016 48 21 värt
299 1016 63 21 ständ
377 1016 69 22 under
461 1018 100 20 närmare
577 1023 38 15 sex
630 1016 118 22 decennier
764 1016 77 22 saknat
857 1016 74 22 delak-

179 1050 70 28 tighet
269 1050 7 21 i
294 1050 40 21 allt
351 1050 57 22 hvad
422 1050 34 22 till
470 1051 139 29 lagstiftning
624 1051 71 21 hörer.
725 1051 52 21 Men
792 1051 50 21 med
856 1051 75 29 glädje

179 1084 41 21 och
235 1084 190 22 tillfredsställelse
440 1085 33 21 fär
486 1087 39 27 jag
541 1086 63 22 tacka
619 1086 38 21 vär
671 1085 117 22 välaktade
803 1086 82 21 talman
896 1086 35 23 för

179 1117 42 22 don
235 1118 151 29 tälmodighet,
404 1119 105 22 hvarmed
523 1120 44 21 han
582 1120 84 21 bemött
681 1120 39 21 vär
735 1120 140 21 oerfarenhet
890 1121 40 20 och

179 1158 76 16 ovana.
275 1152 83 22 Likasä
371 1154 25 20 är
410 1154 87 21 ständet
512 1154 80 22 honom
603 1154 50 21 tack
663 1154 97 28 skyldigt
770 1154 34 22 för
814 1154 42 22 den
867 1162 63 20 opar-

179 1186 88 28 tiskhet,
286 1186 104 22 hvarmed
407 1188 44 21 han
466 1188 69 22 under
550 1188 49 22 dess
615 1188 166 30 förhandlingar
796 1189 39 21 har
850 1189 79 22 iaktta-

178 1220 33 29 git
225 1221 94 29 sanning
334 1222 41 21 och
389 1223 51 20 rätt.

245 1256 207 27 Menniskoslägtets
466 1257 98 28 verkliga
575 1257 197 21 framätskridande
782 1258 64 20 beror
857 1258 24 21 af
889 1258 40 21 fol-

177 1288 54 21 kens
239 1288 138 28 rättskänsla,
387 1290 23 20 af
416 1290 101 28 lagarnes
524 1291 163 27 helighällande
696 1291 41 21 och
744 1292 25 20 af
775 1292 100 22 troheten
883 1294 46 20 mot

176 1321 150 23 fosterlandet.
355 1323 36 22 Nu
406 1323 66 23 hafva
482 1324 21 22 vi
514 1325 36 22 det
561 1325 64 22 säkra
635 1325 65 29 hopp,
712 1328 32 20 att
753 1326 105 22 Finlands
870 1329 59 20 stän-

176 1356 40 22 der
231 1357 55 21 efter
301 1358 78 22 trenne
394 1359 24 21 år
433 1360 47 21 åter
496 1360 61 22 skola
567 1360 87 23 komma
664 1361 151 23 tillsammans.
839 1362 89 23 Okändt

176 1392 25 20 är
215 1391 74 23 hvilka
304 1392 25 21 af
342 1400 35 14 oss
392 1393 28 22 dä
435 1394 64 22 träffa
513 1395 129 29 hvarandra,
658 1396 81 22 okändt
752 1404 35 14 om
798 1404 39 15 ens
847 1398 79 29 nägon.

176 1426 68 21 Detta
259 1426 94 23 behöfva
367 1428 22 21 vi
403 1427 56 24 dock
474 1429 20 29 ej
510 1431 57 28 veta,
582 1430 53 29 vilja
650 1430 37 22 det
702 1431 20 29 ej
739 1431 75 23 heller.
843 1433 52 22 Men
905 1434 23 25 vi
