981 1709
218 129 41 22 784
502 136 38 17 Den
552 136 11 16 9
575 135 48 23 april.

190 197 34 19 sta
244 195 120 21 momentet
386 194 69 22 skulle
479 194 81 22 erhålla
577 194 96 28 följande
688 194 91 28 lydelse:
803 187 46 33 ,Är
864 194 70 22 ordfö-

189 229 68 22 rande
272 228 41 22 och
327 228 48 22 dess
392 229 114 29 suppleant
519 228 150 28 frånvarande,
685 228 48 22 mä*
749 230 40 20 ete.

531 293 12 27 8
560 292 33 21 15.

258 332 97 23 Gillades
378 333 50 21 med
449 332 76 29 tillägg
544 332 24 22 af
585 332 61 22 ordet
662 332 115 27 ,sednast*
793 332 46 22 före
855 332 79 21 tidsbe-

190 368 139 28 stämningen
344 367 95 29 ,fjorton
455 367 86 28 dagar."

532 430 12 28 8
561 430 32 22 16.

258 471 78 22 Bifölls
351 472 53 20 utan
419 471 98 28 ändring.

532 534 11 28 8
560 534 32 21 17.

258 576 85 27 Antogs
365 574 50 22 med
436 574 144 29 bestämning,
603 575 31 20 att
653 574 72 22 dertill
743 574 70 22 skulle
828 574 62 29 fogas
906 575 31 21 ett

190 616 65 16 mom.
271 610 24 21 af
307 610 96 28 följande
419 609 106 21 innehäll:

259 644 96 28 »Finner
369 643 213 29 bevillningskomitö
597 644 34 20 för
645 643 136 29 fullgörande
796 644 24 21 af
833 644 38 20 sitt
883 644 53 28 älig-

191 679 70 29 gande
276 678 83 28 nödigt,
375 680 32 19 att
421 678 50 22 frän
485 678 137 22 embetsverk
635 678 53 21 eller
698 679 132 27 tjenstemän
839 679 98 21 inhemta

192 716 100 19 närmare
307 713 110 29 uppgifter
433 713 40 21 och
487 713 164 29 upplysningar,
668 713 55 21 böra
737 714 62 20 dessa
815 713 122 29 ofördröjli-

192 756 41 22 gen
252 755 79 22 genom
348 748 108 22 komitöns
475 748 129 22 ordförande
619 748 106 22 infordras
741 748 41 22 och
797 749 24 21 af
833 748 103 22 vederbö-

191 784 67 21 rande
272 783 97 22 komiten
384 783 181 21 tillhandahållas.
596 783 130 21 Underläter
737 783 137 21 embetsverk
885 783 53 21 eller

190 819 133 28 tjensteman
339 819 30 20 att
383 817 100 22 meddela
498 817 79 29 dylika,
593 817 33 21 för
641 818 212 28 bevillningskomit&
871 818 66 21 erfor-

192 854 83 28 derliga
294 852 111 30 uppgifter
425 853 40 21 och
479 852 164 30 upplysningar,
659 852 53 22 eller
727 852 107 30 fördröjer
849 852 89 23 dermed

192 888 147 29 otillbörligen
359 888 54 22 eller
432 888 103 22 aflemnar
551 888 49 21 dem
614 888 139 28 bristfälliga,
768 895 51 15 vare
834 888 104 22 vederbö-

192 924 66 21 rande
274 923 85 22 derföre
375 922 101 22 förfallne
492 923 33 21 till
540 930 79 14 ansvar
634 923 71 21 säsom
720 923 33 21 för
764 930 71 14 annan
846 923 92 21 försum-

192 958 68 21 melse
276 958 7 21 i
299 958 116 28 tjensten.*

456 1009 25 29 $$
498 1010 31 27 18,
547 1010 25 21 19
588 998 39 33 och
643 1010 34 21 20.

261 1044 138 22 Godkändes.

535 1090 12 28 g
563 1091 33 20 21.

260 1130 57 22 Utur
330 1130 71 22 denna
415 1131 12 27 $
442 1130 69 22 skulle
522 1130 53 22 sista
584 1130 127 28 meningen:
723 1130 83 27 ,Innan
816 1130 124 28 pröfnings-

193 1164 97 22 komitön
307 1166 41 20 ete.
364 1178 27 3 —
407 1165 121 21 tillställas*
546 1165 112 24 uteslutas,
679 1165 39 21 och
738 1164 7 22 i
766 1165 72 21 stället
857 1166 83 20 införas

194 1199 106 29 följande:
323 1199 164 29 ,Magistraten,
511 1200 173 28 ordningsrätten
708 1200 53 20 eller
784 1200 129 21 ordförande
932 1200 8 21 i

194 1233 135 22 kommunal-
345 1234 53 21 eller
412 1234 173 22 sockenstämma
595 1234 62 21 skola
667 1234 95 20 derefter
773 1234 90 20 insända
873 1234 66 20 hand-

193 1267 101 27 lingarna
309 1267 34 20 till
358 1267 157 28 länestyrelsen
527 1267 24 21 sä
560 1267 71 28 tidigt,
642 1268 32 20 att
683 1267 27 21 de
719 1266 69 22 hinna
797 1267 143 21 framkomma

194 1300 47 21 före
256 1300 42 21 den
314 1300 42 29 dag
370 1301 70 21 länets
455 1300 195 30 pröfningskomit6
666 1301 191 22 sammanträder."

537 1366 12 27 s
563 1365 34 21 22.

262 1405 12 21 I
288 1404 73 22 stället
373 1404 34 22 för
418 1405 52 21 sista
479 1406 125 28 meningen,
615 1412 46 15 som
671 1404 66 24 borde
748 1405 112 29 uteslutas,
871 1405 69 23 skulle

195 1440 86 28 intagas
297 1440 37 21 det
349 1440 23 21 af
385 1440 116 22 statsrådet
515 1448 42 14 von
573 1440 59 22 Born
647 1441 7 21 i
669 1441 106 21 utskottet
786 1442 155 22 reservations-
