992 1709
216 136 42 20 842
446 147 5 3 +
472 134 14 33 —
496 142 37 16 Den
549 141 21 16 12
583 141 48 22 april.

254 200 122 22 Fortsattes
397 198 150 24 diskussionen
568 207 35 14 om
619 200 220 22 ekonomiutskottets
855 201 82 27 förslag

187 236 33 20 till
236 235 212 28 sammanjemkning
464 235 24 21 af
501 236 102 20 ständens
619 235 126 28 skiljaktiga
760 236 72 20 beslut
845 236 8 20 i
863 236 73 20 anled-

186 270 54 28 ning
255 270 25 21 af
292 270 80 28 nädiga
386 270 164 28 propositionen
561 270 112 28 angäende
683 270 77 28 anslag
770 270 33 22 till
813 270 123 23 inrättande

186 304 24 22 af
221 304 120 22 folkskolor
356 311 28 14 m.
400 312 28 12 m.

254 338 103 22 Rörande
379 338 77 29 anslag
478 339 33 21 till
533 346 27 14 en
576 340 94 27 jernväg
688 340 48 21 frän
753 340 135 21 Tavastehus
903 339 34 21 till

186 374 154 21 Tammerfors.

254 408 222 28 Landtdagsmannen
496 408 194 28 Kumpulainen
711 410 77 27 ansäg,
808 410 32 20 att
860 409 77 29 anslag

185 444 33 20 till
241 443 77 21 äskadt
341 443 79 28 belopp
442 443 66 21 borde
531 443 92 28 beviljas
641 444 34 20 till
695 451 26 14 en
734 444 94 28 jernväg
843 444 93 21 emellan

186 478 134 21 Tavastehus
341 478 39 21 och
400 478 155 21 Tammerfors.
585 478 62 21 Dock
666 478 67 22 borde
749 480 123 27 jernvägen
887 479 48 21 frän

185 512 120 22 Riihimäki
320 512 34 22 till
368 512 77 21 Lahtis
460 512 54 22 först
529 513 112 27 anläggas,
660 513 90 21 såframt
765 514 20 28 ej
801 514 71 20 medel
887 514 48 20 fun-

184 554 39 14 nes
238 549 32 19 att
286 547 110 28 samtidigt
411 547 99 28 företaga
526 547 125 28 byggandet
665 548 24 20 af
702 548 69 28 begge
781 549 153 27 jernvägarne.

253 581 222 28 Landtdagsmannen
496 582 182 21 Teräsrautila
698 582 51 21 ville
769 584 31 20 att
818 583 117 21 utskottets
954 602 3 3 .

182 616 210 28 jemkningsförslag
410 616 113 28 angående
539 616 122 28 jernvägen
677 616 258 22 Tavastehus-Tammer-

184 651 44 21 fors
247 650 70 21 skulle
336 651 97 27 antagas,
449 650 40 22 och
504 650 85 22 säledes
605 651 71 21 denna
691 653 42 26 väg
749 651 81 29 byggas
846 651 45 21 förr
907 652 27 20 än

182 686 121 27 jernvägen
318 685 48 21 frän
382 684 120 22 Riihimäki
518 685 33 21 till
566 685 84 21 Lahtis.

253 719 222 28 Landtdagsmannen
492 714 118 34 Östring:
633 720 40 20 Att
688 727 57 19 man,
761 720 27 22 dä
804 720 61 28 fräga
880 721 56 21 varit

184 761 35 15 om
232 754 108 28 jernbana
355 754 47 21 frän
418 754 135 21 Tavastehus
568 754 33 20 till
617 754 154 27 Tammerfors,
782 755 73 21 anfört
865 756 70 20 säsom

185 789 47 21 skäl
248 790 58 20 emot
322 788 48 26 den,
385 790 32 18 att
432 788 211 27 Tammerfors
592 784 54 36 stad
657 789 49 21 icke
721 789 67 21 borde
804 790 90 21 sälunda
905 790 30 21 vi-

185 824 51 20 dare
256 822 150 27 understödas,
426 824 52 20 enär
493 823 41 21 den
550 823 67 21 redan
633 824 82 27 ätnjöte
731 824 147 28 fördelaktiga
893 825 42 28 pri-

184 858 98 28 vilegier.
312 857 93 21 Talaren
420 857 50 22 ville
486 858 97 21 deremot
598 858 111 27 anmärka,
725 860 32 20 att
773 859 19 27 ej
809 859 49 21 hela
871 859 64 22 Tam-

184 893 92 21 merfors
296 892 54 26 stad,
368 893 53 19 utan
437 892 75 21 endast
528 893 68 27 nägra
611 894 103 26 patroner
729 893 55 21 hade
800 900 58 21 gagn
873 894 24 21 af
909 894 26 21 de

184 926 119 22 klandrade
319 926 161 28 privilegierna,
496 927 40 21 och
551 928 32 20 att
599 927 36 21 det
651 928 19 27 ej
689 934 50 14 vore
753 928 80 28 skäligt
844 930 31 19 att
887 928 49 22 hela

184 961 126 21 landsorten
326 961 86 21 komme
427 962 32 20 att
474 962 43 20 lida
527 961 34 21 för
571 961 63 22 dessa
644 962 137 28 privilegiers
792 962 63 21 skull.
872 963 63 21 Jern-

184 997 70 26 vägen
277 995 33 21 till
333 995 147 21 Tammerfors
501 996 72 21 blefve
589 996 77 28 början
682 996 33 21 till
731 1003 27 14 en
775 997 112 21 stambana
902 998 32 20 till

184 1025 149 27 Österbotten.
364 1030 93 21 Talaren
479 1030 72 21 kunde
572 1031 19 27 ej
613 1031 54 27 inse,
683 1031 100 21 hvarföre
799 1039 49 13 man
865 1032 70 21 skulle

183 1066 73 27 bygga
276 1065 94 27 jernväg
391 1064 34 21 till
447 1064 83 28 Lahtis,
553 1065 34 21 för
609 1067 32 19 att
661 1072 72 21 gagna
751 1066 104 26 fabriker,
871 1066 64 28 sägar

184 1107 28 13 m.
228 1106 42 20 :m.,
293 1099 28 27 pä
340 1098 84 22 hvilkas
445 1099 136 28 anläggande
596 1106 51 14 man
663 1100 118 28 hoppades,
798 1100 45 21 förr
858 1102 27 19 än
902 1101 33 21 till

184 1133 154 26 Tammerfors,
355 1133 38 21 der
408 1140 27 14 en
451 1134 80 27 mängd
546 1134 97 23 fabriker
657 1134 68 21 redan
739 1134 69 21 finnas
819 1135 40 21 och
867 1136 67 20 rörel-

184 1175 39 14 sen
241 1174 51 15 vore
307 1167 49 21 vida
372 1169 70 19 större
458 1170 27 18 än
500 1168 7 20 i
522 1168 89 21 trakten
625 1168 24 21 af
660 1168 99 28 Päijäne.
790 1169 93 21 Talaren
899 1177 35 21 yr-

184 1202 55 22 kade
255 1202 93 26 derföre,
364 1204 31 18 att
408 1202 232 28 jemkningsförslaget
655 1203 72 21 kunde
743 1205 98 26 antagas.

251 1236 223 28 Landtdagsmannen
491 1236 103 22 Klami:
611 1237 40 20 Att
667 1237 36 21 det
719 1239 58 19 ännu
792 1244 51 14 vore
859 1238 34 20 för
908 1238 26 21 ti-

184 1270 46 28 digt
250 1271 32 20 att
302 1270 43 20 tala
365 1270 81 26 derom,
465 1270 73 21 hvilka
555 1270 118 28 jernvägar
688 1270 7 21 i
704 1270 81 21 landet
801 1271 86 23 komme
903 1273 31 19 att

183 1310 63 15 anses
262 1304 34 21 för
311 1304 131 20 stambanor.
472 1304 108 21 Rörelsen
595 1305 28 27 pä
638 1311 27 14 en
678 1305 93 27 jernväg
787 1306 94 20 emellan
892 1306 41 21 Ta-

183 1339 102 21 vastehus
304 1338 40 22 och
363 1339 148 21 Tammerfors
529 1339 72 21 blefve
621 1340 20 28 ej
657 1340 24 21 sä
696 1340 104 28 betydlig,
816 1342 32 19 att
863 1342 70 27 vägen

183 1374 85 21 derföre
291 1374 72 21 kunde
386 1374 70 21 kallas
479 1382 26 13 en
525 1374 119 22 stambana.
674 1374 44 22 Det
734 1375 55 21 hade
804 1376 7 20 i
826 1376 108 21 utskottet

183 1408 120 27 uträknats,
312 1410 32 19 att
359 1409 39 21 allt
412 1408 58 22 hvad
485 1416 45 14 som
546 1409 140 21 tillverkades
697 1410 5 20 i
715 1410 125 21 fabrikerna
850 1410 7 21 i
869 1410 64 21 Tam-

183 1444 91 22 merfors
289 1444 73 22 kunde
378 1444 77 23 forslas
471 1444 48 24 med
535 1444 30 23 tio
581 1444 86 31 bantäg.
702 1444 41 26 Om
760 1445 134 29 anläggning
911 1445 25 22 af
