986 1703
205 128 42 20 812
480 132 36 17 Den
530 133 19 16 41
563 133 51 21 april.

384 197 49 21 Den
448 197 26 20 11
490 197 67 28 april,
574 197 88 21 klockan
678 196 27 22 10
713 196 51 29 före
778 197 116 28 middagen.

244 259 137 23 Protokollet
397 259 72 22 fördes
491 259 24 21 af
532 259 162 21 undertecknad
710 259 90 22 hist.-fil.
819 259 106 22 kandidat

176 295 40 22 och
232 294 172 23 extraordinarie
419 293 153 29 senatskopist.

244 363 123 27 Föredrogs
386 362 155 28 lagutskottets
560 362 138 21 betänkande
719 369 35 14 n:o
774 363 33 26 24,
825 362 8 21 i
852 362 73 22 anled-

176 399 54 27 ning
245 398 24 22 af
282 397 79 28 nådiga
376 397 164 27 propositionen
555 403 36 15 n:o
607 397 33 27 22,
654 396 93 22 rörande
763 396 37 22 det
810 396 24 22 af
842 404 27 14 en
881 398 43 20 sär-

177 432 67 22 skildt
265 431 85 21 nedsatt
372 430 82 22 komité
478 431 126 21 utarbetade
626 431 82 27 förslag
728 430 34 21 till
777 438 29 20 ny
819 431 107 28 kyrkolag

149 466 5 2 ”
177 468 33 20 för
226 467 26 21 de
268 465 249 29 evangelisk-lutherska
531 465 181 27 församlingarne
728 465 8 20 i
750 464 81 22 landet.

244 499 221 29 Landtdagsmannen
486 498 110 22 Simolin
611 498 82 28 yrkade
708 500 32 20 att
755 499 86 21 ståndet
856 500 68 20 måtte

176 536 76 20 förena
272 535 33 27 sig
325 534 30 20 uti
371 533 171 28 prestaståndets
557 532 8 22 i
581 532 67 22 saken
663 533 82 21 fattade
760 533 78 27 beslut,
853 533 71 21 hvari-

176 576 79 22 genom
270 569 77 28 frågan
362 568 133 28 uppskjutits
511 568 33 20 till
559 568 63 20 nästa
635 567 110 29 landtdag,
757 568 40 21 och
807 567 71 21 tillika
888 568 37 20 be-

178 606 76 20 stämts
276 605 32 20 att
330 610 27 14 en
379 602 82 21 komité
484 602 66 22 borde
573 601 118 28 nedsättas,
710 602 33 21 för
762 603 31 20 att
807 604 119 26 yttermera

178 639 94 28 granska
286 637 219 29 kyrkolagförslaget.

245 671 221 28 Landtdagsmannen
481 670 127 22 Puhakka
623 671 68 27 ansåg
706 670 36 22 det
757 671 48 21 icke
821 678 52 14 vara
888 672 38 20 nö-

177 708 53 28 digt,
252 708 32 20 att
305 705 212 28 kyrkolagförslaget
539 706 119 27 yttermera
679 704 159 22 underställdes
854 712 26 14 en
896 712 30 21 ny

177 740 94 23 komités
293 740 141 28 granskning.
463 739 87 28 Frågan
570 739 56 21 hade
646 739 103 21 förevarit
764 739 8 21 i
787 740 36 21 det
842 740 84 21 utskott

178 776 23 21 af
214 775 85 22 landets
315 773 93 27 ständer,
424 780 47 15 som
487 773 156 21 sammanträdt
658 774 7 20 i
678 773 88 28 januari
783 774 60 27 1862,
863 774 62 21 hvar-

178 810 55 21 efter
256 809 41 21 den
321 808 123 22 bearbetats
464 808 24 21 af
504 814 27 14 en
548 808 102 21 särskildt
665 808 87 21 nedsatt
766 808 89 28 komité,
871 810 55 20 samt

178 844 104 28 slutligen
302 843 23 21 af
340 842 150 28 lagutskottet.
519 841 98 22 Emedan
636 842 143 22 förevarande
794 842 62 28 fråga
871 843 55 21 såle-

178 878 38 22 des
239 884 50 15 vore
310 876 128 29 tillräckligt
457 876 122 28 förberedd,
598 876 81 28 yrkade
695 877 84 21 talaren
794 878 31 20 att
841 877 86 22 ståndet

178 914 68 20 måtte
261 912 85 21 biträda
361 911 37 21 det
413 911 78 27 beslut,
506 910 62 22 hvari
584 910 151 29 ridderskapet
749 911 40 21 och
800 911 64 21 adeln
875 912 8 20 i
894 919 32 14 sa-

178 948 44 20 ken
244 948 94 24 stannat,
362 945 52 21 eller
437 946 41 20 ock
496 947 32 19 att
547 945 149 21 betänkandet
711 944 71 22 skulle
796 946 131 28 bordläggas

178 982 28 28 på
221 982 73 27 någon
309 980 38 26 tid,
362 980 24 20 så
402 981 31 19 att
448 979 96 21 ståndets
559 979 142 21 medlemmar
716 980 86 21 komme
807 975 13 39 i
840 980 86 21 tillfälle

178 1017 32 20 att
226 1017 51 26 taga
292 1016 99 19 närmare
407 1013 122 21 kännedom
544 1020 35 14 om
595 1013 126 21 detsamma.

246 1047 153 24 Betänkandet
413 1047 120 22 bordlades.

246 1116 123 28 Föredrogs
380 1117 156 20 sammansatta
545 1115 47 28 lag-
603 1115 40 22 och
654 1115 220 22 ekonomiutskottets
884 1116 43 21 för-

180 1152 47 27 slag
242 1151 33 21 till
290 1150 211 28 sammanjemkning
516 1150 24 21 af
553 1149 102 22 ståndens
670 1149 60 22 olika
744 1149 78 27 beslut,
836 1150 7 21 i
854 1150 73 21 anled-

180 1186 53 27 ning
255 1185 23 20 af
298 1184 79 28 nådiga
400 1183 163 29 propositionen
582 1183 112 28 angående
714 1184 158 28 egostyckning
887 1184 40 21 och

177 1219 179 28 jordafsöndring
375 1218 13 21 &
407 1217 75 22 frälse-
501 1218 40 21 och
557 1217 180 28 skattehemman,
754 1219 55 20 samt
824 1218 103 27 legoaftal

181 1259 34 14 om
231 1253 71 26 någon
318 1251 35 21 del
368 1251 24 20 af
405 1251 56 20 slika
475 1251 134 28 lägenheter.

533 1313 12 28 8
560 1313 19 21 8.

248 1353 220 29 Landtdagsmannen
487 1354 80 21 Leino
584 1353 114 29 godkände
714 1354 117 21 utskottets
847 1354 81 29 förslag

181 1389 33 22 till
234 1389 71 22 denna
324 1389 11 28 $
355 1389 7 21 i
383 1388 73 28 öfrigt,
471 1395 49 15 men
536 1388 67 28 ansåg
618 1390 32 19 att
664 1388 128 29 afsöndring
807 1389 23 20 af
843 1389 84 21 mindre

181 1423 35 23 del
234 1425 28 20 än
277 1423 49 30 fyra
340 1423 106 22 tunnland
461 1423 66 22 borde
543 1423 119 29 medgifvas
678 1423 7 21 i
701 1423 102 22 afseende
819 1423 12 22 &
846 1423 81 29 urfjäll.
