1000 1709
374 120 38 17 Den
425 120 21 18 12
457 120 36 22 jan.
771 114 14 22 7

128 180 221 29 Landtdagsmannen
363 180 192 22 Liimatainen
570 187 39 16 var
621 186 53 17 ense
688 180 52 22 med
754 180 57 22 före-

62 214 84 29 gäende
162 216 105 20 talarene.
465 236 3 3 .

130 249 222 28 Landtdagsmannen
367 249 120 29 Hagman
502 249 69 29 ansäg
580 250 33 21 att
623 256 51 15 man
684 249 49 22 icke
743 249 67 22 borde

61 284 77 28 frängä
158 284 38 21 sitt
216 285 58 20 förut
294 285 82 21 fattade
396 285 81 26 beslut,
500 284 83 22 hvilket
599 285 70 27 enligt
683 284 55 21 hans
754 284 57 28 äsigt

62 325 51 14 vore
133 318 48 22 bäst
202 319 236 21 öfverensstämmande
458 319 50 21 med
528 319 107 28 gvinnans
651 325 69 15 sanna
734 318 76 22 fördel.

61 353 118 22 Dessutom
194 353 73 22 kunde
280 354 26 28 ju
321 353 27 22 de
363 353 68 22 andra
447 353 90 22 ständen
552 353 70 22 hellre
632 353 77 22 förena
719 353 33 28 sig
762 353 50 22 med

62 387 169 28 bondeständet,
254 388 83 22 hvilket
355 388 63 21 ständ
433 395 51 15 vore
500 388 37 21 det
552 387 124 28 talrikaste;
698 395 52 14 men
765 395 47 14 som

62 423 61 21 detta
143 422 95 29 troligen
258 423 48 26 icke
327 423 92 27 skedde,
442 423 82 28 yrkade
539 423 84 22 talaren
639 422 125 22 återremiss
777 422 34 22 till

61 457 151 28 lagutskottet.

130 492 221 29 Landtdagsmannen
367 492 158 29 Warpenius
541 492 104 22 förenade
655 493 35 28 sig
704 493 8 20 i
726 491 85 22 ridder-

62 527 89 28 skapets
174 527 40 21 och
232 527 75 22 adelns
324 527 73 22 beslut
415 529 55 20 samt
490 527 49 22 med
555 527 26 21 de
600 527 69 22 talare
688 533 46 15 som
748 526 64 29 gillat

62 561 130 28 detsamma,
208 561 92 22 emedan
315 561 43 22 han
374 562 48 21 icke
437 562 62 28 insåg
514 561 102 22 hvarföre
629 561 96 28 qvinnan
735 561 77 28 längre

61 596 31 21 tid
107 597 28 20 än
150 603 94 14 mannen
260 596 70 22 skulle
345 596 69 21 hållas
429 597 8 20 i
452 595 258 30 omyndighetstillstånd.

129 631 223 28 Landtdagsmannen
374 631 100 21 Määttä
495 637 38 16 var
552 630 24 22 af
593 637 82 15 samma
690 630 58 29 åsigt
763 637 46 21 som

62 666 113 28 Hagman,
199 667 31 20 att
246 665 86 22 ståndet
347 665 66 21 borde
429 665 104 22 vidblifva
548 665 38 22 sitt
601 665 60 21 förra
675 665 79 26 beslut,
774 671 37 15 an-

63 700 119 21 märkande
197 700 71 21 tillika
283 702 33 19 att
331 700 118 28 ändringar
465 700 70 21 skulle
550 699 49 22 leda
614 699 33 22 till
661 699 73 22 oreda.

130 734 222 28 Landtdagsmannen
367 733 152 29 Mynttinen
534 740 39 15 var
587 739 53 16 ense
650 733 51 22 med
710 733 102 28 Hagman

63 769 77 26 deruti,
156 770 32 20 att
203 769 37 21 det
255 769 60 21 förra
328 768 95 29 beslutet
436 768 67 22 borde
513 768 113 22 fasthållas
637 768 71 21 såsom
717 768 95 22 varande

62 803 109 28 grundadt
190 803 28 28 på
237 804 63 20 bästa
320 803 146 28 öfvertygelse
482 810 35 14 om
533 802 106 30 qvinnans
654 802 81 28 fördel,
757 804 57 20 samt

62 838 75 21 tillade
153 838 91 21 likasom
260 837 103 29 Hagman
378 839 32 20 att
425 837 159 22 bondeståndet
595 836 102 29 utgjorde
707 837 37 22 det
755 838 59 21 stora

64 873 94 21 flertalet
173 873 8 20 i
196 873 74 21 landet
284 873 41 21 och
340 872 94 21 behöfde
453 873 87 21 derföre
555 872 49 22 icke
619 871 74 29 lämpa
708 872 34 21 sin
757 865 57 35 åsigt

64 908 54 20 efter
138 908 68 27 något
224 909 68 20 annat
311 907 84 27 stånds,
418 909 52 19 utan
490 907 72 22 kunde
583 907 26 21 de
629 906 71 28 öfriga
720 907 92 22 stånden

63 942 69 21 hellre
148 942 76 21 förena
239 942 33 28 sig
288 941 50 23 med
352 941 165 22 bondeståndet.

132 975 222 30 Landtdagsmannen
370 976 107 21 Sinkko
495 976 105 21 förenade
615 976 34 28 sig
662 975 50 22 med
727 975 87 22 Brusila

65 1011 40 21 och
120 1011 124 28 Mynttinen
259 1011 32 21 uti
306 1012 33 20 att
353 1011 36 20 det
404 1011 59 21 förra
478 1011 95 21 beslutet
587 1010 67 21 borde
670 1010 113 22 vidhållas.

132 1045 223 28 Landtdagsmannen
371 1045 86 21 Klami
473 1045 100 24 erinrade
589 1046 32 20 att
637 1044 86 22 ståndet
737 1044 8 21 i
756 1045 57 20 stän-

65 1081 78 20 dernas
158 1080 195 29 lagstiftningsrätt
367 1079 55 22 hade
439 1079 75 22 endast
529 1086 28 15 en
573 1079 117 28 fjerdedel,
713 1079 102 21 hvarföre

65 1115 37 20 det
121 1121 51 14 vore
193 1116 57 20 orätt
270 1116 32 19 att
322 1115 96 27 åberopa
433 1114 34 28 sig
481 1115 28 28 på
522 1113 123 30 pluralitet,
668 1115 56 20 samt
739 1113 75 21 tillade

66 1151 32 19 att
113 1149 37 21 det
164 1156 30 15 nu
208 1156 52 17 vore
275 1151 57 20 rätta
347 1148 130 29 tidpunkten
493 1150 31 19 att
539 1149 77 21 förena
634 1148 34 28 sig
683 1147 51 22 med
748 1147 67 28 något

66 1185 68 19 annat
148 1183 74 27 stånd,
238 1183 101 27 emedan,
356 1189 35 14 om
405 1183 77 28 hvarje
497 1182 64 21 stånd
577 1182 69 21 skulle
661 1181 105 22 vidblifva
777 1181 38 21 sitt

65 1217 83 27 beslut,
168 1217 71 21 såsom
255 1224 29 15 nu
298 1217 105 28 påyrkats
419 1217 39 21 och
473 1217 8 20 i
496 1217 107 21 utskottet
617 1213 72 24 äfven
697 1215 59 22 olika
770 1222 44 15 me-

65 1252 79 27 ningar
160 1251 76 29 gjorde
252 1252 34 28 sig
300 1251 113 28 gällande,
431 1251 72 22 kunde
524 1251 63 21 deraf
600 1250 55 29 följa
670 1252 33 20 att
717 1250 51 22 hela
782 1257 33 15 sa-

67 1287 43 21 ken
131 1285 70 27 skulle
221 1285 93 23 förfalla.
344 1285 65 23 Hvad
423 1285 191 29 borgareståndets
629 1285 73 22 beslut
717 1285 98 22 vidkom-

67 1328 54 20 mer,
144 1320 24 22 så
186 1321 67 27 ansåg
268 1321 83 21 talaren
368 1320 120 22 detsamma
502 1320 129 28 visserligen
645 1327 53 15 vara
713 1322 56 20 mest
784 1320 31 22 öf-

67 1354 215 21 verensstämmande
302 1354 49 21 med
371 1354 180 26 bondeståndets,
570 1360 51 14 men
636 1354 49 20 icke
701 1353 24 21 så
740 1355 76 26 antag-

67 1388 41 28 ligt
130 1394 47 15 som
199 1387 163 29 ridderskapets
381 1388 40 20 och
439 1387 82 21 adelns.
550 1386 176 22 Prestaståndets
744 1387 73 21 beslut

68 1422 99 22 deremot
180 1424 73 26 syntes
264 1422 85 22 talaren
364 1422 117 22 tvärtemot
494 1421 58 23 hvad
566 1421 90 22 Tiainen
671 1421 57 22 hade
737 1423 79 27 yttrat,
