964 1700
203 119 41 19 296
485 125 36 15 Den
536 125 21 16 19
570 124 41 17 febr.

173 182 50 21 lust.
256 182 94 21 Talaren
370 182 50 22 ville
441 182 85 22 derföre
547 185 30 18 att
597 182 138 28 godtgörelse
755 182 34 21 för
809 183 110 21 betesska-

174 215 41 22 dan
231 216 67 21 borde
313 217 89 20 utsökas
416 216 8 21 i
438 216 50 27 laga
503 216 98 28 ordning,
618 216 70 21 säsom
704 223 71 14 annan
791 217 128 27 ersättning,

174 256 50 15 men
240 250 47 21 icke
303 251 86 26 uttagas
405 250 89 21 sälunda
513 252 33 19 att
566 250 48 27 den,
635 247 45 24 som
699 250 48 21 lidit
762 250 87 28 skadan,
866 251 54 28 egde

173 283 76 29 intaga
269 285 112 20 kreaturet
401 285 39 21 och
461 285 85 21 behälla
566 285 37 20 det
622 285 71 21 säsom
708 285 132 28 underpant,
857 287 62 25 samt,

173 318 47 21 ifall
243 319 138 28 godtgörelse
401 320 28 27 pä
448 322 66 18 annat
534 320 43 21 sätt
597 319 19 28 ej
637 319 106 27 erhölles,
765 319 45 22 låta
825 320 36 21 det
876 320 43 21 för-

175 353 60 28 sälja.

241 388 221 28 Landtdagsmannen
484 387 85 22 Klami
591 395 38 14 var
652 388 24 21 af
694 395 81 14 samma
795 389 56 27 äsigt
874 396 46 14 som

174 421 141 22 Kontiainen.
349 421 214 28 Egenhandsrätten,
585 422 88 21 hvilken
694 422 7 20 i
722 422 65 28 öfrigt
811 429 38 15 var
872 423 47 20 stri-

174 456 71 21 dande
268 458 58 19 emot
347 456 36 21 det
403 457 99 27 gällande
523 456 186 28 rättsbegreppet,
732 456 67 21 borde
814 457 106 21 undvikas

174 490 64 22 äfven
258 491 7 20 i
285 490 38 21 fall
342 491 24 20 af
382 491 141 21 förevarande
543 492 42 25 art,
609 491 40 20 och
666 490 78 27 frägan
759 497 79 21 genom
853 492 66 20 rätte-

173 525 58 28 gång
255 525 92 27 afgöras.
382 524 87 29 Egaren
489 525 66 21 borde
576 525 69 20 återfå
664 525 37 20 sitt
724 525 89 21 kreatur
835 525 86 21 säsnart

172 559 44 21 han
231 559 78 21 erkänt
325 561 30 19 att
371 559 72 29 djuret
459 559 100 21 tillhörde
575 559 86 21 honom.

241 594 220 28 Landtdagsmannen
488 594 127 21 Heikura
641 594 114 28 godkände
781 594 98 21 deremot
898 596 21 26 $,

173 628 91 23 emedan
280 628 36 21 det
331 636 50 13 vore
397 628 85 28 mycket
498 628 85 28 möjligt
602 630 40 25 att,
666 635 34 14 om
719 628 42 21 den
776 629 88 27 fattige,
887 630 32 20 sä-

174 669 45 14 som
242 662 79 27 yrkadt
343 662 82 27 blifvit,
448 662 106 28 äterfinge
575 662 38 21 sitt
632 662 88 21 kreatur
740 664 52 19 utan
814 663 58 20 förut
888 670 33 13 er-

172 697 51 27 lagd
245 697 197 28 skadeersättning,
466 697 42 20 han
531 696 69 21 skulle
624 697 54 27 sälja
699 697 48 20 bort
770 697 33 20 sin
823 697 38 26 ko,
885 697 36 21 det

175 731 55 20 enda
249 731 44 20 han
312 731 73 20 kunde
406 737 50 21 ega,
479 731 40 20 och
539 732 31 19 att
585 731 42 20 den
642 737 45 14 som
703 730 48 21 lidit
766 731 106 21 förlusten
887 731 33 21 sä-

173 765 65 21 lunda
254 765 57 26 finge
327 765 65 20 binda
407 765 82 20 skadan
505 765 36 20 vid
557 766 50 26 eget
621 764 64 21 bälte.

241 798 222 28 Landtdagsmannen
487 799 100 21 Simula
602 805 38 14 var
655 805 51 15 ense
722 799 49 20 med
787 799 134 21 ständsleda-

174 834 73 19 moten
264 833 139 21 Kontiainen.

241 867 221 27 Landtdagsmannen
480 867 127 28 Hagman:
629 867 39 20 Att
688 867 42 21 han
749 868 28 27 pä
793 867 37 21 det
844 867 79 28 högsta

174 901 155 28 respekterade
351 901 25 21 de
397 901 80 28 äsigter
496 901 223 21 ständsledamöterna
733 901 133 22 Kontiainen
881 902 42 21 och

175 935 74 21 Klami
265 935 84 22 uttalat.
379 935 74 27 Dock,
473 943 45 14 som
534 936 82 20 talaren
631 935 32 21 till
674 935 53 28 följe
742 935 24 21 af
778 935 77 22 Ilmola
871 936 51 28 bya-

175 969 93 28 ordning
283 969 76 22 vunnit
375 969 41 23 den
433 970 130 26 erfarenhet,
579 971 32 20 att
626 969 140 28 stadganden,
783 970 79 21 sädana
876 978 46 13 som

174 1003 174 28 ifrägavarande,
371 1004 48 21 icke
440 1011 51 14 voro
512 1003 103 22 förenade
635 1004 50 21 med
700 1005 73 26 nägon
788 1004 55 27 risk,
865 1005 58 20 helst

174 1037 42 22 den
233 1045 46 14 som
300 1038 47 21 haft
366 1040 43 19 rätt
429 1039 61 20 alltid
510 1038 41 21 fätt
571 1039 93 27 borgen,
687 1038 24 21 sä
726 1038 73 21 kunde
814 1039 43 20 han
873 1039 50 21 icke

174 1073 66 19 annat
257 1074 26 18 än
298 1072 141 28 understödja
455 1073 11 27 $
483 1073 40 20 och
538 1072 87 21 förorda
641 1072 48 21 dess
705 1073 130 27 antagande.
855 1072 67 21 Väld-

173 1106 50 20 bete
246 1106 85 21 komme
355 1106 64 28 eljest
441 1106 38 21 allt
497 1106 133 21 fortfarande
645 1108 32 18 att
691 1106 100 21 existera.
829 1106 93 22 Talaren

173 1140 84 27 tillade,
279 1143 32 18 att
326 1141 7 20 i
353 1141 103 20 händelse
472 1141 72 28 någon
561 1147 78 22 genom
655 1143 31 18 ett
702 1141 128 28 stadgande,
847 1141 76 21 sådant

173 1182 46 13 som
235 1175 37 20 det
287 1175 172 28 ifrågavarande,
475 1175 47 21 lede
539 1176 102 26 oförrätt,
654 1175 69 21 skulle
740 1175 121 22 domstolen
876 1176 46 21 helt

173 1210 74 20 säkert
264 1209 98 22 tilldöma
377 1210 80 21 honom
473 1210 127 27 ersättning.

241 1243 222 28 Landtdagsmannen
486 1244 107 19 Brusila
616 1244 50 19 ville
686 1244 110 27 medgifva
815 1244 35 20 det
865 1245 58 21 rätta

173 1277 31 21 uti
220 1279 32 18 att
267 1277 98 20 försvara
380 1277 42 21 den
433 1277 86 27 fattige,
533 1284 49 13 men
593 1277 89 27 frågade
696 1277 142 22 hvilkendera
855 1277 67 22 borde

173 1311 120 29 vidkännas
314 1311 92 27 skadan,
427 1311 7 21 i
454 1311 103 21 händelse
578 1311 59 21 såväl
657 1311 83 28 djurets
760 1319 46 14 som
821 1312 102 21 markens

173 1353 64 21 egare
260 1353 53 14 voro
335 1346 90 28 fattiga?
455 1345 44 22 För
519 1346 33 21 sin
573 1345 34 22 del
627 1347 68 27 ansåg
715 1347 84 21 talaren
819 1347 37 21 det
871 1354 52 14 vara

174 1380 57 26 klart
247 1383 32 18 att
294 1380 41 21 den
352 1381 58 21 förre
426 1381 67 20 borde
509 1382 80 20 ersätta
605 1381 89 27 skadan.
