964 1703
348 125 36 16 Den
397 125 22 16 22
432 125 41 17 febr.
714 122 42 20 315

39 183 36 21 det
95 185 32 18 att
143 183 54 26 ,den
217 191 44 14 som
282 185 97 27 utgjuter
400 185 175 27 menniskoblod,
594 186 53 21 hans
664 186 49 21 blod
729 187 55 20 skall

39 219 23 19 af
83 218 124 21 menniskor
229 219 91 27 utgjutit
341 219 86 27 varda*,
447 227 49 13 men
517 219 58 21 detta
595 220 118 27 stadgande
734 228 50 13 vore

38 252 86 20 skrifvit
140 252 33 20 för
188 253 72 26 gamla
276 255 150 19 testamentets
442 253 61 27 tider,
520 253 27 21 då
564 254 172 27 kristendomen,
747 255 36 20 fri-

38 286 76 20 hetens
130 286 40 21 och
185 287 152 27 försoningens
352 287 93 27 religion
461 289 56 19 ännu
528 287 47 21 icke
587 295 37 13 var
635 288 63 21 känd.
722 289 61 20 Mose

38 320 36 28 lag
89 320 93 21 behöfde
196 320 48 21 icke
259 323 78 25 utgöra
352 321 66 27 något
433 323 120 18 rättesnöre
569 321 34 21 för
618 328 41 14 oss.
684 322 29 20 Vi
729 322 54 21 hade

37 354 8 21 i
56 354 79 28 många
143 354 66 21 andra
220 354 117 21 afseenden
348 355 77 21 afvikit
436 355 47 21 från
495 355 134 26 densamma,
641 356 70 20 såsom
722 359 15 17 t.
749 363 34 13 ex.

37 388 134 22 beträffande
193 389 147 27 helgedagens
362 389 91 27 firande,
476 396 46 14 som
544 389 71 21 blifvit
639 390 77 28 flyttad
735 390 48 21 från

37 423 104 28 lördagen
157 424 33 20 till
205 424 121 27 söndagen;
343 424 39 20 och
397 424 7 20 i
417 424 134 20 förtärandet
566 424 24 20 af
603 424 106 21 särskilda
724 425 60 21 födo-

37 460 89 25 ämnen,
142 458 74 21 hvilka
231 459 68 27 enligt
317 458 60 22 Mose
393 459 86 27 stadgar
494 465 51 14 voro
560 458 116 28 förbjudna
691 461 32 19 att
738 461 45 25 äta,

38 500 49 14 men
107 500 30 13 nu
155 500 64 14 anses
237 493 92 21 tillåtna.
359 493 93 21 Talaren
471 493 73 21 tillade
560 494 32 20 att
606 500 34 14 om
655 494 82 27 någon,
753 496 31 18 ett

37 527 77 21 kristet
128 528 46 20 folk
189 528 66 20 borde
270 534 52 14 vara
337 529 57 19 emot
409 527 148 21 dödsstraffets
572 527 157 22 bibehållande.

104 562 221 28 Landtdagsmannen
340 562 157 28 Warpenius
517 562 79 28 gillade
615 562 116 21 utskottets
746 563 37 21 be-

37 596 108 21 tänkande
161 597 7 19 i
184 597 75 27 öfrigt,
278 598 59 19 utom
356 596 57 21 hvad
429 596 92 28 anginge
537 596 147 27 dödsstraffet,
700 597 84 21 hvilket

36 631 82 20 talaren
142 631 51 20 ville
215 631 70 20 skulle
303 630 112 26 afskaffas,
439 630 110 21 äfvensom
569 631 92 20 rörande
681 631 103 28 vilkorlig

37 665 124 28 frigifning,
176 665 62 20 hvari
253 666 83 19 talaren
352 666 67 26 antog
434 664 134 21 Grotenfelts
583 665 140 20 reservation.

104 699 221 28 Landtdagsmannen
341 699 108 21 Simolin
465 699 68 27 ansäg
547 701 32 18 att
589 699 48 27 fyra
647 699 78 28 dagars
735 699 47 21 fän-

37 734 59 27 gelse
119 733 36 21 vid
178 736 73 18 vatten
274 734 40 20 och
335 733 54 21 bröd
411 733 66 21 borde
497 741 52 13 vara
568 733 41 21 den
629 734 95 21 kortaste
740 734 43 26 tid,

36 768 87 21 hvartill
138 769 71 27 någon
225 768 72 21 kunde
314 768 80 21 dömas.
423 768 64 21 Hvad
502 768 101 27 vilkorlig
614 768 114 28 frigifning
738 768 45 21 vid-

37 803 96 26 komme,
153 803 72 20 kunde
245 803 84 20 talaren
349 802 48 21 icke
417 803 52 27 gilla
484 802 134 27 densamma,
635 803 90 20 emedan
741 803 42 20 den

37 837 69 28 enligt
125 837 95 21 talarens
243 837 56 28 äsigt
321 837 76 20 endast
420 837 69 20 skulle
509 837 149 20 ästadkomma
678 837 104 27 hyckleri.

36 871 47 21 Mot
102 871 72 21 Klami
195 872 51 20 ville
266 871 83 21 talaren
370 871 64 21 hafva
454 871 109 26 anmärkt,
584 873 31 18 att
631 871 76 20 endast
721 871 62 20 Mose

37 906 152 20 ceremoniella
208 906 60 27 lagar
288 905 72 21 blifvit
380 905 109 28 upphäfna
505 905 23 20 af
541 905 172 26 kristendomen,
733 912 50 13 men

36 940 30 20 tio
87 940 59 20 Guds
167 940 43 20 bud
225 939 55 28 egde
300 939 92 21 beständ
411 939 34 21 för
461 939 68 28 evigt,
544 941 52 18 utan
610 941 31 18 att
657 946 27 13 en
699 939 62 27 prick
775 939 8 20 i

36 973 49 22 dem
101 973 71 22 kunde
188 974 85 21 ändras.
296 973 121 28 Sluteligen
433 973 99 21 erinrade
544 973 83 20 talaren
637 975 46 18 mot
693 973 89 27 Holma,

36 1010 32 18 att
90 1009 27 20 dä
139 1009 51 25 den,
213 1015 46 13 som
283 1008 66 20 dödar
371 1015 28 13 en
422 1015 81 20 annan,
527 1007 72 21 afskär
618 1007 117 21 nädetiden
750 1008 33 20 för

37 1042 41 21 den
101 1042 90 27 dödade,
215 1049 50 14 vore
289 1042 36 21 det
347 1042 47 20 skäl
417 1044 31 18 att
468 1042 106 28 dräparen
594 1041 146 21 behandlades
755 1042 28 27 pä

37 1084 82 14 samma
135 1078 49 20 sätt.

103 1111 220 28 Landtdagsmannen
347 1111 190 21 Teräsrautila
559 1110 50 21 ville
633 1112 31 19 att
684 1110 98 28 fängelse

36 1146 35 20 vid
93 1148 74 18 vatten
189 1146 39 20 och
249 1146 53 20 bröd
322 1146 69 20 skulle
411 1146 86 27 utbytas
518 1147 45 19 mot
578 1144 136 21 arbetsstraff
727 1146 55 19 samt

36 1180 74 20 tillade
126 1183 31 17 att
173 1180 27 20 dä
215 1180 137 20 dödsstraffet
367 1180 68 20 under
451 1181 26 19 40
493 1180 34 20 ärs
543 1180 31 19 tid
589 1179 47 21 icke
652 1180 129 26 tillämpats,

37 1214 72 21 kunde
125 1214 37 20 det
177 1214 122 21 utelemnas
314 1214 48 21 frän
378 1214 70 27 lagen.

103 1248 221 28 Landtdagsmannen
346 1248 163 28 Mynttinen
529 1248 94 27 yttrade,
644 1249 32 19 att
691 1247 27 20 dä
732 1254 49 13 man

36 1290 29 13 nu
80 1283 7 20 i
103 1283 27 21 40
145 1283 24 21 är
184 1283 59 20 dömt
257 1282 126 21 menniskor
397 1282 33 20 till
445 1282 80 27 döden,
536 1284 52 18 utan
599 1283 32 19 att
644 1282 66 20 likväl
721 1281 62 21 verk-

37 1318 63 20 ställa
116 1317 88 26 domen,
224 1316 37 21 det
275 1324 52 13 vore
343 1317 71 20 bättre
430 1318 31 19 att
476 1316 91 21 afskaffa
581 1316 49 20 hela
645 1315 138 21 dödsstraffet

37 1353 26 18 än
79 1353 32 18 att
126 1351 109 20 bibehälla
250 1350 119 21 detsamma
385 1350 70 20 säsom
472 1357 26 13 en
515 1350 41 20 död
571 1349 94 20 bokstaf.

104 1385 220 28 Landtdagsmannen
340 1385 91 20 Uotila
445 1392 38 13 var
499 1391 50 15 ense
565 1385 49 20 med
623 1385 90 25 Holma,
728 1385 55 19 samt

37 1419 71 22 kunde
131 1419 47 22 icke
201 1420 116 20 instämma
339 1419 5 20 i
366 1419 62 21 deras
449 1419 124 28 yttranden,
594 1419 73 21 hvilka
687 1419 95 20 förordat
