992 1709
372 137 38 16 Den
423 137 21 17 15
455 137 35 22 jan.
755 132 26 20 39

127 196 221 27 Landtdagsmannon
363 190 112 34 Östring
489 196 108 22 förbehöll
612 198 42 26 att,
674 197 66 21 sedan
757 204 53 21 upp-

58 230 88 28 lysning
166 230 71 20 blifvit
257 230 114 20 meddelad
387 237 34 13 om
437 230 95 28 afsigten
552 230 88 22 dermed
656 232 32 19 att
702 231 107 27 ifrägava-

60 264 67 21 rande
147 264 82 27 förslag
248 263 33 21 till
296 264 123 27 ansökning
436 264 33 21 till
485 264 86 21 ståndet
584 264 108 28 ingifvits,
715 265 23 21 få
752 266 58 27 yttra

61 298 33 27 sig
109 298 7 20 i
132 298 73 21 saken.

128 331 222 29 Landtdagsmannen
373 332 120 29 Hagman
516 333 101 21 förmälte
637 335 41 24 att,
702 340 47 14 som
767 335 43 26 sty-

60 367 71 21 relsen
147 367 105 28 förbjudit
268 367 142 29 tillverkning
425 367 24 22 af
461 367 91 22 bränvin
568 367 7 21 i
591 367 27 22 de
633 367 100 29 nordliga
745 367 65 22 länen

61 401 68 22 under
144 402 147 21 innevarande
307 401 30 28 år,
353 401 41 22 och
410 403 108 27 allmogen
534 403 24 21 af
572 402 26 21 de
614 402 58 28 skäl,
688 409 46 14 som
749 402 5 21 i
768 402 42 21 för-

60 437 70 27 slaget
146 436 136 27 framhöllos,
297 443 52 14 vore
364 436 106 28 missnöjd
485 436 49 22 med
547 437 95 20 nämnda
652 437 88 27 förbud,
755 436 55 21 hade

62 471 82 22 talaren
166 471 40 21 och
227 471 210 28 landtdagsmannen
453 471 68 28 Keto,
542 471 28 29 på
584 472 136 27 uppmaning
734 471 24 22 af
771 471 39 21 all-

60 513 78 21 mogen
154 505 32 22 uti
202 505 27 21 de
245 506 98 26 socknar,
359 512 46 15 som
421 506 24 21 af
458 506 48 21 dem
523 506 199 28 representerades,
738 505 71 22 beslu-

60 540 26 21 tit
106 542 32 19 att
154 541 69 27 jemte
245 541 70 28 öfriga
331 540 79 21 ombud
426 540 47 21 från
490 540 25 21 de
531 547 65 14 norra
610 540 66 21 länen
690 541 33 20 till
738 540 28 21 H.
781 540 28 21 K.

60 575 39 21 M:t
115 574 82 29 ingifva
212 581 29 14 nu
257 575 165 28 ifrågavarande
442 575 132 28 ansökning,
593 575 88 21 hvilken
697 575 48 24 icke
760 575 49 22 blif-

59 609 31 21 vit
108 609 166 22 underskrifven
295 609 86 22 derföre
397 611 32 19 att
444 609 134 29 protokoller
594 609 60 22 öfver
670 609 27 22 de
712 609 7 21 i
735 611 75 21 ämnet

58 644 74 22 hållna
148 644 185 21 socknestämmor
349 645 58 20 ännu
422 645 48 21 icke
486 645 92 21 kommit
593 644 84 22 talaren
693 645 116 28 tillhanda,

60 680 38 21 och
114 686 51 15 vore
181 679 106 28 förslaget
302 679 34 21 till
351 679 87 22 ståndet
453 679 93 29 ingifvet
561 679 8 21 i
584 679 36 21 det
636 679 58 29 hopp
709 681 33 20 att
752 681 57 20 stån-

60 715 46 26 det,
130 714 49 21 med
200 714 103 21 afseende
317 710 12 36 &
351 714 129 28 billigheten
495 715 25 21 af
532 714 150 21 sökandernas
697 714 113 27 anhållan,

60 749 68 21 måtte
144 748 49 21 med
207 749 37 20 sitt
259 748 73 22 förord
347 749 40 21 hos
402 749 106 28 styrelsen
524 749 142 28 understödja
684 749 125 21 densamma

61 784 39 20 och
116 783 95 21 vitsorda
227 783 134 28 riktigheten
377 783 24 21 af
414 783 26 21 de
456 784 46 21 skäl
518 783 26 22 de
561 784 78 21 anfört.

127 817 222 29 Landtdagsmannen
365 811 119 36 Östring
503 817 86 29 yttrade
604 819 32 20 att
652 818 43 21 han
710 819 20 27 ej
748 818 62 27 insåg

59 852 57 21 hvad
131 852 85 21 ståndet
231 852 56 21 hade
302 852 50 21 med
367 852 42 21 den
425 852 167 29 ifrågavarande
611 852 152 29 ansökningen
779 854 32 19 att

59 887 69 21 skaffa
142 886 54 22 eller
212 887 55 21 huru
282 887 86 21 ståndet
383 887 72 22 kunde
466 887 132 22 understöda
608 887 132 21 densamma.
767 887 43 21 Det

60 922 185 21 öfverensstämde
266 922 96 21 hvarken
383 922 50 21 med
454 922 95 21 ståndets
570 923 104 27 rättighet
693 923 53 20 eller
762 924 47 19 vär-

60 957 75 28 dighet
154 959 32 19 att
204 959 51 26 taga
275 957 124 27 befattning
418 957 49 21 med
483 957 109 21 enskildas
607 957 149 28 ansökningar
771 957 39 20 hos

59 991 27 21 H.
104 991 26 21 K.
147 992 45 21 M:t.
222 991 94 21 Talaren
335 991 82 28 yrkade
438 991 58 28 förty
516 993 32 20 att
568 991 86 22 ståndet
674 992 48 21 icke
743 991 67 22 måtte

59 1027 97 27 upptaga
175 1026 90 21 ärendet
285 1026 53 21 eller
358 1025 46 21 deri
425 1026 98 21 meddela
543 1026 111 28 yttrande,
678 1026 40 21 och
734 1025 75 22 tillade

59 1061 78 20 derhos
156 1062 31 19 att
206 1060 84 21 talaren
306 1059 90 22 härmed
411 1060 47 21 icke
474 1060 51 21 ville
541 1060 65 21 hafva
621 1061 49 27 sagt
684 1062 32 19 att
730 1060 79 21 sökan-

60 1095 78 20 dernas
154 1095 100 20 anhållan
271 1101 50 14 vore
338 1094 92 28 oskälig.

127 1129 220 27 Landtdagsmannen
368 1129 117 28 Hagman
506 1129 110 27 genmälte
636 1130 32 20 att
688 1129 27 21 då
733 1129 77 27 styrel-

60 1171 36 13 sen
114 1163 105 28 förbjudit
234 1163 273 28 bränvinstillverkningen
518 1163 7 21 i
536 1163 27 21 de
573 1169 65 15 norra
648 1163 76 26 länen,
740 1163 70 21 ehuru

59 1197 133 22 missväxten
209 1197 39 21 der
263 1197 48 21 icke
325 1203 52 15 vore
393 1197 24 22 så
432 1197 48 21 svår
495 1197 40 22 och
550 1197 106 21 missväxt
671 1197 8 21 i
694 1197 64 21 södra
772 1196 36 22 de-

59 1233 35 20 len
116 1232 23 21 af
157 1231 74 21 landet
251 1232 47 21 icke
314 1231 107 28 inträffat,
445 1233 55 31 samt
515 1231 91 22 emedan
622 1231 26 22 de
664 1238 65 14 norra
744 1231 64 22 länen

60 1273 78 22 genom
160 1266 35 21 det
210 1266 64 22 häraf
287 1266 126 28 uppkomna
428 1266 190 22 missförhållande
633 1266 73 21 blefvo
722 1266 87 27 mycket

59 1300 97 27 lidande,
179 1301 28 28 på
229 1302 43 20 sätt
291 1301 8 20 i
318 1300 41 22 den
375 1300 127 22 tillämnade
516 1300 150 29 ansökningen
681 1300 127 27 förklarats,

59 1335 36 20 det
117 1335 118 27 ingalunda
258 1335 73 20 kunde
353 1342 52 13 vara
423 1335 8 20 i
450 1335 71 27 någon
540 1335 50 20 mån
610 1334 144 21 nedsättande
774 1335 34 19 för

60 1369 86 21 ståndet
165 1369 32 20 att
216 1370 58 26 yttra
289 1369 34 27 sig
337 1368 7 21 i
360 1369 75 20 saken.
465 1368 93 21 Talaren
574 1367 55 22 hade
644 1368 48 21 icke
708 1369 53 19 trott
776 1369 32 19 att

60 1404 71 27 någon
148 1403 68 21 skulle
233 1404 56 20 sätta
305 1403 33 28 sig
353 1404 58 20 emot
430 1402 55 22 hans
504 1401 113 28 anhållan,
640 1409 49 14 men
711 1401 51 22 fann
779 1409 29 14 nu
