989 1703
365 138 37 16 Den
415 138 22 16 19
447 136 36 22 jan.
740 133 26 19 59

48 197 127 28 godtgöras,
198 196 57 22 vålla
275 196 282 28 lägenhetsinnehafvarens
580 196 141 22 ekonomiska
744 196 50 22 obe-

47 232 71 21 stånd.

116 265 222 28 Landtdagsmannen
356 265 99 21 Retula
469 265 68 28 ansåg
551 265 68 27 något
633 265 66 28 tvång
714 265 81 21 beträf-

49 300 64 21 fande
129 299 123 28 försäkring
267 299 24 21 af
303 299 115 28 åbyggnad
433 299 28 28 på
475 299 74 21 landet
564 299 48 21 icke
627 299 53 21 böra
690 306 41 21 ega
741 306 54 14 rum.

48 334 52 21 Man
121 334 61 20 sökte
202 340 30 14 nu
251 333 34 21 för
304 333 59 20 tiden
379 333 7 20 i
400 333 124 28 möjligaste
540 333 67 21 måtto
623 333 92 21 afskaffa
730 334 66 26 tvång

49 368 7 21 i
71 368 44 21 alla
130 367 67 22 andra
215 367 118 21 afseenden
349 367 40 21 och
406 367 67 21 borde
488 367 48 22 icke
551 367 70 22 heller
635 367 109 22 bibehålla
760 367 38 21 det

49 402 32 21 uti
96 401 173 29 ifrågavarande.
297 401 68 22 Detta
379 401 56 22 hade
451 402 83 21 talaren
550 402 40 21 ock
605 402 80 28 åsyftat
700 402 50 21 med
761 402 36 21 det

49 437 77 27 tillägg
141 436 42 21 han
199 436 112 21 ofvanföre
327 436 113 28 föreslagit
455 437 33 20 till
503 437 12 27 $
530 437 20 20 2.

117 470 222 28 Landtdagsmannen
358 470 93 21 Klami
466 478 37 13 var
517 477 52 15 ense
585 471 49 20 med
649 470 92 21 Simolin
758 471 39 20 och

49 505 82 21 Retula
153 505 40 21 och
215 505 52 20 fann
288 504 36 21 det
344 505 114 28 olämpligt
477 507 32 19 att
528 504 74 22 utöfva
617 505 180 28 förmynderskap

50 539 61 21 öfver
134 539 69 21 folket
223 539 41 21 och
284 539 108 20 behandla
411 539 36 20 det
467 539 70 21 säsom
557 545 52 14 vore
625 539 36 20 det
676 539 122 27 oförmöget

50 575 32 19 att
101 572 114 22 bedömma
234 573 37 21 sitt
290 575 51 25 eget
355 573 68 21 bästa.
454 574 38 20 Att
506 573 53 27 vilja
575 572 101 22 befordra
691 572 36 22 det
742 573 57 27 goda

51 608 40 21 och
107 607 86 28 nyttiga
207 614 79 21 genom
301 607 66 27 tväng
382 607 56 21 hade
454 607 69 28 aldrig
540 606 95 22 medfört
652 607 67 27 nägot
732 614 65 21 gagn.

51 642 76 21 Frihet
143 641 40 22 och
198 641 156 28 undervisning
369 648 52 15 voro
437 642 26 20 de
479 641 56 22 enda
549 641 86 21 medlen
647 642 33 20 till
691 643 32 19 att
733 641 65 21 fram-

52 677 59 20 kalla
130 676 37 21 det
186 676 71 21 bättre
277 676 40 20 och
337 676 53 27 göra
410 676 37 20 det
461 675 124 22 bestäende.
617 675 181 21 Sockneförenin-

52 717 68 21 garna
135 709 87 22 förföllo
239 709 135 28 smäningom
391 709 126 29 derigenom
533 711 32 19 att
581 709 61 21 deras
657 709 143 21 medlemmar

53 745 62 20 sökte
138 743 85 22 inträde
245 744 8 20 i
275 743 37 22 det
334 744 110 21 allmänna
468 743 223 28 brandstodsbolaget.
728 743 72 21 Sedan

52 778 170 21 medlemmarne
237 778 8 21 i
260 784 27 15 en
308 777 183 29 sockneförening
509 777 117 27 minskats,
642 778 24 20 sä
681 779 31 19 att
727 777 72 21 denna

53 813 48 20 icke
117 819 60 14 mera
192 812 73 21 kunde
280 812 168 27 upprätthållas,
463 812 68 21 borde
546 812 27 21 de
588 811 137 22 återstående
741 811 59 21 med-

52 847 120 20 lemmarne
192 846 86 28 tvingas
298 847 32 20 att
349 846 73 27 ingå
415 841 13 37 i
439 845 36 22 det
489 846 110 21 allmänna
620 846 97 27 bolaget,
729 841 13 37 i
763 845 37 20 fall

53 881 110 27 nemligen
185 880 262 28 försäkringsskyldighet
469 880 55 21 skall
546 879 93 28 stadgas.
674 880 128 27 Nägonting

53 912 78 23 sädant
150 914 72 21 kunde
241 914 84 21 talaren
338 914 49 21 icke
402 914 94 21 förorda.
526 913 11 22 I
551 913 104 28 Wiborgs
671 914 36 20 län
723 913 78 21 funnes

53 949 79 28 många
147 948 206 29 frälseegendomar,
376 948 84 21 hvilkas
475 948 140 29 äbyggnader
629 948 48 21 icke
692 955 52 14 voro
757 947 43 22 för-

54 983 91 21 säkrade
164 983 6 20 i
189 983 66 27 något
273 983 76 27 bolag,
371 983 41 20 och
433 983 98 21 erinrade
549 982 84 21 talaren
652 982 102 27 slutligen
771 983 31 20 att

54 1016 157 28 skeppsredare
231 1016 71 28 aldrig
320 1016 56 21 varit
391 1018 96 26 tvungne
501 1017 31 20 att
547 1016 98 21 försäkra
661 1016 48 20 sina
723 1016 79 27 fartyg,

54 1051 75 21 hvilka
142 1050 56 21 dock
213 1050 96 27 ständigt
324 1050 102 21 sväfvade
441 1050 7 21 i
463 1051 53 20 fara.

122 1084 221 28 Landtdagsmannen
358 1084 159 28 Warpenius
532 1083 103 22 förenade
646 1083 33 28 sig
695 1084 6 19 i
717 1083 85 21 Klamis

54 1119 101 28 yttrande
172 1119 39 20 och
227 1118 111 29 hoppades
353 1120 32 19 att
400 1119 43 20 alla
461 1117 256 30 lägenhetsinnehafvare
733 1117 70 21 skulle

55 1153 52 28 ingå
121 1153 8 21 i
144 1153 37 21 det
196 1153 111 24 allmänna
321 1153 224 28 brandstodsbolaget.

123 1187 222 28 Landtdagsmannen
365 1187 120 28 Hagman
504 1187 68 27 ansåg
587 1186 37 21 det
639 1193 29 14 nu
683 1186 7 20 i
706 1186 36 27 lag
758 1186 45 27 gäl-

56 1221 65 22 lande
133 1221 136 28 stadgandet,
285 1223 33 20 att
329 1221 76 28 hvarje
420 1220 255 29 lägenhetsinnehafvare
687 1220 55 20 skall
753 1227 52 14 vara

56 1256 94 21 medlem
169 1256 24 21 af
210 1256 91 21 sockens
316 1255 232 28 brandstodsförening
563 1255 40 21 och
619 1256 31 19 att
665 1255 66 20 sådan
747 1255 56 20 före-

55 1291 54 27 ning
123 1290 69 21 måste
212 1290 7 21 i
239 1290 53 21 hvar
308 1290 80 21 socken
402 1290 73 28 ingås,
490 1296 52 15 vara
557 1289 24 21 så
598 1289 34 21 väl
647 1288 109 29 grundadt
771 1290 31 19 att

57 1325 84 20 talaren
161 1325 48 20 icke
229 1324 73 21 kunde
323 1326 66 19 annat
405 1325 26 19 än
447 1323 132 22 understöda
593 1323 211 26 landtdagsmannen

57 1358 98 20 Brusilas
176 1357 95 27 mening.
301 1357 49 21 Den
366 1359 59 18 stora
439 1357 146 20 allmänheten
601 1356 111 26 förbisåge
727 1357 77 25 nyttan

58 1392 23 20 af
100 1391 123 28 försäkring
243 1391 40 21 och
304 1391 111 21 lemnades
434 1391 36 21 det
486 1397 27 15 en
528 1390 53 21 hvar
596 1390 47 20 fritt
658 1390 32 20 att
705 1389 99 21 försäkra

59 1426 33 22 sin
115 1425 114 31 åbyggnad
253 1426 53 22 eller
333 1426 58 27 icke,
414 1425 71 21 skulle
510 1431 27 15 en
565 1424 66 22 sådan
656 1423 67 21 frihet
747 1423 57 21 vålla
