964 1706
346 124 37 22 Den
396 125 21 21 44
430 127 45 19 mars
721 120 38 27 ll

41 192 35 18 me
92 190 32 20 att
139 186 121 25 blottställa
275 188 38 22 sitt
327 189 32 21 lif.
388 189 79 22 Likväl
482 188 101 23 underlät
597 189 43 22 han
654 189 34 21 till
698 189 56 29 följd
769 190 23 21 af

41 224 51 28 grof
105 224 136 22 värdslöshet
256 225 32 20 att
303 231 102 21 reparera
421 224 106 28 spängen,
550 224 102 21 hvarföre
667 224 42 22 den
725 225 65 21 efter-

39 258 107 28 följande,
169 258 27 21 dä
215 258 44 21 han
278 258 104 21 beträdde
402 265 81 15 samma
499 258 78 28 späng,
597 258 108 21 förlorade
721 259 68 21 lifvet.

39 292 80 21 Kunde
134 292 37 21 det
185 299 30 15 nu
230 292 49 21 med
295 292 46 22 skäl
357 294 63 26 sägas
436 294 32 19 att
483 292 82 21 skadan
580 292 97 21 inträffat
691 293 34 20 till
735 293 56 27 följd

40 326 23 21 af
77 326 66 28 nägot
158 327 79 28 uppsät
252 327 39 21 hos
307 326 42 22 den
364 326 132 29 föregäende
512 328 32 20 att
563 326 80 22 skada?
667 326 65 22 Hade
747 327 43 21 han

39 360 50 21 med
103 360 66 28 afsigt
183 360 125 22 förorsakat
323 360 42 22 den
380 361 79 21 andras
474 361 57 21 död?
551 361 94 21 Talaren
661 361 76 21 trodde
753 361 37 21 det

39 395 62 27 icke,
122 397 53 19 utan
194 396 68 28 ansäg
282 397 32 20 att
334 396 45 23 den
396 395 160 22 förstnämndas
576 395 136 22 värdslöshet
734 397 56 20 varit

39 430 74 21 dertill
129 430 98 22 orsaken.

107 464 223 29 Landtdagsmannen
355 464 100 22 Määttä
481 464 114 29 godkände
621 465 12 27 $
659 464 40 22 och
721 466 68 28 ansäg

38 498 49 24 icke
102 500 109 22 liknelsen
227 506 34 15 om
277 500 97 28 spängen
385 499 209 22 tillfredsställande.
623 499 105 21 Deremot
738 507 51 14 vore

38 535 118 21 utskottets
177 534 140 29 uppfattning
337 534 41 21 den
399 536 66 26 rätta,
488 535 53 20 enär
561 534 36 21 det
617 534 33 21 för
670 534 119 28 lindrigare

38 569 38 21 fall
97 568 93 22 bestämt
210 570 32 20 ett
261 569 61 28 lägre
342 568 63 22 straff
422 568 40 22 och
477 569 33 21 för
525 569 86 21 svärare
627 568 116 22 förseelser
759 571 31 19 ett

39 605 113 27 strängare
167 604 66 21 straff.

106 638 223 28 Landtdagsmannen
347 637 90 22 Akola
457 637 80 29 gillade
553 638 89 21 äfvensä
657 637 22 28 $,
694 638 29 28 pä
738 644 50 16 ena-

38 672 72 22 handa
125 672 95 28 grunder
235 680 47 13 som
297 672 41 21 den
354 672 132 28 föregående
501 672 90 22 talaren.

107 706 221 29 Landtdagsmannen
349 707 119 21 Tiainen
489 707 51 21 fann
557 708 11 26 $
584 707 53 21 böra
655 706 134 28 godkännas,

39 741 91 22 emedan
141 748 79 22 genom
231 741 96 28 lindring
337 741 24 21 af
370 741 88 21 straffen
469 741 158 21 barnamorden
639 741 55 21 blott
702 741 86 21 komme

39 778 31 20 att
85 776 125 28 befrämjas.

107 811 222 28 Landtdagsmannen
349 810 109 22 Brusila
477 818 38 14 var
536 810 23 22 af
573 817 82 15 samma
669 809 58 30 åsigt
742 818 46 14 som

38 846 83 22 Määttä
140 846 40 21 och
200 846 113 21 anmärkte
335 847 58 20 emot
413 845 82 27 Klami,
519 847 32 20 att
571 845 70 21 denne
657 846 64 30 yrkat
736 846 53 20 ned-

39 881 97 28 sättning
155 881 24 21 af
197 880 63 22 straff
273 880 33 21 för
322 880 136 22 vårdslöshet
473 880 35 21 vid
524 880 79 21 fosters
619 880 119 27 vårdande,
761 880 28 28 på

39 915 70 29 grund
130 915 71 27 deraf,
223 917 32 19 att
273 914 69 22 folket
357 916 59 20 ännu
431 921 51 15 vore
498 914 103 22 obildadt.
631 914 94 21 Talaren
741 914 48 21 der-

39 952 59 20 emot
118 950 53 21 fann
188 950 46 28 just
255 950 72 20 denna
347 950 160 27 omständighet
526 948 87 30 päkalla
633 956 27 13 en
676 950 112 26 strängare

39 986 46 28 lag,
107 986 28 28 pä
155 985 36 21 det
210 984 70 22 folket
300 991 78 21 genom
399 984 42 21 den
460 984 67 22 mätte
543 983 60 22 ledas
619 983 32 21 till
666 990 61 14 mera
742 983 47 28 hyf-

39 1020 52 21 sade
107 1020 70 21 seder.
692 1015 17 10 ka

107 1054 222 28 Landtdagsmannen
351 1052 104 28 Holma,
470 1060 46 14 som
532 1052 125 21 förbehällit
673 1053 32 27 sig
721 1052 67 27 ordet,

40 1089 71 22 afstod
125 1089 96 21 derifrän
238 1088 40 21 och
293 1088 82 28 yrkade
391 1089 141 27 omröstning.

107 1123 223 28 Landtdagsmannen
350 1122 118 21 Heikura
487 1121 124 22 förklarade
631 1123 32 19 att
682 1121 43 22 han
741 1121 48 21 icke

39 1165 38 15 var
96 1158 100 27 benägen
215 1159 32 20 att
265 1157 56 22 afstä
335 1157 62 21 ordet
412 1157 89 21 hvarom
515 1157 43 20 han
574 1156 101 27 anhällit,
698 1155 91 22 emedan

40 1192 73 22 Klami
133 1192 107 21 mähända
260 1193 58 20 ännu
338 1191 70 21 skulle
428 1191 57 21 hälla
504 1193 31 19 ett
551 1191 89 20 vackert
655 1191 30 20 tal
701 1190 39 21 och
757 1191 31 19 sä-

39 1227 66 21 lunda
121 1226 35 21 vid
171 1227 165 26 omröstningen
351 1225 105 28 möjligen
471 1225 66 21 vinna
552 1224 140 29 pluraliteten
707 1224 34 21 för
756 1224 32 20 sin

39 1261 63 28 äsigt.
136 1260 64 21 Hvad
220 1260 54 21 först
285 1259 128 22 -beträffade
435 1259 84 21 Klamis
539 1259 107 27 vandring
666 1258 60 21 öfver
747 1258 41 21 den

40 1295 38 21 der
97 1295 106 28 spängen,
225 1294 24 21 sä
268 1293 67 22 hörde
356 1293 76 22 sädant
447 1294 39 20 alls
502 1293 49 21 icke
565 1293 33 20 till
614 1292 75 21 saken.
719 1292 39 21 Att
773 1294 15 19 t.

40 1336 33 13 ex.
94 1330 31 19 ett
144 1328 53 21 barn
217 1329 47 26 gått
285 1328 54 20 vilse
360 1327 72 21 kunde
448 1329 47 19 ieke
511 1327 79 20 räknas
606 1327 135 20 föräldrarne
757 1326 33 21 till

40 1363 51 26 last,
113 1363 71 20 såsom
204 1363 51 26 grof
273 1361 144 26 vårdslöshet,
442 1361 91 21 emedan
553 1361 54 20 barn
627 1360 48 21 icke
695 1359 94 21 behöfde

40 1397 77 22 vårdas
133 1403 46 14 som
195 1396 70 21 dårar.
295 1395 114 27 Deremot,
430 1402 34 14 om
484 1395 84 21 straffet
581 1394 7 21 i
604 1393 71 22 denna
691 1394 11 27 $
717 1393 72 22 blefve

40 1431 95 28 nedsatt,
151 1431 71 21 skulle
237 1437 50 15 man
303 1429 92 22 allenast
411 1429 58 30 gifva
484 1429 80 22 skökor
578 1428 60 23 desto
656 1428 71 26 bättre
745 1427 43 23 till-
