961 1700
345 130 37 16 Den
396 130 9 16 3
419 134 50 13 mars.
716 124 40 20 413

43 189 84 29 dyrare,
146 189 84 21 hvilket
243 195 51 14 vore
310 189 32 20 till
358 190 67 20 skada
440 189 57 21 såväl
513 189 34 20 för
563 189 49 20 land
628 195 44 14 som
689 189 54 21 stad.
759 202 27 2 —

43 224 91 20 Talaren
149 223 81 28 yrkade
246 223 33 21 för
295 224 33 20 sin
344 224 34 20 del
394 225 33 19 att
441 224 36 20 det
492 222 164 28 ifrågavarande
666 225 120 19 momentet

42 258 63 21 borde
121 258 62 28 utgå,
202 260 23 25 ty
241 257 56 22 hvad
312 258 41 20 den
369 258 24 20 af
406 257 133 21 Kontiainen
555 257 123 28 föreslagna
694 258 92 27 ändring

41 292 128 26 beträffade,
190 292 23 20 så
234 298 51 14 vore
305 292 36 20 det
356 292 57 20 klart
429 293 31 19 att
475 291 100 21 städerne
591 291 27 27 på
632 293 51 26 eget
699 292 87 20 område

41 326 52 28 egde
110 326 82 21 förfara
207 326 56 21 efter
278 326 76 28 behag.

108 360 221 28 Landtdagsmannen
351 360 118 21 Heikura
491 360 52 20 fann
563 361 32 19 att
615 360 58 20 såväl
694 360 93 20 Simolin

40 401 46 14 som
108 394 73 21 Klami
203 394 107 21 hvardera
332 394 64 28 gifvit
416 394 82 28 ganska
519 393 81 28 riktiga
619 394 47 20 skäl
686 394 34 20 för
740 394 47 20 sina

41 428 58 21 olika
123 428 81 28 åsigter
227 428 39 21 och
290 428 101 20 förmälte
413 428 34 27 sig
469 428 65 20 tveka
555 428 153 21 hvilkenderas
731 428 56 28 åsigt

39 463 67 21 borde
126 470 63 14 anses
210 462 34 21 för
264 462 41 21 den
325 464 63 19 rätta.
418 462 127 21 Emellertid
565 462 76 21 trodde
657 463 84 20 talaren
756 465 31 19 att

40 497 37 20 det
95 498 57 19 rätta
172 496 103 22 träffades
290 498 106 24 närmast,
419 503 34 14 om
469 496 33 21 till
517 499 119 18 momentet
651 496 87 22 tillades
754 504 33 14 or-

41 531 41 21 den
99 531 87 26 ,derest
203 532 43 20 han
262 530 48 22 icke
326 531 52 27 sjelf
390 531 39 21 har
445 530 42 22 fast
502 530 107 28 egendom
624 530 59 22 inom
700 538 27 14 en
742 530 48 22 half

41 566 38 21 mil
94 566 56 21 ifrån
166 566 96 21 staden."
292 565 44 21 Det
350 572 52 14 vore
418 566 110 27 nemligen
542 565 48 21 icke
606 565 80 28 skäligt
701 567 31 20 att
745 565 43 21 löst

41 600 45 21 folk
102 600 68 21 under
186 599 168 29 förevändning,
369 601 33 20 att
417 600 26 21 de
458 600 74 21 drefve
548 600 71 28 någon
630 601 84 27 näring,
730 600 58 28 finge

41 635 100 21 nedsätta
156 635 34 28 sig
204 635 28 28 på
247 642 83 14 annans
345 634 62 21 mark
422 635 7 20 i
445 635 86 21 stadens
548 635 84 20 närhet.
662 635 33 28 Ty
711 635 77 21 sådant

42 669 64 28 gåfve
119 669 118 27 anledning
252 669 33 20 till
301 669 130 27 oordningar
447 669 39 20 och
502 669 56 28 ofog.
586 669 63 20 Hade
666 676 26 13 en
708 676 79 21 person

42 704 98 21 deremot
159 710 55 21 egen
235 703 102 28 lägenhet
356 703 8 20 i
380 703 87 21 stadens
482 703 86 26 närhet,
592 703 23 20 så
630 709 51 15 vore
697 703 37 21 det
748 704 40 21 bil-

42 738 41 28 ligt
103 739 31 20 att
153 738 42 21 han
216 738 13 20 å
248 737 72 21 denna
338 737 59 28 finge
416 737 69 22 drifva
504 737 42 21 den
564 737 79 28 näring
660 738 43 20 han
722 738 65 21 beha-

42 772 61 28 gade.

110 806 221 31 Landtdagsmannen
352 805 192 22 Teräsrautila
563 805 145 22 understödde
728 806 60 21 Kon-

42 841 95 22 tiainens
157 841 82 28 förslag
254 842 31 19 att
301 840 86 21 stadens
403 843 50 26 eget
469 840 85 21 område
570 840 88 34 gjordes
674 841 34 20 till
723 843 65 26 gräns

42 876 35 21 för
97 875 124 28 skyldighet
241 876 32 19 att
293 875 53 21 söka
365 875 103 28 burskap.
502 874 63 22 Invid
584 867 48 29 Åbo
648 875 47 21 stad
710 875 79 21 funnes

43 911 52 20 flere
106 911 69 20 större
189 910 60 27 byar,
262 909 73 21 hvilka
346 910 64 27 eljest
420 909 106 22 måhända
535 909 110 21 förlorade
655 910 48 21 sina
712 910 76 21 handt-

43 944 99 21 verkare.

110 978 220 29 Landtdagsmannen
352 978 128 21 Puhakka
502 978 102 21 förenade
625 978 33 28 sig
677 978 7 21 i
705 978 84 21 Klamis

42 1013 100 28 mening,
163 1015 32 19 att
214 1015 94 26 gränsen
322 1012 68 21 borde
405 1013 83 20 lemnas
503 1012 151 28 fullkomligen
671 1013 117 20 obestämd.

44 1047 81 21 Staden
146 1053 51 14 vore
217 1049 33 19 att
269 1047 111 20 betraktas
396 1048 70 20 säsom
482 1054 27 14 en
525 1047 92 20 särskild
632 1047 62 28 gärd,
716 1047 74 21 landet

44 1082 71 21 säsom
136 1089 27 13 en
183 1088 78 14 annan.
291 1081 33 21 En
342 1081 37 20 hel
399 1081 127 28 församling
544 1081 72 21 kunde
631 1088 52 15 vara
697 1082 92 27 belägen

43 1117 60 20 inom
124 1123 27 14 en
171 1115 46 22 half
236 1116 38 21 mil
292 1115 56 22 ifrän
364 1122 28 15 en
407 1115 54 22 stad.
490 1115 126 22 Bibehölles
631 1116 159 28 gränsbestäm-

43 1150 90 28 ningen,
146 1150 23 21 sä
185 1150 71 21 kunde
271 1150 37 21 det
320 1150 72 21 hända
407 1152 32 19 att
453 1158 27 13 en
496 1150 66 21 sädan
577 1150 127 28 församling
719 1150 73 21 blefve

44 1184 90 21 alldeles
151 1186 51 19 utan
217 1184 167 22 handtverkare.

113 1218 220 28 Landtdagsmannen
356 1218 119 22 Simolin
497 1218 101 21 förmälte
619 1218 33 28 sig
671 1218 49 21 icke
740 1226 52 13 vara

45 1253 136 25 densamme,
201 1260 45 13 som
267 1252 51 21 ville
340 1260 59 13 unna
419 1253 99 20 städerne
540 1253 72 20 bättre
633 1252 111 27 förmåner
764 1254 27 19 än

45 1287 133 21 landsorten.
212 1286 51 21 Men
283 1287 84 21 talaren
387 1287 51 21 ville
458 1287 48 21 icke
526 1287 69 21 heller
617 1288 100 26 tvärtom,
740 1288 52 20 utan

46 1321 77 20 endast
150 1320 89 21 rättvisa
267 1321 22 20 ät
310 1320 112 22 hvardera.
459 1321 11 20 I
492 1321 66 27 öfrigt
579 1320 51 21 ville
653 1321 83 20 talaren
759 1328 33 13 er-

46 1355 48 20 inra
114 1356 33 18 att
166 1354 37 20 det
222 1354 8 20 i
249 1354 148 21 betänkandet
415 1361 52 13 vore
486 1354 62 27 fråga
567 1360 35 14 om
621 1354 80 21 sådana
716 1354 77 20 handt-

381 1388 7 7 8

47 1388 102 26 verkare,
167 1388 75 22 hvilka
262 1388 102 21 arbetade
380 1396 12 13 &
407 1388 101 22 verkstad
524 1388 50 21 med
588 1388 84 21 biträde
687 1388 25 21 af
724 1388 70 27 gesäl-
