964 1703
202 129 42 21 570
483 135 37 16 Den
532 134 22 17 21
567 139 51 11 mars.

240 194 222 27 Landtdagsmannen
485 193 88 21 Leino
595 193 108 26 förmälte,
726 194 32 19 att
777 193 44 20 han
840 193 33 21 för
889 193 33 21 sin

174 228 35 21 del
224 229 68 26 ansåg
307 229 98 26 husagan
420 228 53 20 böra
488 227 128 26 bibehållas,
631 227 71 20 såsom
714 227 7 20 i
732 227 42 20 den
784 227 81 28 nådiga
875 234 49 21 pro-

173 263 124 28 positionen
318 261 134 28 föreslagits,
474 262 39 21 och
533 261 114 21 anmärkte
663 261 33 21 för
712 261 66 28 öfrigt
794 263 31 19 att
840 261 37 21 det
892 262 32 21 in-

174 297 94 28 galunda
290 297 72 20 kunde
385 303 52 14 vara
459 297 43 20 rätt
523 297 31 20 att
575 295 254 27 ständsmedlemmarne,
853 296 71 21 såsom

172 331 66 21 likväl
255 331 65 26 skett,
335 331 7 19 i
358 330 48 21 sina
421 330 134 21 anföranden
571 330 63 27 gäfvo
650 330 122 20 hvarandra
788 330 102 20 stickord.

241 365 223 28 Landidagsmannen
491 364 170 21 Kotilainen
687 364 67 28 ansåg
776 364 34 20 för
834 364 33 20 sin
890 364 35 20 del

174 399 56 29 goda
252 399 47 21 skäl
321 400 34 20 för
378 399 109 27 husagans
509 398 155 22 bibehållande
686 398 64 21 hafva
769 398 72 21 blifvit
860 398 64 21 fram-

175 434 77 20 ställde
271 436 56 18 samt
346 433 75 21 trodde
437 435 32 19 att
485 440 35 14 om
540 433 35 26 de,
591 432 75 21 hvilka
685 433 71 20 säsom
772 433 85 27 tiggare
873 434 52 20 utan

174 468 128 28 uppfostran
317 468 92 21 vandrat
428 468 111 28 omkring,
561 467 109 21 befriades
685 467 49 21 frän
748 467 84 27 tuktan,
856 467 27 21 dä
899 467 25 21 de

175 503 82 21 erhöllo
273 504 75 26 tjenst,
364 502 24 22 af
401 502 49 22 dem
466 502 47 21 icke
529 502 70 21 skulle
614 502 68 21 blifva
697 503 67 19 annat
778 503 27 19 än
816 502 108 28 zigenare.

173 538 39 20 Att
235 537 65 29 skilja
322 537 49 21 dem
394 537 48 21 frän
465 538 96 27 tjensten
581 536 72 21 kunde
674 536 48 21 icke
743 536 67 22 heller
826 536 50 22 leda
891 536 34 21 till

174 572 71 21 bättre
260 572 96 20 resultat.

241 606 222 28 Landtdagsmannen
478 605 99 21 Holma
592 605 121 26 anmärkte,
729 607 32 18 att
772 605 153 21 erfarenheten

174 640 80 28 visade,
270 642 32 20 att
318 640 26 21 de
359 640 114 26 föräldrar,
489 646 45 14 som
550 639 118 21 underlätit
684 646 41 20 aga
740 640 48 20 sina
802 639 64 27 barn,
879 640 46 28 just

174 676 7 19 i
197 676 49 20 dem
266 675 86 20 erhällit
373 674 48 21 sina
441 681 71 20 agare.
542 674 51 20 Med
612 674 84 27 tjenare
712 680 51 14 vore
778 674 147 21 förhällandet

175 709 119 21 enahanda.
324 709 43 20 För
383 710 32 19 att
425 708 67 21 blifva
503 708 87 28 duglige
602 707 244 21 samhällsmedlemmar
858 708 66 21 borde

174 743 26 21 de
221 744 70 20 säsom
309 742 99 21 växande
428 743 69 27 hällas
517 743 8 20 i
544 742 83 20 tuktan.
657 742 147 21 Husbondens
820 742 105 28 ställning

175 778 33 19 till
228 777 42 21 den
290 777 99 21 växande
410 777 99 28 tjenaren
530 783 51 14 vore
603 776 83 21 snarlik
701 783 27 14 en
744 776 72 21 faders
832 777 41 20 och
888 777 37 20 det

175 812 62 27 äläge
252 811 79 21 honom
347 813 38 24 att,
402 811 27 20 dä
444 810 68 21 behof
525 810 63 21 deraf
601 810 95 28 gjordes,
711 810 60 28 gifva
781 811 101 27 tjenaren
894 811 31 20 fa-

174 846 70 27 derlig
263 853 47 20 aga.
342 845 28 21 Sä
390 845 55 21 hade
466 845 107 21 utskottet
595 846 72 19 ansett
690 845 74 20 saken.
802 845 47 21 Och
871 845 53 20 tala-

173 887 39 14 ren
234 879 76 21 trodde
334 880 33 27 sig
389 879 48 21 icke
459 879 73 21 kunna
556 880 67 19 annat
641 881 27 18 än
688 879 52 28 gilla
755 879 169 21 betänkandet
912 875 16 37 i

174 914 72 21 denna
261 913 42 22 del.

242 982 96 27 Mottogs
358 989 27 13 en
409 981 127 28 deputation
556 981 48 21 frän
622 981 152 28 ridderskapet
794 981 40 21 och
854 981 70 27 adeln,

173 1017 89 20 hvilken
284 1015 127 21 meddelade
431 1016 101 20 bemälda
553 1015 75 21 ständs
647 1015 71 21 beslut
743 1016 8 20 i
770 1015 118 27 anledning
904 1016 24 20 af

174 1050 164 29 propositionen
358 1057 35 13 n:o
416 1050 31 26 10,
471 1050 112 28 angäende
601 1050 129 27 jordegares
751 1049 124 29 skyldighet
893 1051 32 19 att

176 1087 58 19 emot
249 1084 122 28 ersättning
387 1084 89 28 uppläta
490 1084 63 21 mark
568 1084 33 20 till
617 1084 90 21 allmänt
722 1084 71 20 behof.

242 1119 163 28 Deputationen
421 1118 104 22 afträdde.

242 1187 159 21 Diskussionen
418 1194 35 14 om
464 1187 155 21 sammansatta
629 1186 45 28 lag-
686 1186 40 21 och
738 1186 186 21 ekonomiutskot-

175 1224 42 19 tets
233 1221 150 27 betänkande,
406 1222 7 20 i
430 1221 118 27 anledning
565 1221 24 21 af
605 1218 165 30 propositionen
785 1228 35 13 n:o
840 1221 26 21 48
890 1228 34 14 om

174 1256 128 27 legostadga
316 1255 33 20 för
365 1254 124 22 husbönder
505 1255 39 20 och
559 1254 141 27 tjenstehjon,
714 1254 118 21 fortsattes.

242 1288 222 28 Landtdagsmannen
482 1288 90 21 Akola
591 1288 96 27 yttrade,
710 1290 32 19 att
756 1288 43 20 han
815 1288 20 28 ej
851 1288 73 21 kunde

174 1325 58 20 rätta
247 1323 33 28 sig
294 1323 55 21 efter
365 1323 26 21 de
406 1323 75 26 böner,
497 1330 46 14 som
553 1322 73 22 blifvit
636 1322 141 27 framställde,
793 1330 35 14 om
843 1323 81 21 afskaf-

174 1358 65 21 fande
255 1358 23 21 af
291 1358 104 27 husagan.
426 1357 94 21 Talaren
539 1357 55 21 hade
611 1357 60 21 öfver
687 1358 79 27 fyratio
783 1358 23 20 är
821 1357 48 21 haft
883 1358 41 27 tje-

175 1400 61 20 nare,
253 1392 33 21 till
305 1394 31 19 ett
349 1392 60 21 antal
425 1392 23 21 af
462 1393 62 27 tjugu
540 1392 39 21 och
595 1392 51 21 flere
662 1399 35 14 om
713 1392 56 27 äret,
788 1399 50 14 men
854 1392 70 28 aldrig

174 1427 76 22 behöft
270 1427 99 22 använda
387 1427 105 29 husagan.
521 1427 63 21 Dock
605 1427 75 21 trodde
701 1427 83 21 talaren
800 1428 32 21 att
847 1427 76 29 rättig-
