1006 1703
211 133 43 20 900
492 137 38 17 Den
544 137 21 16 1$
578 136 48 23 april.

182 197 62 22 detta
257 197 58 28 höga
328 197 44 21 mäl
386 197 58 21 varit
458 196 42 21 den
515 196 126 27 ledstjerna,
654 201 46 16 som
711 195 134 22 föresväfvat
855 195 80 21 bonde-

184 232 87 21 ständet
292 231 46 21 lika
359 231 88 28 mycket
470 237 46 15 som
535 230 27 21 de
581 230 71 28 öfriga
666 229 140 22 riksständen
821 229 36 22 vid
873 229 62 22 deras

183 265 83 22 fattade
281 265 79 22 beslut.

251 300 45 21 Det
310 299 72 22 finska
396 299 70 22 folket
480 301 24 20 är
518 299 108 22 mähända
641 306 46 15 mer
703 301 27 20 än
746 299 68 22 andra
823 299 112 21 motsträf-

183 335 53 27 vigt,
258 335 28 21 dä
306 335 37 20 det
362 334 70 28 gäller
447 334 134 28 frängäende
596 334 25 20 af
634 335 72 27 gamla
720 341 75 15 vanor.
824 334 52 21 Man
891 334 43 20 kan

183 369 87 21 derföre
288 369 90 27 förutse,
398 370 33 20 att
445 369 53 21 flere
513 369 24 21 af
549 368 191 22 landtständernas
755 376 29 14 nu
799 369 83 21 fattade
897 368 38 22 be-

182 404 44 21 slut
240 404 88 22 komma
342 405 33 19 att
390 403 34 21 till
438 410 27 14 en
476 404 77 28 början
563 403 49 21 icke
623 404 68 20 väcka
700 404 63 20 bifall
773 404 7 20 i
791 404 82 28 landet;
885 410 50 15 men

182 438 38 21 det
234 438 71 20 finska
318 438 80 20 folkets
414 438 73 20 kända
501 438 124 28 laglydnad,
642 438 108 28 sedlighet
765 438 40 21 och
819 438 116 28 gudsfruk-

183 475 37 18 tan
239 474 37 19 äro
298 472 105 28 derjemte
419 479 26 13 en
461 472 119 28 tillräcklig
594 472 91 28 borgen,
699 474 32 19 att
746 472 43 21 alla
804 472 86 29 nyttiga
905 480 30 14 nu

182 507 101 21 beslutna
298 506 153 28 förändringar
466 506 63 28 lugnt
544 506 74 21 kunna
634 507 145 27 genomföras,
795 507 40 21 och
845 507 90 21 ankom-

182 548 46 13 mer
244 541 36 20 det
296 540 7 21 i
318 540 90 21 främsta
423 542 95 19 rummet
533 541 27 27 pä
571 540 37 21 det
618 540 135 22 hedervärda
764 541 171 21 bondeständets

182 575 126 26 ledamöter,
330 575 71 21 säsom
421 576 97 20 närmast
537 575 7 21 i
559 574 103 28 beröring
677 575 49 21 med
742 576 95 20 flertalet
851 576 25 20 af
888 576 46 21 lan-

182 609 48 21 dets
245 609 136 28 befolkning,
396 611 32 19 att
443 609 74 22 härtill
532 609 92 28 kraftigt
638 609 97 29 bidraga.

250 644 127 21 Förvissadt
392 651 34 14 om
442 644 170 21 bondeständets
627 644 168 29 beredvillighet
810 645 7 21 i
832 645 60 22 detta
903 646 31 21 af-

182 679 86 27 seende,
283 679 93 21 likasom
392 685 34 14 om
443 679 82 28 hoppet
540 681 32 18 att
588 681 60 18 snart
660 679 69 27 jemte
744 680 70 27 öfrige
825 681 108 21 medstän-

181 713 41 21 den
246 713 22 21 få
290 713 34 21 till
343 712 105 29 landtdag
466 713 47 21 åter
529 713 191 27 sammankomma,
737 714 99 21 anhåller
851 715 82 21 ridder-

181 748 77 28 skapet
278 747 40 21 och
338 748 64 20 adeln
420 749 32 19 att
466 748 23 20 fä
504 748 80 28 betyga
599 748 37 20 det
651 748 135 22 hedervärda
800 749 133 22 bondestän-

180 782 37 22 det
232 782 34 21 sin
282 782 92 28 aktning
389 782 40 20 och
445 782 154 28 tillgifvenhet,
615 784 57 19 samt
686 782 121 22 innesluter
818 784 34 28 sig
862 784 7 20 i
880 784 53 22 bon-

180 816 125 22 deständets
320 816 98 28 vänskap
433 816 41 21 och
490 816 94 28 välvilja.

248 850 73 22 Sedan
340 851 127 21 talmannen
488 851 70 21 tolkat
576 851 98 21 ständets
689 852 97 21 vördnad
801 852 40 22 och
856 853 77 28 tillgif-

179 885 81 22 venhet
282 887 56 19 samt
359 885 115 21 inneslutit
494 886 87 20 ståndet
600 886 8 20 i
622 886 163 29 ridderskapets
801 888 40 20 och
856 888 76 21 adelns

179 920 134 21 fortfarande
328 920 94 28 välvilja,
438 920 98 21 afträdde
550 920 162 28 deputationen.

247 989 115 28 Emottogs
382 996 27 14 en
429 989 126 28 deputation
570 989 48 21 från
634 990 167 28 prestaståndet,
817 991 77 21 anförd
909 992 25 21 af

180 1023 107 28 biskopen
303 1023 7 20 i
325 1023 87 28 Kuopio
428 1023 47 21 stift
490 1023 50 21 herr
556 1023 92 22 doktorn
663 1024 123 27 Frosterus,
800 1025 89 21 hvilken
900 1026 31 21 af-

178 1057 49 22 lade
244 1057 38 21 sitt
297 1057 74 21 stånds
386 1057 191 29 afskedshelsning
591 1058 41 21 och
647 1059 87 27 yttrade
749 1059 34 28 sig
798 1059 75 22 dervid
884 1067 45 14 som

178 1091 75 28 följer:

246 1125 52 22 Med
320 1125 74 28 glädje
417 1126 7 21 i
446 1126 82 28 hjertat
550 1126 108 22 samlades
678 1127 22 21 vi
714 1127 40 27 hit,
770 1127 49 22 med
835 1128 95 29 glädje
917 1121 15 40 i

178 1159 81 28 hjertat
280 1159 124 29 påbegynte
426 1160 22 21 vi
470 1161 52 20 våra
544 1161 89 20 arbeten
652 1161 46 27 här,
714 1161 40 22 och
769 1162 50 21 med
834 1163 73 28 glädje
922 1163 8 20 i

177 1194 82 27 hjertat
274 1194 75 21 kunna
362 1194 21 21 vi
398 1194 72 28 äfven,
486 1195 50 21 tack
548 1201 52 15 vare
612 1195 55 27 Gud,
679 1195 76 29 skiljas
765 1196 50 21 bort
825 1197 104 21 härifrån.

177 1227 50 22 Alle
247 1228 64 22 hafve
329 1229 21 21 vi
364 1228 81 28 åsyftat
460 1229 36 21 det
511 1229 89 22 älskade
615 1229 189 22 fäderneslandets
819 1231 110 21 allmänna

176 1261 64 21 bästa
257 1261 40 21 och
315 1261 98 28 redligen
429 1263 79 20 uttalat
520 1263 53 21 våra
587 1263 79 21 tankar
680 1263 82 22 derom.
792 1264 136 28 Visserligen

176 1295 41 21 har
231 1295 49 21 icke
296 1295 46 27 allt,
357 1295 57 22 hvad
428 1298 32 19 ett
475 1297 54 21 eller
544 1299 67 19 annat
626 1297 70 28 stånd,
711 1297 57 22 hvad
783 1305 27 14 en
826 1299 55 20 eller
891 1306 38 14 an-

176 1335 43 16 nan
235 1329 24 22 af
272 1329 50 22 dess
336 1330 142 22 medlemmar
492 1331 100 29 hoppats,
602 1331 84 22 kunnat
697 1332 170 29 åstadkommas;
878 1340 51 15 men

176 1363 68 22 låtom
266 1371 36 15 oss
325 1364 56 22 dock
398 1372 53 15 vara
470 1365 142 29 öfvertygade
627 1367 82 27 derom,
724 1368 32 20 att
771 1367 56 22 hvad
843 1375 45 14 som
905 1369 25 20 är

176 1399 83 28 nyttigt
274 1399 40 21 och
330 1399 52 28 godt
397 1399 35 22 för
446 1400 151 28 fosterlandet,
612 1401 51 22 med
678 1401 60 22 Guds
753 1402 68 29 hjelp,
837 1403 46 20 förr
898 1403 30 21 el-

175 1433 33 21 ler
228 1433 92 22 sednare
340 1434 55 21 skall
416 1434 88 23 komma
518 1437 32 20 att
566 1435 44 22 ske.
641 1436 99 29 Endrägt
754 1437 41 21 och
811 1437 118 28 ömsesidig
