973 1709
208 134 40 23 144
337 153 3 2 N
495 141 37 19 Den
544 140 11 20 2
567 139 42 21 febr.

247 202 122 28 Föredrogs
385 204 30 19 ett
430 203 24 20 af
467 202 208 28 landtdagsmannen
690 202 146 21 Liimatainen
847 201 77 22 inlem-

179 236 61 27 nadt,
263 238 56 19 samt
338 236 41 21 den
400 237 26 20 29
443 237 87 28 januari
550 236 114 28 bordlagdt
679 236 193 28 petitionsförslag,
888 243 36 13 an-

179 271 83 28 gäende
278 270 127 29 förändring
419 272 24 20 af
461 271 57 20 tiden
543 271 33 20 för
598 270 267 28 mantalsskrifningarnes
880 270 45 21 häl-

179 305 74 27 lande;
274 305 110 22 äfvensom
405 305 111 28 angäende
532 305 84 22 läkares
636 305 146 29 förpligtande
804 307 32 20 att
856 305 70 21 sävidt

180 340 34 28 sig
229 341 53 26 göra
302 340 30 21 lät
350 340 86 21 utfärda
458 342 74 26 recept
557 340 55 21 både
633 340 29 28 pä
684 339 70 22 finska
776 340 39 21 och
832 339 94 22 latinska

182 374 94 29 språket.

247 409 220 28 Landtdagsmannen
483 409 111 22 Simolin
610 409 67 28 ansåg
692 409 37 21 det
745 415 51 15 vara
812 409 114 28 olämpligt

180 445 33 20 att
231 444 255 28 mantalsskrifningarne
508 444 68 21 hölles
592 443 68 22 under
676 443 180 22 läsförhörstiden
872 445 56 20 samt

180 478 52 21 fann
252 479 48 20 icke
320 478 68 22 heller
408 479 47 21 skäl
475 479 117 21 förefinnas
612 479 72 21 dertill
700 481 31 18 att
746 481 99 26 recepter
860 478 66 21 borde

182 513 93 21 skrifvas
291 514 27 28 på
334 513 68 22 finska
418 514 93 28 språket.
542 514 91 21 Talaren
650 514 81 28 yrkade
747 514 86 21 derföre
848 515 32 19 att
890 520 37 22 pe-

182 548 92 21 titionen
296 549 67 21 mätte
386 549 75 28 läggas
481 549 33 21 till
536 549 168 28 handlingarne,
727 549 55 20 helst
802 555 50 15 man
871 549 55 21 hade

182 583 128 28 tillräckligt
325 584 74 21 arbete
415 584 63 21 förut.

248 617 221 30 Landtdagsmannen
491 618 187 29 Pohjalainen
701 625 37 14 var
759 625 51 14 ense
829 617 49 22 med
894 618 33 21 Si-

182 653 75 21 molin.

251 687 220 29 Landtdagsmannen
494 688 135 28 Paajanen
647 687 113 22 anmärkte
779 689 31 20 att
830 687 36 22 det
880 687 48 22 icke

183 721 99 30 lämpade
303 722 33 28 sig
354 724 31 19 att
403 724 89 27 presten
506 729 52 15 vore
571 722 212 22 häradsskrifvarens
798 723 85 27 tjenare
899 722 29 21 el-

182 756 32 22 ler
228 758 104 27 tvärtom,
350 757 101 22 hvarföre
466 757 136 22 läsförhören
618 758 40 21 och
673 757 255 28 mantalsskrifningarne

183 791 48 22 icke
246 792 67 21 borde
329 793 174 21 sammanhindas
521 793 49 21 med
588 792 127 22 hvarandra.
746 793 64 21 Hvad
824 793 46 21 åter
883 793 45 21 vid-

183 827 87 21 komme
285 827 213 29 läkarerecepterne,
514 828 24 21 sä
554 827 74 22 trodde
643 828 82 21 talaren
742 829 31 20 att
788 828 26 21 de
831 827 97 22 skrefvos

183 862 29 28 pä
230 861 64 28 latin,
317 862 29 29 pä
365 863 36 21 det
421 864 32 19 att
473 862 25 21 de
519 863 66 21 mätte
606 862 78 22 förstäs
703 863 24 21 af
740 862 42 22 alla
796 862 87 21 länders
898 863 30 20 lä-

186 896 58 22 kare.
274 897 93 21 Talaren
383 898 52 21 fann
451 897 37 21 det
502 898 49 21 icke
567 897 69 21 heller
654 897 110 28 önskeligt
779 899 32 20 att
826 897 52 22 hvar
889 898 39 21 och

185 938 26 14 en
234 932 86 28 företog
343 932 32 28 sig
395 933 32 20 att
446 932 87 21 tillreda
552 932 93 21 medicin
665 932 68 28 enligt
748 934 104 26 recepter.
883 932 46 21 Och

186 973 50 14 vore
250 966 76 21 sädant
341 967 20 27 ej
377 967 69 21 heller
461 967 77 28 nödigt
552 967 27 20 dä
594 974 50 13 man
659 967 28 28 pä
701 967 70 21 finska
784 967 54 28 egde
850 969 79 19 tvänne

186 1000 134 21 medicinska
341 1000 98 27 arbeten,
463 1001 87 26 ,Haava
569 1001 93 20 lääkäri*
683 1001 39 20 och
743 1001 62 27 ,Koti
830 1001 100 28 lääkäri*,

186 1035 73 21 hvilka
274 1034 108 28 allmogen
398 1035 72 21 kunde
485 1035 106 28 begagna,
610 1037 39 19 när
668 1035 73 22 läkare
757 1035 47 22 icke
820 1035 63 22 fanns
899 1037 32 20 att

185 1069 73 21 anlita.
288 1069 44 21 Det
347 1069 71 22 kunde
435 1069 109 22 dessutom
560 1069 96 22 medföra
672 1070 88 28 olyckor
774 1077 35 14 om
819 1077 111 22 personer,

186 1111 44 14 som
246 1104 48 21 icke
313 1104 53 28 egde
387 1105 68 28 nägra
474 1105 134 21 medicinska
629 1105 88 27 studier,
737 1105 99 28 företoge
851 1105 33 28 sig
899 1107 32 18 att

186 1139 87 20 tillreda
288 1139 99 21 medicin.

253 1172 220 30 Landtdagsmannen
496 1173 158 29 Mynttinen
676 1173 85 28 yttrade
780 1176 31 19 att
827 1181 45 14 som
888 1174 42 28 sjö-

186 1214 60 15 resor
262 1214 51 14 voro
329 1207 92 28 vädliga,
436 1207 67 22 borde
518 1208 254 27 mantalsskrifningarne
784 1209 101 20 förrättas
896 1215 34 14 om

187 1243 85 20 vintern
292 1242 7 20 i
319 1241 26 21 de
364 1242 122 20 landsorter
507 1242 37 20 der
563 1242 221 26 sjökommunikation
803 1243 68 19 mäste
894 1243 36 19 be-

188 1282 88 21 gagnas.
306 1274 63 21 Hvad
385 1275 46 20 åter
446 1275 94 27 anginge
556 1275 76 27 frågan
648 1281 33 14 om
698 1275 70 20 finska
783 1276 98 27 språkets
895 1275 37 21 be-

187 1309 114 28 gagnande
316 1308 37 21 vid
367 1308 134 21 författande
516 1309 24 21 af
553 1311 105 26 recepter,
677 1310 23 20 sä
720 1309 68 28 ansäg
802 1309 82 21 talaren
900 1311 32 20 att

188 1351 34 14 om
238 1350 50 14 man
300 1342 40 22 ock
355 1343 6 21 i
377 1343 66 21 andra
457 1343 75 22 länder
543 1343 86 22 skrefve
640 1346 98 26 recepter
748 1345 29 28 pä
786 1344 64 28 latin,
864 1344 68 22 borde

188 1385 49 14 man
253 1378 54 21 dock
330 1378 6 21 i
359 1377 93 22 Finland
475 1378 72 21 dertill
565 1379 99 28 begagna
680 1379 75 21 finska.
784 1377 92 24 Talaren
897 1386 35 21 yr-

187 1413 56 21 kade
264 1413 99 21 ärendets
383 1413 155 21 remitterande
558 1414 32 21 till
611 1413 96 22 ständets
728 1414 92 21 enskilta
835 1415 98 21 besvärs-

187 1448 89 21 utskott.
