<?xml version="1.0" encoding="UTF-8"?>
<alto xmlns="http://www.loc.gov/standards/alto/ns-v3#" xmlns:xlink="http://www.w3.org/1999/xlink" xmlns:xsi="http://www.w3.org/2001/XMLSchema-instance" xsi:schemaLocation="http://www.loc.gov/standards/alto/ns-v3# http://www.loc.gov/alto/v3/alto-3-0.xsd">
	<Description>
		<MeasurementUnit>pixel</MeasurementUnit>
		<sourceImageInformation>
			<fileName>/tmp/tess_ljdg2vqs_input.PNG</fileName>
		</sourceImageInformation>
		<OCRProcessing ID="OCR_0">
			<ocrProcessingStep>
				<processingSoftware>
					<softwareName>tesseract 5.3.4</softwareName>
				</processingSoftware>
			</ocrProcessingStep>
		</OCRProcessing>
	</Description>
	<Layout>
		<Page WIDTH="964" HEIGHT="1703" PHYSICAL_IMG_NR="0" ID="page_0">
			<PrintSpace HPOS="0" VPOS="0" WIDTH="964" HEIGHT="1703">
				<ComposedBlock ID="cblock_0" HPOS="209" VPOS="141" WIDTH="409" HEIGHT="22">
					<TextBlock ID="block_0" HPOS="209" VPOS="141" WIDTH="409" HEIGHT="22">
						<TextLine ID="line_0" HPOS="209" VPOS="141" WIDTH="409" HEIGHT="22">
							<String ID="string_0" HPOS="209" VPOS="141" WIDTH="41" HEIGHT="20" WC="0.96" CONTENT="348"/><SP WIDTH="242" VPOS="141" HPOS="250"/>
							<String ID="string_1" HPOS="492" VPOS="146" WIDTH="38" HEIGHT="16" WC="0.96" CONTENT="Den"/><SP WIDTH="12" VPOS="146" HPOS="530"/>
							<String ID="string_2" HPOS="542" VPOS="145" WIDTH="23" HEIGHT="17" WC="0.96" CONTENT="24"/><SP WIDTH="12" VPOS="145" HPOS="565"/>
							<String ID="string_3" HPOS="577" VPOS="145" WIDTH="41" HEIGHT="18" WC="0.96" CONTENT="febr."/>
						</TextLine>
					</TextBlock>
				</ComposedBlock>
				<ComposedBlock ID="cblock_1" HPOS="180" VPOS="204" WIDTH="755" HEIGHT="1266">
					<TextBlock ID="block_1" HPOS="180" VPOS="204" WIDTH="751" HEIGHT="227">
						<TextLine ID="line_1" HPOS="180" VPOS="204" WIDTH="749" HEIGHT="29">
							<String ID="string_4" HPOS="180" VPOS="205" WIDTH="118" HEIGHT="21" WC="0.96" CONTENT="Dessutom"/><SP WIDTH="13" VPOS="205" HPOS="298"/>
							<String ID="string_5" HPOS="311" VPOS="205" WIDTH="66" HEIGHT="21" WC="0.96" CONTENT="rådde"/><SP WIDTH="14" VPOS="205" HPOS="377"/>
							<String ID="string_6" HPOS="391" VPOS="205" WIDTH="6" HEIGHT="20" WC="0.96" CONTENT="i"/><SP WIDTH="14" VPOS="205" HPOS="397"/>
							<String ID="string_7" HPOS="411" VPOS="205" WIDTH="104" HEIGHT="28" WC="0.96" CONTENT="förslaget"/><SP WIDTH="13" VPOS="205" HPOS="515"/>
							<String ID="string_8" HPOS="528" VPOS="205" WIDTH="92" HEIGHT="27" WC="0.93" CONTENT="mycken"/><SP WIDTH="14" VPOS="205" HPOS="620"/>
							<String ID="string_9" HPOS="634" VPOS="204" WIDTH="148" HEIGHT="21" WC="0.92" CONTENT="obestämdhet"/><SP WIDTH="11" VPOS="204" HPOS="782"/>
							<String ID="string_10" HPOS="793" VPOS="204" WIDTH="71" HEIGHT="21" WC="0.95" CONTENT="såsom"/><SP WIDTH="11" VPOS="204" HPOS="864"/>
							<String ID="string_11" HPOS="875" VPOS="204" WIDTH="54" HEIGHT="28" WC="0.96" CONTENT="följd"/>
						</TextLine>
						<TextLine ID="line_2" HPOS="181" VPOS="238" WIDTH="748" HEIGHT="29">
							<String ID="string_12" HPOS="181" VPOS="239" WIDTH="62" HEIGHT="22" WC="0.96" CONTENT="deraf"/><SP WIDTH="13" VPOS="239" HPOS="243"/>
							<String ID="string_13" HPOS="256" VPOS="241" WIDTH="32" HEIGHT="19" WC="0.96" CONTENT="att"/><SP WIDTH="15" VPOS="241" HPOS="288"/>
							<String ID="string_14" HPOS="303" VPOS="239" WIDTH="68" HEIGHT="21" WC="0.96" CONTENT="under"/><SP WIDTH="16" VPOS="239" HPOS="371"/>
							<String ID="string_15" HPOS="387" VPOS="241" WIDTH="82" HEIGHT="19" WC="0.96" CONTENT="samma"/><SP WIDTH="15" VPOS="241" HPOS="469"/>
							<String ID="string_16" HPOS="484" VPOS="240" WIDTH="18" HEIGHT="27" WC="0.71" CONTENT="8,"/><SP WIDTH="15" VPOS="240" HPOS="502"/>
							<String ID="string_17" HPOS="517" VPOS="240" WIDTH="15" HEIGHT="19" WC="0.93" CONTENT="t."/><SP WIDTH="17" VPOS="240" HPOS="532"/>
							<String ID="string_18" HPOS="549" VPOS="245" WIDTH="33" HEIGHT="14" WC="0.96" CONTENT="ex."/><SP WIDTH="16" VPOS="245" HPOS="582"/>
							<String ID="string_19" HPOS="598" VPOS="239" WIDTH="25" HEIGHT="27" WC="0.95" CONTENT="$$"/><SP WIDTH="17" VPOS="239" HPOS="623"/>
							<String ID="string_20" HPOS="640" VPOS="239" WIDTH="25" HEIGHT="20" WC="0.96" CONTENT="15"/><SP WIDTH="11" VPOS="239" HPOS="665"/>
							<String ID="string_21" HPOS="676" VPOS="238" WIDTH="40" HEIGHT="21" WC="0.96" CONTENT="och"/><SP WIDTH="13" VPOS="238" HPOS="716"/>
							<String ID="string_22" HPOS="729" VPOS="239" WIDTH="32" HEIGHT="26" WC="0.93" CONTENT="16,"/><SP WIDTH="16" VPOS="239" HPOS="761"/>
							<String ID="string_23" HPOS="777" VPOS="238" WIDTH="152" HEIGHT="21" WC="0.92" CONTENT="sammanförts"/>
						</TextLine>
						<TextLine ID="line_3" HPOS="180" VPOS="272" WIDTH="750" HEIGHT="30">
							<String ID="string_24" HPOS="180" VPOS="274" WIDTH="87" HEIGHT="28" WC="0.94" CONTENT="mycket"/><SP WIDTH="20" VPOS="274" HPOS="267"/>
							<String ID="string_25" HPOS="287" VPOS="273" WIDTH="58" HEIGHT="21" WC="0.96" CONTENT="olika"/><SP WIDTH="19" VPOS="273" HPOS="345"/>
							<String ID="string_26" HPOS="364" VPOS="273" WIDTH="59" HEIGHT="21" WC="0.93" CONTENT="brott"/><SP WIDTH="21" VPOS="273" HPOS="423"/>
							<String ID="string_27" HPOS="444" VPOS="273" WIDTH="48" HEIGHT="21" WC="0.96" CONTENT="från"/><SP WIDTH="21" VPOS="273" HPOS="492"/>
							<String ID="string_28" HPOS="513" VPOS="280" WIDTH="26" HEIGHT="14" WC="0.93" CONTENT="en"/><SP WIDTH="20" VPOS="280" HPOS="539"/>
							<String ID="string_29" HPOS="559" VPOS="273" WIDTH="57" HEIGHT="20" WC="0.95" CONTENT="blott"/><SP WIDTH="19" VPOS="273" HPOS="616"/>
							<String ID="string_30" HPOS="635" VPOS="273" WIDTH="48" HEIGHT="20" WC="0.96" CONTENT="örfil"/><SP WIDTH="18" VPOS="273" HPOS="683"/>
							<String ID="string_31" HPOS="701" VPOS="273" WIDTH="33" HEIGHT="20" WC="0.93" CONTENT="till"/><SP WIDTH="16" VPOS="273" HPOS="734"/>
							<String ID="string_32" HPOS="750" VPOS="273" WIDTH="66" HEIGHT="27" WC="0.93" CONTENT="tvång"/><SP WIDTH="15" VPOS="273" HPOS="816"/>
							<String ID="string_33" HPOS="831" VPOS="272" WIDTH="99" HEIGHT="21" WC="0.92" CONTENT="utöfvadt"/>
						</TextLine>
						<TextLine ID="line_4" HPOS="182" VPOS="307" WIDTH="747" HEIGHT="27">
							<String ID="string_34" HPOS="182" VPOS="310" WIDTH="45" HEIGHT="19" WC="0.93" CONTENT="mot"/><SP WIDTH="16" VPOS="310" HPOS="227"/>
							<String ID="string_35" HPOS="243" VPOS="309" WIDTH="144" HEIGHT="25" WC="0.91" CONTENT="embetsman,"/><SP WIDTH="17" VPOS="309" HPOS="387"/>
							<String ID="string_36" HPOS="404" VPOS="307" WIDTH="33" HEIGHT="21" WC="0.96" CONTENT="för"/><SP WIDTH="16" VPOS="307" HPOS="437"/>
							<String ID="string_37" HPOS="453" VPOS="309" WIDTH="32" HEIGHT="19" WC="0.93" CONTENT="att"/><SP WIDTH="14" VPOS="309" HPOS="485"/>
							<String ID="string_38" HPOS="499" VPOS="307" WIDTH="70" HEIGHT="21" WC="0.92" CONTENT="förmä"/><SP WIDTH="16" VPOS="307" HPOS="569"/>
							<String ID="string_39" HPOS="585" VPOS="307" WIDTH="79" HEIGHT="20" WC="0.96" CONTENT="honom"/><SP WIDTH="16" VPOS="307" HPOS="664"/>
							<String ID="string_40" HPOS="680" VPOS="309" WIDTH="31" HEIGHT="18" WC="0.96" CONTENT="att"/><SP WIDTH="16" VPOS="309" HPOS="711"/>
							<String ID="string_41" HPOS="727" VPOS="307" WIDTH="50" HEIGHT="20" WC="0.93" CONTENT="vika"/><SP WIDTH="15" VPOS="307" HPOS="777"/>
							<String ID="string_42" HPOS="792" VPOS="307" WIDTH="48" HEIGHT="20" WC="0.93" CONTENT="frän"/><SP WIDTH="11" VPOS="307" HPOS="840"/>
							<String ID="string_43" HPOS="851" VPOS="307" WIDTH="78" HEIGHT="27" WC="0.93" CONTENT="fullgö-"/>
						</TextLine>
						<TextLine ID="line_5" HPOS="181" VPOS="341" WIDTH="749" HEIGHT="27">
							<String ID="string_44" HPOS="181" VPOS="342" WIDTH="77" HEIGHT="21" WC="0.92" CONTENT="randet"/><SP WIDTH="16" VPOS="342" HPOS="258"/>
							<String ID="string_45" HPOS="274" VPOS="342" WIDTH="23" HEIGHT="20" WC="0.96" CONTENT="af"/><SP WIDTH="13" VPOS="342" HPOS="297"/>
							<String ID="string_46" HPOS="310" VPOS="342" WIDTH="33" HEIGHT="20" WC="0.93" CONTENT="sin"/><SP WIDTH="19" VPOS="342" HPOS="343"/>
							<String ID="string_47" HPOS="362" VPOS="342" WIDTH="77" HEIGHT="26" WC="0.92" CONTENT="tjenst,"/><SP WIDTH="22" VPOS="342" HPOS="439"/>
							<String ID="string_48" HPOS="461" VPOS="343" WIDTH="54" HEIGHT="19" WC="0.93" CONTENT="samt"/><SP WIDTH="21" VPOS="343" HPOS="515"/>
							<String ID="string_49" HPOS="536" VPOS="341" WIDTH="49" HEIGHT="20" WC="0.90" CONTENT="väld"/><SP WIDTH="16" VPOS="341" HPOS="585"/>
							<String ID="string_50" HPOS="601" VPOS="341" WIDTH="13" HEIGHT="21" WC="0.92" CONTENT="&amp;"/><SP WIDTH="14" VPOS="341" HPOS="614"/>
							<String ID="string_51" HPOS="628" VPOS="341" WIDTH="106" HEIGHT="21" WC="0.92" CONTENT="föräldrar"/><SP WIDTH="16" VPOS="341" HPOS="734"/>
							<String ID="string_52" HPOS="750" VPOS="347" WIDTH="18" HEIGHT="14" WC="0.95" CONTENT="o."/><SP WIDTH="17" VPOS="347" HPOS="768"/>
							<String ID="string_53" HPOS="785" VPOS="347" WIDTH="16" HEIGHT="13" WC="0.95" CONTENT="s."/><SP WIDTH="14" VPOS="347" HPOS="801"/>
							<String ID="string_54" HPOS="815" VPOS="348" WIDTH="21" HEIGHT="13" WC="0.92" CONTENT="v."/><SP WIDTH="31" VPOS="348" HPOS="836"/>
							<String ID="string_55" HPOS="867" VPOS="341" WIDTH="63" HEIGHT="20" WC="0.90" CONTENT="Tala-"/>
						</TextLine>
						<TextLine ID="line_6" HPOS="181" VPOS="374" WIDTH="750" HEIGHT="29">
							<String ID="string_56" HPOS="181" VPOS="382" WIDTH="39" HEIGHT="14" WC="0.95" CONTENT="ren"/><SP WIDTH="20" VPOS="382" HPOS="220"/>
							<String ID="string_57" HPOS="240" VPOS="376" WIDTH="73" HEIGHT="20" WC="0.93" CONTENT="kunde"/><SP WIDTH="20" VPOS="376" HPOS="313"/>
							<String ID="string_58" HPOS="333" VPOS="375" WIDTH="86" HEIGHT="21" WC="0.92" CONTENT="derföre"/><SP WIDTH="14" VPOS="375" HPOS="419"/>
							<String ID="string_59" HPOS="433" VPOS="375" WIDTH="48" HEIGHT="21" WC="0.91" CONTENT="icke"/><SP WIDTH="15" VPOS="375" HPOS="481"/>
							<String ID="string_60" HPOS="496" VPOS="374" WIDTH="116" HEIGHT="29" WC="0.92" CONTENT="godkänna"/><SP WIDTH="15" VPOS="374" HPOS="612"/>
							<String ID="string_61" HPOS="627" VPOS="375" WIDTH="105" HEIGHT="27" WC="0.92" CONTENT="förslaget"/><SP WIDTH="15" VPOS="375" HPOS="732"/>
							<String ID="string_62" HPOS="747" VPOS="375" WIDTH="40" HEIGHT="20" WC="0.93" CONTENT="och"/><SP WIDTH="15" VPOS="375" HPOS="787"/>
							<String ID="string_63" HPOS="802" VPOS="374" WIDTH="82" HEIGHT="28" WC="0.92" CONTENT="yrkade"/><SP WIDTH="16" VPOS="374" HPOS="884"/>
							<String ID="string_64" HPOS="900" VPOS="376" WIDTH="31" HEIGHT="19" WC="0.96" CONTENT="att"/>
						</TextLine>
						<TextLine ID="line_7" HPOS="182" VPOS="409" WIDTH="715" HEIGHT="22">
							<String ID="string_65" HPOS="182" VPOS="410" WIDTH="36" HEIGHT="21" WC="0.93" CONTENT="det"/><SP WIDTH="15" VPOS="410" HPOS="218"/>
							<String ID="string_66" HPOS="233" VPOS="410" WIDTH="67" HEIGHT="21" WC="0.92" CONTENT="mätte"/><SP WIDTH="16" VPOS="410" HPOS="300"/>
							<String ID="string_67" HPOS="316" VPOS="410" WIDTH="33" HEIGHT="20" WC="0.93" CONTENT="till"/><SP WIDTH="15" VPOS="410" HPOS="349"/>
							<String ID="string_68" HPOS="364" VPOS="410" WIDTH="107" HEIGHT="20" WC="0.92" CONTENT="utskottet"/><SP WIDTH="15" VPOS="410" HPOS="471"/>
							<String ID="string_69" HPOS="486" VPOS="409" WIDTH="170" HEIGHT="21" WC="0.92" CONTENT="äterremitteras"/><SP WIDTH="16" VPOS="409" HPOS="656"/>
							<String ID="string_70" HPOS="672" VPOS="409" WIDTH="33" HEIGHT="20" WC="0.96" CONTENT="för"/><SP WIDTH="16" VPOS="409" HPOS="705"/>
							<String ID="string_71" HPOS="721" VPOS="410" WIDTH="31" HEIGHT="20" WC="0.93" CONTENT="att"/><SP WIDTH="16" VPOS="410" HPOS="752"/>
							<String ID="string_72" HPOS="768" VPOS="409" WIDTH="129" HEIGHT="21" WC="0.92" CONTENT="omarbetas."/>
						</TextLine>
					</TextBlock>
					<TextBlock ID="block_2" HPOS="250" VPOS="437" WIDTH="642" HEIGHT="35">
						<TextLine ID="line_8" HPOS="250" VPOS="437" WIDTH="642" HEIGHT="35">
							<String ID="string_73" HPOS="250" VPOS="444" WIDTH="222" HEIGHT="28" WC="0.89" CONTENT="Landtdagsmannen"/><SP WIDTH="16" VPOS="444" HPOS="472"/>
							<String ID="string_74" HPOS="488" VPOS="444" WIDTH="106" HEIGHT="20" WC="0.96" CONTENT="Simula"/><SP WIDTH="15" VPOS="444" HPOS="594"/>
							<String ID="string_75" HPOS="609" VPOS="450" WIDTH="38" HEIGHT="14" WC="0.93" CONTENT="var"/><SP WIDTH="16" VPOS="450" HPOS="647"/>
							<String ID="string_76" HPOS="663" VPOS="450" WIDTH="52" HEIGHT="14" WC="0.93" CONTENT="ense"/><SP WIDTH="15" VPOS="450" HPOS="715"/>
							<String ID="string_77" HPOS="730" VPOS="443" WIDTH="50" HEIGHT="21" WC="0.96" CONTENT="med"/><SP WIDTH="15" VPOS="443" HPOS="780"/>
							<String ID="string_78" HPOS="795" VPOS="437" WIDTH="97" HEIGHT="33" WC="0.94" CONTENT="Östring."/>
						</TextLine>
					</TextBlock>
					<TextBlock ID="block_3" HPOS="182" VPOS="472" WIDTH="750" HEIGHT="242">
						<TextLine ID="line_9" HPOS="250" VPOS="472" WIDTH="681" HEIGHT="34">
							<String ID="string_79" HPOS="250" VPOS="478" WIDTH="221" HEIGHT="28" WC="0.92" CONTENT="Landtdagsmannen"/><SP WIDTH="16" VPOS="478" HPOS="471"/>
							<String ID="string_80" HPOS="487" VPOS="478" WIDTH="66" HEIGHT="21" WC="0.93" CONTENT="Keto"/><SP WIDTH="17" VPOS="478" HPOS="553"/>
							<String ID="string_81" HPOS="570" VPOS="478" WIDTH="95" HEIGHT="20" WC="0.92" CONTENT="erkände"/><SP WIDTH="11" VPOS="478" HPOS="665"/>
							<String ID="string_82" HPOS="676" VPOS="480" WIDTH="32" HEIGHT="18" WC="0.93" CONTENT="att"/><SP WIDTH="10" VPOS="480" HPOS="708"/>
							<String ID="string_83" HPOS="718" VPOS="472" WIDTH="101" HEIGHT="34" WC="0.93" CONTENT="Östrings"/><SP WIDTH="11" VPOS="472" HPOS="819"/>
							<String ID="string_84" HPOS="830" VPOS="478" WIDTH="101" HEIGHT="21" WC="0.93" CONTENT="anmärk-"/>
						</TextLine>
						<TextLine ID="line_10" HPOS="183" VPOS="512" WIDTH="747" HEIGHT="31">
							<String ID="string_85" HPOS="183" VPOS="515" WIDTH="53" HEIGHT="28" WC="0.93" CONTENT="ning"/><SP WIDTH="19" VPOS="515" HPOS="236"/>
							<String ID="string_86" HPOS="255" VPOS="514" WIDTH="48" HEIGHT="20" WC="0.92" CONTENT="icke"/><SP WIDTH="20" VPOS="514" HPOS="303"/>
							<String ID="string_87" HPOS="323" VPOS="520" WIDTH="38" HEIGHT="14" WC="0.96" CONTENT="var"/><SP WIDTH="16" VPOS="520" HPOS="361"/>
							<String ID="string_88" HPOS="377" VPOS="515" WIDTH="52" HEIGHT="19" WC="0.97" CONTENT="utan"/><SP WIDTH="16" VPOS="515" HPOS="429"/>
							<String ID="string_89" HPOS="445" VPOS="514" WIDTH="28" HEIGHT="20" WC="0.96" CONTENT="all"/><SP WIDTH="16" VPOS="514" HPOS="473"/>
							<String ID="string_90" HPOS="489" VPOS="512" WIDTH="79" HEIGHT="29" WC="0.96" CONTENT="grund;"/><SP WIDTH="22" VPOS="512" HPOS="568"/>
							<String ID="string_91" HPOS="590" VPOS="519" WIDTH="50" HEIGHT="15" WC="0.96" CONTENT="men"/><SP WIDTH="16" VPOS="519" HPOS="640"/>
							<String ID="string_92" HPOS="656" VPOS="512" WIDTH="27" HEIGHT="22" WC="0.93" CONTENT="dä"/><SP WIDTH="16" VPOS="512" HPOS="683"/>
							<String ID="string_93" HPOS="699" VPOS="513" WIDTH="82" HEIGHT="21" WC="0.93" CONTENT="talaren"/><SP WIDTH="16" VPOS="513" HPOS="781"/>
							<String ID="string_94" HPOS="797" VPOS="513" WIDTH="24" HEIGHT="21" WC="0.93" CONTENT="af"/><SP WIDTH="13" VPOS="513" HPOS="821"/>
							<String ID="string_95" HPOS="834" VPOS="512" WIDTH="96" HEIGHT="22" WC="0.92" CONTENT="erfaren-"/>
						</TextLine>
						<TextLine ID="line_11" HPOS="182" VPOS="547" WIDTH="749" HEIGHT="28">
							<String ID="string_96" HPOS="182" VPOS="543" WIDTH="37" HEIGHT="37" WC="0.78" CONTENT="het"/><SP WIDTH="12" VPOS="543" HPOS="219"/>
							<String ID="string_97" HPOS="231" VPOS="549" WIDTH="69" HEIGHT="20" WC="0.65" CONTENT="visste"/><SP WIDTH="14" VPOS="549" HPOS="300"/>
							<String ID="string_98" HPOS="314" VPOS="548" WIDTH="102" HEIGHT="21" WC="0.92" CONTENT="hurusom"/><SP WIDTH="15" VPOS="548" HPOS="416"/>
							<String ID="string_99" HPOS="431" VPOS="547" WIDTH="113" HEIGHT="22" WC="0.95" CONTENT="enahanda"/><SP WIDTH="10" VPOS="547" HPOS="544"/>
							<String ID="string_100" HPOS="554" VPOS="548" WIDTH="59" HEIGHT="20" WC="0.96" CONTENT="brott"/><SP WIDTH="10" VPOS="548" HPOS="613"/>
							<String ID="string_101" HPOS="623" VPOS="547" WIDTH="73" HEIGHT="21" WC="0.96" CONTENT="kunde"/><SP WIDTH="10" VPOS="547" HPOS="696"/>
							<String ID="string_102" HPOS="706" VPOS="555" WIDTH="52" HEIGHT="14" WC="0.96" CONTENT="vara"/><SP WIDTH="11" VPOS="555" HPOS="758"/>
							<String ID="string_103" HPOS="769" VPOS="547" WIDTH="86" HEIGHT="28" WC="0.95" CONTENT="mycket"/><SP WIDTH="11" VPOS="547" HPOS="855"/>
							<String ID="string_104" HPOS="866" VPOS="547" WIDTH="65" HEIGHT="27" WC="0.96" CONTENT="olika,"/>
						</TextLine>
						<TextLine ID="line_12" HPOS="183" VPOS="582" WIDTH="748" HEIGHT="28">
							<String ID="string_105" HPOS="183" VPOS="583" WIDTH="51" HEIGHT="21" WC="0.96" CONTENT="fann"/><SP WIDTH="17" VPOS="583" HPOS="234"/>
							<String ID="string_106" HPOS="251" VPOS="583" WIDTH="83" HEIGHT="21" WC="0.96" CONTENT="talaren"/><SP WIDTH="16" VPOS="583" HPOS="334"/>
							<String ID="string_107" HPOS="350" VPOS="583" WIDTH="65" HEIGHT="27" WC="0.93" CONTENT="högst"/><SP WIDTH="15" VPOS="583" HPOS="415"/>
							<String ID="string_108" HPOS="430" VPOS="582" WIDTH="76" HEIGHT="28" WC="0.92" CONTENT="nödigt"/><SP WIDTH="16" VPOS="582" HPOS="506"/>
							<String ID="string_109" HPOS="522" VPOS="583" WIDTH="31" HEIGHT="20" WC="0.96" CONTENT="att"/><SP WIDTH="16" VPOS="583" HPOS="553"/>
							<String ID="string_110" HPOS="569" VPOS="589" WIDTH="26" HEIGHT="14" WC="0.97" CONTENT="en"/><SP WIDTH="17" VPOS="589" HPOS="595"/>
							<String ID="string_111" HPOS="612" VPOS="582" WIDTH="43" HEIGHT="21" WC="0.83" CONTENT="viss"/><SP WIDTH="11" VPOS="582" HPOS="655"/>
							<String ID="string_112" HPOS="666" VPOS="582" WIDTH="78" HEIGHT="21" WC="0.96" CONTENT="latitud"/><SP WIDTH="10" VPOS="582" HPOS="744"/>
							<String ID="string_113" HPOS="754" VPOS="582" WIDTH="78" HEIGHT="21" WC="0.95" CONTENT="funnes"/><SP WIDTH="11" VPOS="582" HPOS="832"/>
							<String ID="string_114" HPOS="843" VPOS="583" WIDTH="7" HEIGHT="20" WC="0.93" CONTENT="i"/><SP WIDTH="11" VPOS="583" HPOS="850"/>
							<String ID="string_115" HPOS="861" VPOS="582" WIDTH="70" HEIGHT="21" WC="0.83" CONTENT="straff-"/>
						</TextLine>
						<TextLine ID="line_13" HPOS="182" VPOS="616" WIDTH="750" HEIGHT="28">
							<String ID="string_116" HPOS="182" VPOS="618" WIDTH="203" HEIGHT="25" WC="0.92" CONTENT="bestämmelserna,"/><SP WIDTH="24" VPOS="618" HPOS="385"/>
							<String ID="string_117" HPOS="409" VPOS="617" WIDTH="24" HEIGHT="21" WC="0.96" CONTENT="sä"/><SP WIDTH="20" VPOS="617" HPOS="433"/>
							<String ID="string_118" HPOS="453" VPOS="619" WIDTH="31" HEIGHT="18" WC="0.93" CONTENT="att"/><SP WIDTH="19" VPOS="619" HPOS="484"/>
							<String ID="string_119" HPOS="503" VPOS="617" WIDTH="104" HEIGHT="20" WC="0.92" CONTENT="domaren"/><SP WIDTH="21" VPOS="617" HPOS="607"/>
							<String ID="string_120" HPOS="628" VPOS="616" WIDTH="54" HEIGHT="21" WC="0.93" CONTENT="hade"/><SP WIDTH="21" VPOS="616" HPOS="682"/>
							<String ID="string_121" HPOS="703" VPOS="616" WIDTH="86" HEIGHT="21" WC="0.92" CONTENT="tillfälle"/><SP WIDTH="20" VPOS="616" HPOS="789"/>
							<String ID="string_122" HPOS="809" VPOS="618" WIDTH="32" HEIGHT="19" WC="0.93" CONTENT="att"/><SP WIDTH="18" VPOS="618" HPOS="841"/>
							<String ID="string_123" HPOS="859" VPOS="617" WIDTH="73" HEIGHT="27" WC="0.93" CONTENT="lämpa"/>
						</TextLine>
						<TextLine ID="line_14" HPOS="184" VPOS="650" WIDTH="747" HEIGHT="29">
							<String ID="string_124" HPOS="184" VPOS="652" WIDTH="84" HEIGHT="21" WC="0.96" CONTENT="straffet"/><SP WIDTH="18" VPOS="652" HPOS="268"/>
							<String ID="string_125" HPOS="286" VPOS="651" WIDTH="54" HEIGHT="21" WC="0.93" CONTENT="efter"/><SP WIDTH="21" VPOS="651" HPOS="340"/>
							<String ID="string_126" HPOS="361" VPOS="651" WIDTH="178" HEIGHT="28" WC="0.96" CONTENT="brottsligheten,"/><SP WIDTH="21" VPOS="651" HPOS="539"/>
							<String ID="string_127" HPOS="560" VPOS="651" WIDTH="39" HEIGHT="20" WC="0.93" CONTENT="och"/><SP WIDTH="15" VPOS="651" HPOS="599"/>
							<String ID="string_128" HPOS="614" VPOS="650" WIDTH="82" HEIGHT="28" WC="0.93" CONTENT="yrkade"/><SP WIDTH="15" VPOS="650" HPOS="696"/>
							<String ID="string_129" HPOS="711" VPOS="651" WIDTH="58" HEIGHT="27" WC="0.93" CONTENT="förty"/><SP WIDTH="16" VPOS="651" HPOS="769"/>
							<String ID="string_130" HPOS="785" VPOS="652" WIDTH="31" HEIGHT="19" WC="0.93" CONTENT="att"/><SP WIDTH="16" VPOS="652" HPOS="816"/>
							<String ID="string_131" HPOS="832" VPOS="651" WIDTH="99" HEIGHT="20" WC="0.92" CONTENT="anmärk-"/>
						</TextLine>
						<TextLine ID="line_15" HPOS="183" VPOS="684" WIDTH="457" HEIGHT="30">
							<String ID="string_132" HPOS="183" VPOS="686" WIDTH="81" HEIGHT="28" WC="0.92" CONTENT="ningen"/><SP WIDTH="18" VPOS="686" HPOS="264"/>
							<String ID="string_133" HPOS="282" VPOS="685" WIDTH="66" HEIGHT="21" WC="0.93" CONTENT="borde"/><SP WIDTH="15" VPOS="685" HPOS="348"/>
							<String ID="string_134" HPOS="363" VPOS="685" WIDTH="84" HEIGHT="21" WC="0.92" CONTENT="lemnas"/><SP WIDTH="15" VPOS="685" HPOS="447"/>
							<String ID="string_135" HPOS="462" VPOS="686" WIDTH="52" HEIGHT="20" WC="0.93" CONTENT="utan"/><SP WIDTH="17" VPOS="686" HPOS="514"/>
							<String ID="string_136" HPOS="531" VPOS="684" WIDTH="109" HEIGHT="22" WC="0.93" CONTENT="afseende."/>
						</TextLine>
					</TextBlock>
					<TextBlock ID="block_4" HPOS="183" VPOS="719" WIDTH="750" HEIGHT="202">
						<TextLine ID="line_16" HPOS="252" VPOS="719" WIDTH="680" HEIGHT="29">
							<String ID="string_137" HPOS="252" VPOS="720" WIDTH="221" HEIGHT="28" WC="0.91" CONTENT="Landtdagsmannen"/><SP WIDTH="16" VPOS="720" HPOS="473"/>
							<String ID="string_138" HPOS="489" VPOS="719" WIDTH="111" HEIGHT="21" WC="0.92" CONTENT="Simolin"/><SP WIDTH="15" VPOS="719" HPOS="600"/>
							<String ID="string_139" HPOS="615" VPOS="719" WIDTH="85" HEIGHT="27" WC="0.92" CONTENT="yttrade"/><SP WIDTH="16" VPOS="719" HPOS="700"/>
							<String ID="string_140" HPOS="716" VPOS="721" WIDTH="32" HEIGHT="19" WC="0.96" CONTENT="att"/><SP WIDTH="15" VPOS="721" HPOS="748"/>
							<String ID="string_141" HPOS="763" VPOS="719" WIDTH="37" HEIGHT="21" WC="0.96" CONTENT="det"/><SP WIDTH="14" VPOS="719" HPOS="800"/>
							<String ID="string_142" HPOS="814" VPOS="720" WIDTH="54" HEIGHT="20" WC="0.93" CONTENT="visst"/><SP WIDTH="13" VPOS="720" HPOS="868"/>
							<String ID="string_143" HPOS="881" VPOS="726" WIDTH="51" HEIGHT="14" WC="0.93" CONTENT="vore"/>
						</TextLine>
						<TextLine ID="line_17" HPOS="183" VPOS="753" WIDTH="749" HEIGHT="29">
							<String ID="string_144" HPOS="183" VPOS="755" WIDTH="35" HEIGHT="21" WC="0.96" CONTENT="väl"/><SP WIDTH="19" VPOS="755" HPOS="218"/>
							<String ID="string_145" HPOS="237" VPOS="762" WIDTH="34" HEIGHT="13" WC="0.96" CONTENT="om"/><SP WIDTH="20" VPOS="762" HPOS="271"/>
							<String ID="string_146" HPOS="291" VPOS="755" WIDTH="64" HEIGHT="27" WC="0.96" CONTENT="lagen"/><SP WIDTH="22" VPOS="755" HPOS="355"/>
							<String ID="string_147" HPOS="377" VPOS="754" WIDTH="71" HEIGHT="21" WC="0.93" CONTENT="kunde"/><SP WIDTH="21" VPOS="754" HPOS="448"/>
							<String ID="string_148" HPOS="469" VPOS="756" WIDTH="64" HEIGHT="26" WC="0.92" CONTENT="göras"/><SP WIDTH="21" VPOS="756" HPOS="533"/>
							<String ID="string_149" HPOS="554" VPOS="754" WIDTH="24" HEIGHT="20" WC="0.96" CONTENT="sä"/><SP WIDTH="19" VPOS="754" HPOS="578"/>
							<String ID="string_150" HPOS="597" VPOS="753" WIDTH="127" HEIGHT="28" WC="0.96" CONTENT="fullständig"/><SP WIDTH="20" VPOS="753" HPOS="724"/>
							<String ID="string_151" HPOS="744" VPOS="754" WIDTH="32" HEIGHT="20" WC="0.93" CONTENT="att"/><SP WIDTH="20" VPOS="754" HPOS="776"/>
							<String ID="string_152" HPOS="796" VPOS="754" WIDTH="84" HEIGHT="21" WC="0.92" CONTENT="straffet"/><SP WIDTH="19" VPOS="754" HPOS="880"/>
							<String ID="string_153" HPOS="899" VPOS="754" WIDTH="33" HEIGHT="21" WC="0.97" CONTENT="för"/>
						</TextLine>
						<TextLine ID="line_18" HPOS="184" VPOS="788" WIDTH="749" HEIGHT="29">
							<String ID="string_154" HPOS="184" VPOS="790" WIDTH="74" HEIGHT="27" WC="0.91" CONTENT="hvarje"/><SP WIDTH="19" VPOS="790" HPOS="258"/>
							<String ID="string_155" HPOS="277" VPOS="789" WIDTH="58" HEIGHT="21" WC="0.93" CONTENT="brott"/><SP WIDTH="19" VPOS="789" HPOS="335"/>
							<String ID="string_156" HPOS="354" VPOS="789" WIDTH="78" HEIGHT="21" WC="0.91" CONTENT="funnes"/><SP WIDTH="21" VPOS="789" HPOS="432"/>
							<String ID="string_157" HPOS="453" VPOS="788" WIDTH="66" HEIGHT="21" WC="0.92" CONTENT="skildt"/><SP WIDTH="20" VPOS="788" HPOS="519"/>
							<String ID="string_158" HPOS="539" VPOS="789" WIDTH="77" HEIGHT="26" WC="0.92" CONTENT="utsatt;"/><SP WIDTH="21" VPOS="789" HPOS="616"/>
							<String ID="string_159" HPOS="637" VPOS="795" WIDTH="50" HEIGHT="13" WC="0.96" CONTENT="men"/><SP WIDTH="21" VPOS="795" HPOS="687"/>
							<String ID="string_160" HPOS="708" VPOS="795" WIDTH="45" HEIGHT="14" WC="0.96" CONTENT="som"/><SP WIDTH="20" VPOS="795" HPOS="753"/>
							<String ID="string_161" HPOS="773" VPOS="794" WIDTH="26" HEIGHT="15" WC="0.93" CONTENT="en"/><SP WIDTH="17" VPOS="794" HPOS="799"/>
							<String ID="string_162" HPOS="816" VPOS="788" WIDTH="66" HEIGHT="22" WC="0.92" CONTENT="sädan"/><SP WIDTH="15" VPOS="788" HPOS="882"/>
							<String ID="string_163" HPOS="897" VPOS="788" WIDTH="36" HEIGHT="28" WC="0.96" CONTENT="lag"/>
						</TextLine>
						<TextLine ID="line_19" HPOS="183" VPOS="822" WIDTH="750" HEIGHT="30">
							<String ID="string_164" HPOS="183" VPOS="824" WIDTH="71" HEIGHT="21" WC="0.92" CONTENT="blefve"/><SP WIDTH="15" VPOS="824" HPOS="254"/>
							<String ID="string_165" HPOS="269" VPOS="824" WIDTH="57" HEIGHT="28" WC="0.96" CONTENT="fyra,"/><SP WIDTH="16" VPOS="824" HPOS="326"/>
							<String ID="string_166" HPOS="342" VPOS="823" WIDTH="44" HEIGHT="21" WC="0.93" CONTENT="fem"/><SP WIDTH="16" VPOS="823" HPOS="386"/>
							<String ID="string_167" HPOS="402" VPOS="823" WIDTH="81" HEIGHT="28" WC="0.93" CONTENT="gånger"/><SP WIDTH="16" VPOS="823" HPOS="483"/>
							<String ID="string_168" HPOS="499" VPOS="823" WIDTH="139" HEIGHT="28" WC="0.68" CONTENT="vidlyftigare"/><SP WIDTH="16" VPOS="823" HPOS="638"/>
							<String ID="string_169" HPOS="654" VPOS="824" WIDTH="28" HEIGHT="20" WC="0.97" CONTENT="än"/><SP WIDTH="10" VPOS="824" HPOS="682"/>
							<String ID="string_170" HPOS="692" VPOS="830" WIDTH="29" HEIGHT="13" WC="0.93" CONTENT="nu"/><SP WIDTH="11" VPOS="830" HPOS="721"/>
							<String ID="string_171" HPOS="732" VPOS="822" WIDTH="143" HEIGHT="22" WC="0.93" CONTENT="förevarande"/><SP WIDTH="14" VPOS="822" HPOS="875"/>
							<String ID="string_172" HPOS="889" VPOS="823" WIDTH="44" HEIGHT="21" WC="0.93" CONTENT="för-"/>
						</TextLine>
						<TextLine ID="line_20" HPOS="184" VPOS="857" WIDTH="749" HEIGHT="29">
							<String ID="string_173" HPOS="184" VPOS="858" WIDTH="56" HEIGHT="28" WC="0.93" CONTENT="slag,"/><SP WIDTH="16" VPOS="858" HPOS="240"/>
							<String ID="string_174" HPOS="256" VPOS="858" WIDTH="76" HEIGHT="21" WC="0.90" CONTENT="trodde"/><SP WIDTH="16" VPOS="858" HPOS="332"/>
							<String ID="string_175" HPOS="348" VPOS="858" WIDTH="33" HEIGHT="28" WC="0.93" CONTENT="sig"/><SP WIDTH="16" VPOS="858" HPOS="381"/>
							<String ID="string_176" HPOS="397" VPOS="858" WIDTH="83" HEIGHT="20" WC="0.92" CONTENT="talaren"/><SP WIDTH="15" VPOS="858" HPOS="480"/>
							<String ID="string_177" HPOS="495" VPOS="858" WIDTH="53" HEIGHT="20" WC="0.91" CONTENT="böra"/><SP WIDTH="13" VPOS="858" HPOS="548"/>
							<String ID="string_178" HPOS="561" VPOS="857" WIDTH="98" HEIGHT="28" WC="0.91" CONTENT="afstyrka"/><SP WIDTH="11" VPOS="857" HPOS="659"/>
							<String ID="string_179" HPOS="670" VPOS="857" WIDTH="124" HEIGHT="21" WC="0.93" CONTENT="äterremiss"/><SP WIDTH="11" VPOS="857" HPOS="794"/>
							<String ID="string_180" HPOS="805" VPOS="858" WIDTH="40" HEIGHT="20" WC="0.93" CONTENT="och"/><SP WIDTH="11" VPOS="858" HPOS="845"/>
							<String ID="string_181" HPOS="856" VPOS="858" WIDTH="77" HEIGHT="28" WC="0.92" CONTENT="pästod"/>
						</TextLine>
						<TextLine ID="line_21" HPOS="184" VPOS="892" WIDTH="602" HEIGHT="29">
							<String ID="string_182" HPOS="184" VPOS="892" WIDTH="134" HEIGHT="29" WC="0.92" CONTENT="granskning"/><SP WIDTH="16" VPOS="892" HPOS="318"/>
							<String ID="string_183" HPOS="334" VPOS="892" WIDTH="23" HEIGHT="20" WC="0.93" CONTENT="af"/><SP WIDTH="14" VPOS="892" HPOS="357"/>
							<String ID="string_184" HPOS="371" VPOS="892" WIDTH="105" HEIGHT="28" WC="0.93" CONTENT="förslaget"/><SP WIDTH="15" VPOS="892" HPOS="476"/>
							<String ID="string_185" HPOS="491" VPOS="892" WIDTH="6" HEIGHT="20" WC="0.96" CONTENT="i"/><SP WIDTH="16" VPOS="892" HPOS="497"/>
							<String ID="string_186" HPOS="513" VPOS="892" WIDTH="49" HEIGHT="21" WC="0.96" CONTENT="dess"/><SP WIDTH="16" VPOS="892" HPOS="562"/>
							<String ID="string_187" HPOS="578" VPOS="892" WIDTH="124" HEIGHT="20" WC="0.93" CONTENT="nuvarande"/><SP WIDTH="17" VPOS="892" HPOS="702"/>
							<String ID="string_188" HPOS="719" VPOS="892" WIDTH="67" HEIGHT="20" WC="0.92" CONTENT="skick."/>
						</TextLine>
					</TextBlock>
					<TextBlock ID="block_5" HPOS="184" VPOS="926" WIDTH="750" HEIGHT="90">
						<TextLine ID="line_22" HPOS="252" VPOS="926" WIDTH="682" HEIGHT="28">
							<String ID="string_189" HPOS="252" VPOS="926" WIDTH="220" HEIGHT="28" WC="0.91" CONTENT="Landtdagsmannen"/><SP WIDTH="17" VPOS="926" HPOS="472"/>
							<String ID="string_190" HPOS="489" VPOS="926" WIDTH="133" HEIGHT="28" WC="0.96" CONTENT="Paajanen"/><SP WIDTH="15" VPOS="926" HPOS="622"/>
							<String ID="string_191" HPOS="637" VPOS="933" WIDTH="38" HEIGHT="13" WC="0.93" CONTENT="var"/><SP WIDTH="14" VPOS="933" HPOS="675"/>
							<String ID="string_192" HPOS="689" VPOS="932" WIDTH="52" HEIGHT="15" WC="0.92" CONTENT="ense"/><SP WIDTH="16" VPOS="932" HPOS="741"/>
							<String ID="string_193" HPOS="757" VPOS="926" WIDTH="49" HEIGHT="21" WC="0.96" CONTENT="med"/><SP WIDTH="15" VPOS="926" HPOS="806"/>
							<String ID="string_194" HPOS="821" VPOS="926" WIDTH="57" HEIGHT="21" WC="0.96" CONTENT="Keto"/><SP WIDTH="16" VPOS="926" HPOS="878"/>
							<String ID="string_195" HPOS="894" VPOS="926" WIDTH="40" HEIGHT="21" WC="0.96" CONTENT="och"/>
						</TextLine>
						<TextLine ID="line_23" HPOS="185" VPOS="960" WIDTH="748" HEIGHT="28">
							<String ID="string_196" HPOS="185" VPOS="961" WIDTH="91" HEIGHT="21" WC="0.91" CONTENT="Simolin"/><SP WIDTH="20" VPOS="961" HPOS="276"/>
							<String ID="string_197" HPOS="296" VPOS="962" WIDTH="54" HEIGHT="19" WC="0.93" CONTENT="samt"/><SP WIDTH="20" VPOS="962" HPOS="350"/>
							<String ID="string_198" HPOS="370" VPOS="961" WIDTH="73" HEIGHT="21" WC="0.93" CONTENT="tillade"/><SP WIDTH="17" VPOS="961" HPOS="443"/>
							<String ID="string_199" HPOS="460" VPOS="962" WIDTH="31" HEIGHT="19" WC="0.96" CONTENT="att"/><SP WIDTH="16" VPOS="962" HPOS="491"/>
							<String ID="string_200" HPOS="507" VPOS="961" WIDTH="36" HEIGHT="21" WC="0.93" CONTENT="det"/><SP WIDTH="14" VPOS="961" HPOS="543"/>
							<String ID="string_201" HPOS="557" VPOS="967" WIDTH="52" HEIGHT="14" WC="0.92" CONTENT="vore"/><SP WIDTH="14" VPOS="967" HPOS="609"/>
							<String ID="string_202" HPOS="623" VPOS="960" WIDTH="40" HEIGHT="21" WC="0.96" CONTENT="lätt"/><SP WIDTH="15" VPOS="960" HPOS="663"/>
							<String ID="string_203" HPOS="678" VPOS="967" WIDTH="78" HEIGHT="21" WC="0.96" CONTENT="genom"/><SP WIDTH="17" VPOS="967" HPOS="756"/>
							<String ID="string_204" HPOS="773" VPOS="961" WIDTH="99" HEIGHT="27" WC="0.96" CONTENT="exempel"/><SP WIDTH="15" VPOS="961" HPOS="872"/>
							<String ID="string_205" HPOS="887" VPOS="961" WIDTH="46" HEIGHT="20" WC="0.96" CONTENT="visa"/>
						</TextLine>
						<TextLine ID="line_24" HPOS="184" VPOS="994" WIDTH="685" HEIGHT="22">
							<String ID="string_206" HPOS="184" VPOS="996" WIDTH="55" HEIGHT="20" WC="0.96" CONTENT="huru"/><SP WIDTH="16" VPOS="996" HPOS="239"/>
							<String ID="string_207" HPOS="255" VPOS="995" WIDTH="59" HEIGHT="21" WC="0.93" CONTENT="olika"/><SP WIDTH="14" VPOS="995" HPOS="314"/>
							<String ID="string_208" HPOS="328" VPOS="995" WIDTH="122" HEIGHT="20" WC="0.93" CONTENT="hvarandra"/><SP WIDTH="15" VPOS="995" HPOS="450"/>
							<String ID="string_209" HPOS="465" VPOS="995" WIDTH="59" HEIGHT="21" WC="0.96" CONTENT="brott"/><SP WIDTH="16" VPOS="995" HPOS="524"/>
							<String ID="string_210" HPOS="540" VPOS="994" WIDTH="23" HEIGHT="21" WC="0.96" CONTENT="af"/><SP WIDTH="14" VPOS="994" HPOS="563"/>
							<String ID="string_211" HPOS="577" VPOS="1002" WIDTH="82" HEIGHT="13" WC="0.96" CONTENT="samma"/><SP WIDTH="15" VPOS="1002" HPOS="659"/>
							<String ID="string_212" HPOS="674" VPOS="996" WIDTH="34" HEIGHT="19" WC="0.96" CONTENT="art"/><SP WIDTH="15" VPOS="996" HPOS="708"/>
							<String ID="string_213" HPOS="723" VPOS="995" WIDTH="72" HEIGHT="21" WC="0.96" CONTENT="kunde"/><SP WIDTH="15" VPOS="995" HPOS="795"/>
							<String ID="string_214" HPOS="810" VPOS="1002" WIDTH="59" HEIGHT="14" WC="0.96" CONTENT="vara."/>
						</TextLine>
					</TextBlock>
					<TextBlock ID="block_6" HPOS="184" VPOS="1023" WIDTH="751" HEIGHT="447">
						<TextLine ID="line_25" HPOS="251" VPOS="1023" WIDTH="682" HEIGHT="34">
							<String ID="string_215" HPOS="251" VPOS="1028" WIDTH="222" HEIGHT="28" WC="0.56" CONTENT="Landtdagsmannen"/><SP WIDTH="19" VPOS="1028" HPOS="473"/>
							<String ID="string_216" HPOS="492" VPOS="1023" WIDTH="119" HEIGHT="34" WC="0.93" CONTENT="Östring"/><SP WIDTH="20" VPOS="1023" HPOS="611"/>
							<String ID="string_217" HPOS="631" VPOS="1029" WIDTH="123" HEIGHT="20" WC="0.96" CONTENT="förklarade"/><SP WIDTH="20" VPOS="1029" HPOS="754"/>
							<String ID="string_218" HPOS="774" VPOS="1030" WIDTH="31" HEIGHT="19" WC="0.96" CONTENT="att"/><SP WIDTH="15" VPOS="1030" HPOS="805"/>
							<String ID="string_219" HPOS="820" VPOS="1029" WIDTH="37" HEIGHT="21" WC="0.93" CONTENT="det"/><SP WIDTH="16" VPOS="1029" HPOS="857"/>
							<String ID="string_220" HPOS="873" VPOS="1029" WIDTH="60" HEIGHT="28" WC="0.92" CONTENT="inga-"/>
						</TextLine>
						<TextLine ID="line_26" HPOS="184" VPOS="1063" WIDTH="749" HEIGHT="28">
							<String ID="string_221" HPOS="184" VPOS="1063" WIDTH="66" HEIGHT="22" WC="0.91" CONTENT="lunda"/><SP WIDTH="14" VPOS="1063" HPOS="250"/>
							<String ID="string_222" HPOS="264" VPOS="1063" WIDTH="57" HEIGHT="21" WC="0.96" CONTENT="varit"/><SP WIDTH="15" VPOS="1063" HPOS="321"/>
							<String ID="string_223" HPOS="336" VPOS="1063" WIDTH="54" HEIGHT="20" WC="0.96" CONTENT="hans"/><SP WIDTH="15" VPOS="1063" HPOS="390"/>
							<String ID="string_224" HPOS="405" VPOS="1063" WIDTH="88" HEIGHT="28" WC="0.96" CONTENT="mening"/><SP WIDTH="16" VPOS="1063" HPOS="493"/>
							<String ID="string_225" HPOS="509" VPOS="1065" WIDTH="32" HEIGHT="19" WC="0.93" CONTENT="att"/><SP WIDTH="14" VPOS="1065" HPOS="541"/>
							<String ID="string_226" HPOS="555" VPOS="1063" WIDTH="84" HEIGHT="28" WC="0.92" CONTENT="päyrka"/><SP WIDTH="15" VPOS="1063" HPOS="639"/>
							<String ID="string_227" HPOS="654" VPOS="1063" WIDTH="152" HEIGHT="28" WC="0.91" CONTENT="upphäfvande"/><SP WIDTH="16" VPOS="1063" HPOS="806"/>
							<String ID="string_228" HPOS="822" VPOS="1063" WIDTH="24" HEIGHT="21" WC="0.96" CONTENT="af"/><SP WIDTH="13" VPOS="1063" HPOS="846"/>
							<String ID="string_229" HPOS="859" VPOS="1064" WIDTH="29" HEIGHT="21" WC="0.93" CONTENT="all"/><SP WIDTH="15" VPOS="1064" HPOS="888"/>
							<String ID="string_230" HPOS="903" VPOS="1064" WIDTH="30" HEIGHT="21" WC="0.91" CONTENT="la-"/>
						</TextLine>
						<TextLine ID="line_27" HPOS="184" VPOS="1097" WIDTH="750" HEIGHT="28">
							<String ID="string_231" HPOS="184" VPOS="1098" WIDTH="56" HEIGHT="20" WC="0.93" CONTENT="titud"/><SP WIDTH="20" VPOS="1098" HPOS="240"/>
							<String ID="string_232" HPOS="260" VPOS="1098" WIDTH="7" HEIGHT="19" WC="0.93" CONTENT="i"/><SP WIDTH="21" VPOS="1098" HPOS="267"/>
							<String ID="string_233" HPOS="288" VPOS="1097" WIDTH="263" HEIGHT="28" WC="0.87" CONTENT="straffbestämningarne;"/><SP WIDTH="24" VPOS="1097" HPOS="551"/>
							<String ID="string_234" HPOS="575" VPOS="1104" WIDTH="51" HEIGHT="14" WC="0.96" CONTENT="men"/><SP WIDTH="20" VPOS="1104" HPOS="626"/>
							<String ID="string_235" HPOS="646" VPOS="1097" WIDTH="27" HEIGHT="21" WC="0.93" CONTENT="dä"/><SP WIDTH="15" VPOS="1097" HPOS="673"/>
							<String ID="string_236" HPOS="688" VPOS="1097" WIDTH="103" HEIGHT="21" WC="0.92" CONTENT="domaren"/><SP WIDTH="16" VPOS="1097" HPOS="791"/>
							<String ID="string_237" HPOS="807" VPOS="1098" WIDTH="7" HEIGHT="20" WC="0.93" CONTENT="i"/><SP WIDTH="15" VPOS="1098" HPOS="814"/>
							<String ID="string_238" HPOS="829" VPOS="1098" WIDTH="105" HEIGHT="27" WC="0.92" CONTENT="förslaget"/>
						</TextLine>
						<TextLine ID="line_28" HPOS="184" VPOS="1131" WIDTH="749" HEIGHT="28">
							<String ID="string_239" HPOS="184" VPOS="1132" WIDTH="111" HEIGHT="21" WC="0.91" CONTENT="lemnades"/><SP WIDTH="21" VPOS="1132" HPOS="295"/>
							<String ID="string_240" HPOS="316" VPOS="1133" WIDTH="65" HEIGHT="26" WC="0.96" CONTENT="öppet"/><SP WIDTH="20" VPOS="1133" HPOS="381"/>
							<String ID="string_241" HPOS="401" VPOS="1133" WIDTH="30" HEIGHT="19" WC="0.96" CONTENT="att"/><SP WIDTH="19" VPOS="1133" HPOS="431"/>
							<String ID="string_242" HPOS="450" VPOS="1131" WIDTH="33" HEIGHT="21" WC="0.96" CONTENT="för"/><SP WIDTH="19" VPOS="1131" HPOS="483"/>
							<String ID="string_243" HPOS="502" VPOS="1139" WIDTH="81" HEIGHT="14" WC="0.96" CONTENT="samma"/><SP WIDTH="15" VPOS="1139" HPOS="583"/>
							<String ID="string_244" HPOS="598" VPOS="1132" WIDTH="59" HEIGHT="20" WC="0.93" CONTENT="brott"/><SP WIDTH="16" VPOS="1132" HPOS="657"/>
							<String ID="string_245" HPOS="673" VPOS="1133" WIDTH="81" HEIGHT="19" WC="0.93" CONTENT="utsätta"/><SP WIDTH="16" VPOS="1133" HPOS="754"/>
							<String ID="string_246" HPOS="770" VPOS="1134" WIDTH="101" HEIGHT="19" WC="0.92" CONTENT="ansvaret"/><SP WIDTH="15" VPOS="1134" HPOS="871"/>
							<String ID="string_247" HPOS="886" VPOS="1132" WIDTH="47" HEIGHT="21" WC="0.93" CONTENT="frän"/>
						</TextLine>
						<TextLine ID="line_29" HPOS="185" VPOS="1165" WIDTH="749" HEIGHT="29">
							<String ID="string_248" HPOS="185" VPOS="1167" WIDTH="27" HEIGHT="20" WC="0.96" CONTENT="30"/><SP WIDTH="15" VPOS="1167" HPOS="212"/>
							<String ID="string_249" HPOS="227" VPOS="1165" WIDTH="62" HEIGHT="22" WC="0.93" CONTENT="mark"/><SP WIDTH="15" VPOS="1165" HPOS="289"/>
							<String ID="string_250" HPOS="304" VPOS="1165" WIDTH="63" HEIGHT="21" WC="0.90" CONTENT="böter"/><SP WIDTH="16" VPOS="1165" HPOS="367"/>
							<String ID="string_251" HPOS="383" VPOS="1165" WIDTH="40" HEIGHT="21" WC="0.93" CONTENT="och"/><SP WIDTH="14" VPOS="1165" HPOS="423"/>
							<String ID="string_252" HPOS="437" VPOS="1166" WIDTH="82" HEIGHT="28" WC="0.91" CONTENT="fjorton"/><SP WIDTH="16" VPOS="1166" HPOS="519"/>
							<String ID="string_253" HPOS="535" VPOS="1165" WIDTH="77" HEIGHT="28" WC="0.92" CONTENT="dagars"/><SP WIDTH="16" VPOS="1165" HPOS="612"/>
							<String ID="string_254" HPOS="628" VPOS="1165" WIDTH="97" HEIGHT="28" WC="0.93" CONTENT="fängelse"/><SP WIDTH="16" VPOS="1165" HPOS="725"/>
							<String ID="string_255" HPOS="741" VPOS="1165" WIDTH="33" HEIGHT="21" WC="0.92" CONTENT="till"/><SP WIDTH="11" VPOS="1165" HPOS="774"/>
							<String ID="string_256" HPOS="785" VPOS="1166" WIDTH="36" HEIGHT="20" WC="0.92" CONTENT="tvä"/><SP WIDTH="10" VPOS="1166" HPOS="821"/>
							<String ID="string_257" HPOS="831" VPOS="1166" WIDTH="35" HEIGHT="21" WC="0.92" CONTENT="ärs"/><SP WIDTH="11" VPOS="1166" HPOS="866"/>
							<String ID="string_258" HPOS="877" VPOS="1166" WIDTH="57" HEIGHT="21" WC="0.91" CONTENT="tukt-"/>
						</TextLine>
						<TextLine ID="line_30" HPOS="184" VPOS="1200" WIDTH="750" HEIGHT="27">
							<String ID="string_259" HPOS="184" VPOS="1200" WIDTH="50" HEIGHT="26" WC="0.93" CONTENT="hus,"/><SP WIDTH="16" VPOS="1200" HPOS="234"/>
							<String ID="string_260" HPOS="250" VPOS="1200" WIDTH="65" HEIGHT="27" WC="0.92" CONTENT="ginge"/><SP WIDTH="16" VPOS="1200" HPOS="315"/>
							<String ID="string_261" HPOS="331" VPOS="1200" WIDTH="36" HEIGHT="20" WC="0.96" CONTENT="det"/><SP WIDTH="16" VPOS="1200" HPOS="367"/>
							<String ID="string_262" HPOS="383" VPOS="1200" WIDTH="90" HEIGHT="20" WC="0.96" CONTENT="alldeles"/><SP WIDTH="14" VPOS="1200" HPOS="473"/>
							<String ID="string_263" HPOS="487" VPOS="1200" WIDTH="34" HEIGHT="20" WC="0.93" CONTENT="för"/><SP WIDTH="15" VPOS="1200" HPOS="521"/>
							<String ID="string_264" HPOS="536" VPOS="1200" WIDTH="67" HEIGHT="27" WC="0.91" CONTENT="längt."/><SP WIDTH="31" VPOS="1200" HPOS="603"/>
							<String ID="string_265" HPOS="634" VPOS="1200" WIDTH="44" HEIGHT="20" WC="0.96" CONTENT="Det"/><SP WIDTH="15" VPOS="1200" HPOS="678"/>
							<String ID="string_266" HPOS="693" VPOS="1200" WIDTH="73" HEIGHT="20" WC="0.90" CONTENT="kunde"/><SP WIDTH="10" VPOS="1200" HPOS="766"/>
							<String ID="string_267" HPOS="776" VPOS="1200" WIDTH="40" HEIGHT="20" WC="0.90" CONTENT="lätt"/><SP WIDTH="11" VPOS="1200" HPOS="816"/>
							<String ID="string_268" HPOS="827" VPOS="1200" WIDTH="49" HEIGHT="20" WC="0.92" CONTENT="leda"/><SP WIDTH="11" VPOS="1200" HPOS="876"/>
							<String ID="string_269" HPOS="887" VPOS="1200" WIDTH="47" HEIGHT="21" WC="0.93" CONTENT="der-"/>
						</TextLine>
						<TextLine ID="line_31" HPOS="185" VPOS="1233" WIDTH="749" HEIGHT="27">
							<String ID="string_270" HPOS="185" VPOS="1234" WIDTH="33" HEIGHT="20" WC="0.95" CONTENT="till"/><SP WIDTH="20" VPOS="1234" HPOS="218"/>
							<String ID="string_271" HPOS="238" VPOS="1235" WIDTH="32" HEIGHT="19" WC="0.96" CONTENT="att"/><SP WIDTH="18" VPOS="1235" HPOS="270"/>
							<String ID="string_272" HPOS="288" VPOS="1234" WIDTH="54" HEIGHT="20" WC="0.93" CONTENT="allas"/><SP WIDTH="16" VPOS="1234" HPOS="342"/>
							<String ID="string_273" HPOS="358" VPOS="1233" WIDTH="69" HEIGHT="21" WC="0.92" CONTENT="likhet"/><SP WIDTH="15" VPOS="1233" HPOS="427"/>
							<String ID="string_274" HPOS="442" VPOS="1234" WIDTH="57" HEIGHT="20" WC="0.96" CONTENT="inför"/><SP WIDTH="15" VPOS="1234" HPOS="499"/>
							<String ID="string_275" HPOS="514" VPOS="1234" WIDTH="64" HEIGHT="26" WC="0.93" CONTENT="lagen"/><SP WIDTH="17" VPOS="1234" HPOS="578"/>
							<String ID="string_276" HPOS="595" VPOS="1234" WIDTH="161" HEIGHT="26" WC="0.92" CONTENT="äfventyrades;"/><SP WIDTH="24" VPOS="1234" HPOS="756"/>
							<String ID="string_277" HPOS="780" VPOS="1236" WIDTH="23" HEIGHT="24" WC="0.93" CONTENT="ty"/><SP WIDTH="15" VPOS="1236" HPOS="803"/>
							<String ID="string_278" HPOS="818" VPOS="1234" WIDTH="64" HEIGHT="20" WC="0.92" CONTENT="äfven"/><SP WIDTH="16" VPOS="1234" HPOS="882"/>
							<String ID="string_279" HPOS="898" VPOS="1235" WIDTH="36" HEIGHT="19" WC="0.92" CONTENT="do-"/>
						</TextLine>
						<TextLine ID="line_32" HPOS="186" VPOS="1266" WIDTH="749" HEIGHT="28">
							<String ID="string_280" HPOS="186" VPOS="1274" WIDTH="75" HEIGHT="13" WC="0.92" CONTENT="maren"/><SP WIDTH="15" VPOS="1274" HPOS="261"/>
							<String ID="string_281" HPOS="276" VPOS="1273" WIDTH="52" HEIGHT="14" WC="0.93" CONTENT="vore"/><SP WIDTH="13" VPOS="1273" HPOS="328"/>
							<String ID="string_282" HPOS="341" VPOS="1267" WIDTH="26" HEIGHT="27" WC="0.93" CONTENT="ju"/><SP WIDTH="15" VPOS="1267" HPOS="367"/>
							<String ID="string_283" HPOS="382" VPOS="1267" WIDTH="123" HEIGHT="26" WC="0.92" CONTENT="menniska,"/><SP WIDTH="16" VPOS="1267" HPOS="505"/>
							<String ID="string_284" HPOS="521" VPOS="1266" WIDTH="147" HEIGHT="21" WC="0.91" CONTENT="underkastad"/><SP WIDTH="10" VPOS="1266" HPOS="668"/>
							<String ID="string_285" HPOS="678" VPOS="1267" WIDTH="128" HEIGHT="21" WC="0.92" CONTENT="lidelsernas"/><SP WIDTH="11" VPOS="1267" HPOS="806"/>
							<String ID="string_286" HPOS="817" VPOS="1269" WIDTH="67" HEIGHT="25" WC="0.91" CONTENT="magt,"/><SP WIDTH="11" VPOS="1269" HPOS="884"/>
							<String ID="string_287" HPOS="895" VPOS="1268" WIDTH="40" HEIGHT="20" WC="0.96" CONTENT="och"/>
						</TextLine>
						<TextLine ID="line_33" HPOS="186" VPOS="1300" WIDTH="748" HEIGHT="28">
							<String ID="string_288" HPOS="186" VPOS="1300" WIDTH="73" HEIGHT="21" WC="0.96" CONTENT="kunde"/><SP WIDTH="21" VPOS="1300" HPOS="259"/>
							<String ID="string_289" HPOS="280" VPOS="1300" WIDTH="40" HEIGHT="20" WC="0.93" CONTENT="lätt"/><SP WIDTH="20" VPOS="1300" HPOS="320"/>
							<String ID="string_290" HPOS="340" VPOS="1300" WIDTH="67" HEIGHT="21" WC="0.91" CONTENT="blifva"/><SP WIDTH="20" VPOS="1300" HPOS="407"/>
							<String ID="string_291" HPOS="427" VPOS="1302" WIDTH="113" HEIGHT="26" WC="0.91" CONTENT="strängare"/><SP WIDTH="20" VPOS="1302" HPOS="540"/>
							<String ID="string_292" HPOS="560" VPOS="1302" WIDTH="46" HEIGHT="19" WC="0.96" CONTENT="mot"/><SP WIDTH="20" VPOS="1302" HPOS="606"/>
							<String ID="string_293" HPOS="626" VPOS="1300" WIDTH="41" HEIGHT="21" WC="0.96" CONTENT="den"/><SP WIDTH="21" VPOS="1300" HPOS="667"/>
							<String ID="string_294" HPOS="688" VPOS="1308" WIDTH="40" HEIGHT="14" WC="0.96" CONTENT="ene"/><SP WIDTH="22" VPOS="1308" HPOS="728"/>
							<String ID="string_295" HPOS="750" VPOS="1302" WIDTH="26" HEIGHT="20" WC="0.96" CONTENT="än"/><SP WIDTH="20" VPOS="1302" HPOS="776"/>
							<String ID="string_296" HPOS="796" VPOS="1301" WIDTH="42" HEIGHT="21" WC="0.96" CONTENT="den"/><SP WIDTH="23" VPOS="1301" HPOS="838"/>
							<String ID="string_297" HPOS="861" VPOS="1301" WIDTH="73" HEIGHT="21" WC="0.96" CONTENT="andre."/>
						</TextLine>
						<TextLine ID="line_34" HPOS="185" VPOS="1334" WIDTH="749" HEIGHT="29">
							<String ID="string_298" HPOS="185" VPOS="1334" WIDTH="79" HEIGHT="22" WC="0.93" CONTENT="Praxis"/><SP WIDTH="15" VPOS="1334" HPOS="264"/>
							<String ID="string_299" HPOS="279" VPOS="1340" WIDTH="51" HEIGHT="15" WC="0.92" CONTENT="vore"/><SP WIDTH="15" VPOS="1340" HPOS="330"/>
							<String ID="string_300" HPOS="345" VPOS="1335" WIDTH="35" HEIGHT="21" WC="0.93" CONTENT="väl"/><SP WIDTH="15" VPOS="1335" HPOS="380"/>
							<String ID="string_301" HPOS="395" VPOS="1334" WIDTH="76" HEIGHT="22" WC="0.92" CONTENT="härvid"/><SP WIDTH="16" VPOS="1334" HPOS="471"/>
							<String ID="string_302" HPOS="487" VPOS="1342" WIDTH="26" HEIGHT="14" WC="0.96" CONTENT="en"/><SP WIDTH="16" VPOS="1342" HPOS="513"/>
							<String ID="string_303" HPOS="529" VPOS="1334" WIDTH="43" HEIGHT="28" WC="0.96" CONTENT="god"/><SP WIDTH="14" VPOS="1334" HPOS="572"/>
							<String ID="string_304" HPOS="586" VPOS="1334" WIDTH="100" HEIGHT="29" WC="0.96" CONTENT="ledning,"/><SP WIDTH="16" VPOS="1334" HPOS="686"/>
							<String ID="string_305" HPOS="702" VPOS="1342" WIDTH="50" HEIGHT="14" WC="0.96" CONTENT="men"/><SP WIDTH="16" VPOS="1342" HPOS="752"/>
							<String ID="string_306" HPOS="768" VPOS="1335" WIDTH="41" HEIGHT="21" WC="0.93" CONTENT="den"/><SP WIDTH="15" VPOS="1335" HPOS="809"/>
							<String ID="string_307" HPOS="824" VPOS="1335" WIDTH="79" HEIGHT="21" WC="0.92" CONTENT="funnes"/><SP WIDTH="11" VPOS="1335" HPOS="903"/>
							<String ID="string_308" HPOS="914" VPOS="1336" WIDTH="20" HEIGHT="27" WC="0.92" CONTENT="ej"/>
						</TextLine>
						<TextLine ID="line_35" HPOS="188" VPOS="1369" WIDTH="746" HEIGHT="28">
							<String ID="string_309" HPOS="188" VPOS="1371" WIDTH="27" HEIGHT="19" WC="0.96" CONTENT="än"/><SP WIDTH="16" VPOS="1371" HPOS="215"/>
							<String ID="string_310" HPOS="231" VPOS="1369" WIDTH="39" HEIGHT="21" WC="0.96" CONTENT="och"/><SP WIDTH="17" VPOS="1369" HPOS="270"/>
							<String ID="string_311" HPOS="287" VPOS="1369" WIDTH="72" HEIGHT="20" WC="0.93" CONTENT="kunde"/><SP WIDTH="16" VPOS="1369" HPOS="359"/>
							<String ID="string_312" HPOS="375" VPOS="1369" WIDTH="113" HEIGHT="28" WC="0.91" CONTENT="lätteligen"/><SP WIDTH="16" VPOS="1369" HPOS="488"/>
							<String ID="string_313" HPOS="504" VPOS="1369" WIDTH="94" HEIGHT="21" WC="0.92" CONTENT="utbildas"/><SP WIDTH="16" VPOS="1369" HPOS="598"/>
							<String ID="string_314" HPOS="614" VPOS="1369" WIDTH="64" HEIGHT="27" WC="0.96" CONTENT="olika,"/><SP WIDTH="15" VPOS="1369" HPOS="678"/>
							<String ID="string_315" HPOS="693" VPOS="1370" WIDTH="7" HEIGHT="20" WC="0.96" CONTENT="i"/><SP WIDTH="16" VPOS="1370" HPOS="700"/>
							<String ID="string_316" HPOS="716" VPOS="1369" WIDTH="59" HEIGHT="21" WC="0.96" CONTENT="olika"/><SP WIDTH="11" VPOS="1369" HPOS="775"/>
							<String ID="string_317" HPOS="786" VPOS="1369" WIDTH="60" HEIGHT="22" WC="0.96" CONTENT="delar"/><SP WIDTH="11" VPOS="1369" HPOS="846"/>
							<String ID="string_318" HPOS="857" VPOS="1370" WIDTH="24" HEIGHT="21" WC="0.93" CONTENT="af"/><SP WIDTH="8" VPOS="1370" HPOS="881"/>
							<String ID="string_319" HPOS="889" VPOS="1370" WIDTH="45" HEIGHT="21" WC="0.92" CONTENT="lan-"/>
						</TextLine>
						<TextLine ID="line_36" HPOS="186" VPOS="1404" WIDTH="748" HEIGHT="28">
							<String ID="string_320" HPOS="186" VPOS="1404" WIDTH="43" HEIGHT="21" WC="0.94" CONTENT="det."/><SP WIDTH="30" VPOS="1404" HPOS="229"/>
							<String ID="string_321" HPOS="259" VPOS="1404" WIDTH="39" HEIGHT="20" WC="0.93" CONTENT="Att"/><SP WIDTH="16" VPOS="1404" HPOS="298"/>
							<String ID="string_322" HPOS="314" VPOS="1411" WIDTH="26" HEIGHT="14" WC="0.96" CONTENT="en"/><SP WIDTH="16" VPOS="1411" HPOS="340"/>
							<String ID="string_323" HPOS="356" VPOS="1404" WIDTH="37" HEIGHT="28" WC="0.96" CONTENT="lag"/><SP WIDTH="15" VPOS="1404" HPOS="393"/>
							<String ID="string_324" HPOS="408" VPOS="1404" WIDTH="49" HEIGHT="21" WC="0.93" CONTENT="med"/><SP WIDTH="14" VPOS="1404" HPOS="457"/>
							<String ID="string_325" HPOS="471" VPOS="1404" WIDTH="113" HEIGHT="21" WC="0.92" CONTENT="bestämda"/><SP WIDTH="15" VPOS="1404" HPOS="584"/>
							<String ID="string_326" HPOS="599" VPOS="1404" WIDTH="63" HEIGHT="21" WC="0.93" CONTENT="straff"/><SP WIDTH="14" VPOS="1404" HPOS="662"/>
							<String ID="string_327" HPOS="676" VPOS="1405" WIDTH="20" HEIGHT="27" WC="0.92" CONTENT="ej"/><SP WIDTH="11" VPOS="1405" HPOS="696"/>
							<String ID="string_328" HPOS="707" VPOS="1404" WIDTH="93" HEIGHT="22" WC="0.92" CONTENT="behöfde"/><SP WIDTH="11" VPOS="1404" HPOS="800"/>
							<String ID="string_329" HPOS="811" VPOS="1405" WIDTH="68" HEIGHT="21" WC="0.90" CONTENT="blifva"/><SP WIDTH="11" VPOS="1405" HPOS="879"/>
							<String ID="string_330" HPOS="890" VPOS="1405" WIDTH="44" HEIGHT="21" WC="0.90" CONTENT="vid-"/>
						</TextLine>
						<TextLine ID="line_37" HPOS="186" VPOS="1438" WIDTH="748" HEIGHT="32">
							<String ID="string_331" HPOS="186" VPOS="1439" WIDTH="74" HEIGHT="31" WC="0.91" CONTENT="lyftig,"/><SP WIDTH="23" VPOS="1439" HPOS="260"/>
							<String ID="string_332" HPOS="283" VPOS="1438" WIDTH="67" HEIGHT="29" WC="0.92" CONTENT="derpä"/><SP WIDTH="20" VPOS="1438" HPOS="350"/>
							<String ID="string_333" HPOS="370" VPOS="1445" WIDTH="53" HEIGHT="15" WC="0.96" CONTENT="vore"/><SP WIDTH="20" VPOS="1445" HPOS="423"/>
							<String ID="string_334" HPOS="443" VPOS="1439" WIDTH="54" HEIGHT="21" WC="0.92" CONTENT="1734"/><SP WIDTH="20" VPOS="1439" HPOS="497"/>
							<String ID="string_335" HPOS="517" VPOS="1439" WIDTH="34" HEIGHT="21" WC="0.96" CONTENT="års"/><SP WIDTH="21" VPOS="1439" HPOS="551"/>
							<String ID="string_336" HPOS="572" VPOS="1439" WIDTH="36" HEIGHT="28" WC="0.96" CONTENT="lag"/><SP WIDTH="20" VPOS="1439" HPOS="608"/>
							<String ID="string_337" HPOS="628" VPOS="1440" WIDTH="31" HEIGHT="20" WC="0.93" CONTENT="ett"/><SP WIDTH="18" VPOS="1440" HPOS="659"/>
							<String ID="string_338" HPOS="677" VPOS="1439" WIDTH="67" HEIGHT="22" WC="0.92" CONTENT="bevis."/><SP WIDTH="30" VPOS="1439" HPOS="744"/>
							<String ID="string_339" HPOS="774" VPOS="1439" WIDTH="94" HEIGHT="22" WC="0.91" CONTENT="Talaren"/><SP WIDTH="15" VPOS="1439" HPOS="868"/>
							<String ID="string_340" HPOS="883" VPOS="1440" WIDTH="51" HEIGHT="22" WC="0.97" CONTENT="ville"/>
						</TextLine>
					</TextBlock>
				</ComposedBlock>
			</PrintSpace>
		</Page>
	</Layout>
</alto>
