970 1700
350 128 36 16 Den
399 128 21 16 19
433 128 41 17 febr.
714 122 42 20 305

107 187 135 21 Besvarades
256 187 50 21 med
322 188 26 20 15
362 188 24 26 ja
401 189 57 19 emot
474 188 26 20 20
516 188 41 27 nej.

108 222 149 20 Talemannen
272 222 133 20 framställde
420 222 72 20 vidare
508 221 33 20 till
555 222 144 26 omröstning:

107 256 49 20 Den
177 262 44 14 som
244 255 38 21 vill
302 257 32 19 att
353 257 75 25 nyttan
448 256 55 20 skall
519 256 77 27 utgöra
613 255 172 27 delningsgrund

39 290 34 20 för
95 289 96 28 hägnad,
211 296 74 14 svarar
302 290 34 26 ja;
357 289 42 20 den
420 296 45 13 som
484 289 38 21 vill
542 290 31 19 att
589 288 196 28 stängselbesväret

40 324 56 20 skall
112 324 104 27 fullgöras
232 324 55 20 efter
303 323 129 27 egovidden,
448 330 72 14 svarar
535 324 43 26 nej.

107 358 135 21 Besvarades
256 357 49 21 med
322 358 25 20 15
360 358 25 26 ja
399 359 59 19 emot
473 358 27 20 20
515 358 45 27 nej;
580 357 33 21 till
623 357 53 28 följe
687 357 98 27 hvaraf
775 353 15 36 8

42 392 25 21 13
83 392 87 21 komme
185 393 32 19 att
232 391 50 29 lyda
298 391 98 28 sålunda:

110 420 44 32 ,Är
175 425 220 22 öfverenskommelse
414 438 27 3 —
463 427 41 19 etc.
518 438 29 3 —
561 433 95 20 grannar
670 425 115 28 fullgöras,

41 468 51 14 vare
107 460 122 28 egovidden
243 460 191 27 delningsgrund*.

108 494 220 27 Landtdagsmannen
349 493 93 22 Holma
465 494 39 21 och
524 493 104 22 Katina
646 495 139 21 reserverade

40 530 34 27 sig
89 531 58 19 emot
162 529 59 20 detta
236 528 96 21 ständets
347 528 77 21 beslut.

108 563 220 27 TLandtdagsmannen
348 563 133 21 Pelkonen
501 562 81 28 yrkade
603 564 40 25 att,
659 563 7 21 i
681 563 104 22 händelse

41 598 63 21 böter
119 598 86 20 komme
221 599 31 19 att
267 597 35 21 vid
316 598 12 26 $
344 598 25 20 16
385 597 141 27 bestämmas,
549 597 62 21 dessa
625 597 67 21 borde
707 598 78 28 belöpa

41 632 33 28 sig
89 632 64 28 högst
168 632 34 20 till
217 632 26 20 25
259 631 71 27 mark,
345 632 61 20 hvari
422 632 62 20 äfven
500 631 197 22 ständsledamoten
712 632 73 21 Klami

41 666 114 22 instämde.

110 700 148 22 Talemannen
281 700 133 21 framställde
437 700 95 21 derefter
551 700 96 28 följande
666 701 120 28 voterings-

43 735 145 28 proposition:

110 769 49 21 Den
180 776 45 13 som
244 769 64 27 gillar
322 769 12 27 8
351 770 25 19 16
392 768 139 27 oförändrad,
547 775 74 14 svarar
633 770 33 26 ja;
683 770 41 20 den
740 776 45 14 som

42 803 38 21 vill
99 803 62 21 böter
181 803 34 20 till
233 803 79 27 belopp
328 802 24 21 af
365 804 26 19 25
407 803 62 20 mark
484 802 33 21 för
533 803 41 20 den
590 803 88 21 hvilken
693 804 70 20 säsom
780 804 6 20 i

43 838 11 26 &
70 839 125 19 omnämnes
217 837 152 27 undandrager
389 837 33 27 sig
441 839 32 18 att
492 836 7 20 i
519 836 153 29 skiljohägnad
690 837 97 28 deltaga,

43 878 73 14 svarar
131 871 43 27 nej.

110 905 134 21 Besvarades
260 905 49 21 med
326 906 25 20 16
364 906 25 26 ja
405 907 57 19 emot
477 906 24 20 21
519 906 46 26 nej;
582 905 39 21 och
642 901 66 35 komme
724 906 63 21 säle-

43 940 38 20 des
97 939 55 21 efter
166 939 67 21 orden
245 939 96 27 ,hälften
352 939 135 21 derutöfver*
500 941 32 19 att
541 940 111 27 tilläggas:
669 940 68 26 ,Böte
749 940 39 22 ock

43 974 78 20 derhos
136 974 108 28 tjugufem
259 974 82 20 mark*.

111 1008 12 20 I
137 1008 155 27 sammanhang
307 1008 89 20 härmed
411 1008 80 20 beslöts
506 1008 41 20 ock
561 1008 28 28 pä
605 1008 120 21 framställd
739 1016 50 20 pro-

43 1042 95 28 position
157 1043 32 20 att
205 1042 52 21 sista
271 1044 128 19 momentet:
424 1042 70 27 ,Vare
511 1042 41 21 ock
565 1054 28 3 —
609 1044 40 19 ete.
666 1055 23 3 —
707 1050 82 14 samma

43 1076 77 21 andel*
138 1076 69 21 skulle
223 1076 48 21 frän
287 1076 70 21 denna
372 1076 104 28 paragraf
488 1076 58 28 utgä.

112 1110 46 21 Mot
173 1110 60 21 detta
248 1117 75 14 senare
338 1111 70 20 beslut
422 1110 139 21 reserverade
577 1111 34 27 sig
625 1110 95 28 Klami,
739 1111 50 21 Pu-

44 1145 85 21 hakka
144 1145 39 20 och
199 1145 76 27 Keto,
292 1145 40 20 den
349 1145 132 21 sistnämnde
496 1145 50 21 med
561 1145 41 20 den
613 1145 129 28 förklaring,
758 1147 32 20 att

44 1179 43 21 han
102 1179 7 20 i
125 1179 36 20 det
181 1179 120 21 uteslutnas
320 1179 62 21 ställe
403 1179 77 20 önskat
495 1179 41 21 den
551 1179 138 28 bestämning
703 1180 86 28 tillagd,

45 1215 31 19 att
92 1213 80 21 enhvar
192 1220 51 14 vore
264 1213 86 28 skyldig
370 1215 31 18 att
418 1213 128 22 underhälla
561 1214 32 20 sin
609 1213 63 22 andel
687 1215 6 19 i
709 1214 80 27 hägna-

45 1248 41 20 den
102 1248 24 21 sä
142 1248 65 27 länge
223 1248 42 21 han
281 1247 62 22 deraf
355 1248 55 21 hade
426 1255 63 20 gagn.

386 1294 11 26 8
414 1294 32 20 17.

114 1322 136 20 Godkändes.

389 1350 11 26 8
417 1350 31 20 18.

113 1384 221 27 Landtdagsmannen
358 1378 119 34 Östring
498 1384 52 20 fann
573 1382 42 22 den
635 1384 6 20 i
662 1384 129 28 paragrafen

47 1420 94 26 antagna
161 1418 149 28 beräkningen
332 1420 44 24 ,att
396 1425 27 13 en
442 1418 35 21 aln
497 1420 32 19 tät
545 1419 95 26 stängsel
656 1418 66 21 borde
738 1420 56 19 mot-

94 1460 71 17 Hederv.
180 1461 124 17 bondeständets
316 1462 64 20 protok.
393 1461 25 16 II.
702 1462 22 16 20
