1039 1703
790 134 40 22 955

108 200 32 21 att
155 199 105 22 förskaffa
275 199 33 30 sig
324 201 55 28 ärlig
394 201 173 28 sysselsättning,
584 200 53 22 eller
650 200 119 22 verkställa
779 200 36 21 dot
825 208 33 13 ar-

108 234 50 21 bete
174 235 80 21 honom
270 235 69 28 enligt
354 235 181 28 nästföregäende
551 237 12 26 &
578 235 103 27 anvisats,
697 236 54 21 eller
765 236 40 21 ock
816 235 43 21 för-

109 271 93 19 summat
224 271 32 20 att
276 269 98 29 iakttaga
395 269 26 22 de
442 270 122 28 varningar,
581 277 46 14 som
643 270 79 21 honom
738 270 50 21 med
803 270 55 21 afse-

109 303 55 21 ende
184 304 12 21 &
214 303 42 22 den
277 303 109 22 allmänna
406 304 129 22 säkerheten
551 304 80 29 gifvits,
647 311 50 14 vare
713 304 147 21 underkastad

109 337 65 21 sädan
191 338 139 28 behandling,
346 346 46 14 som
406 339 120 21 nedanföre
541 339 7 20 i
564 340 12 20 6
592 339 49 27 kap.
659 339 72 21 vidare
747 341 69 26 säges.

176 378 12 28 8
204 378 19 21 7.
244 378 85 28 Antogs
339 379 118 21 utskottets
467 379 59 21 förra
538 379 125 27 alternativ;
675 379 33 21 till
719 379 54 28 följd
783 379 78 21 hvaraf

109 412 85 22 säledes
208 412 37 22 det
259 413 7 21 i
282 413 72 21 denna
369 414 11 27 $
394 414 7 20 i
412 413 42 21 den
467 414 79 27 nädiga
556 414 165 28 propositionen
731 413 128 29 begagnade

110 446 62 22 ordet
186 447 141 25 ,,husbonde*
342 448 67 21 borde
425 448 86 28 utbytas
528 450 58 19 emot
602 448 61 21 ordet
679 448 119 27 ,förman.*

177 488 11 27 $
206 488 26 21 13
248 488 116 28 ogillades;
380 489 40 21 och
436 488 69 21 skulle
522 488 86 22 derföre
625 489 56 27 utgå.

178 528 24 28 88
218 528 27 21 22
260 528 40 21 och
316 528 33 21 23.
380 529 97 27 Antogos
494 528 79 22 sädane
589 529 28 21 de
631 528 51 28 lyda
697 529 7 21 i
720 528 41 22 den
780 528 79 28 nådiga

108 562 172 28 propositionen.

178 603 11 27 8
205 604 33 20 24.
269 603 43 21 Till
331 602 70 22 denna
419 604 11 27 $
449 603 66 21 borde
531 603 76 29 läggas
621 602 96 29 följande
733 603 127 28 stadgande,

109 637 121 28 nemligen:

176 672 35 21 En
233 672 53 21 hvar
308 679 52 14 vare
379 672 122 28 berättigad
521 674 31 19 att
567 672 63 29 gripa
645 672 126 27 oförpassad
786 672 74 28 kring-

109 705 117 30 strykande
242 706 124 29 ziguenare.

178 747 12 27 8
206 747 33 21 29.
270 747 97 22 Gillades
388 747 66 22 sädan
473 747 42 21 den
530 747 61 28 lyder
607 747 7 20 i
630 747 41 21 den
687 747 80 28 nädiga
780 753 79 22 propo-

109 781 101 22 sitionen.

178 817 12 26 8
205 817 34 20 45.
269 816 85 29 Antogs
374 816 66 21 sådan
460 816 106 21 utskottet
582 816 114 28 föreslagit
713 816 125 23 densamma
853 815 7 21 i

110 851 38 21 sitt
166 850 92 23 sednare
276 850 124 28 alternativ,
415 850 117 22 afvikande
547 850 47 22 frän
611 850 42 21 den
668 851 79 28 nädiga
762 851 98 28 proposi-

110 886 82 21 tionen.

177 920 12 21 I
204 920 70 29 öfriga
290 921 60 20 delar
365 920 73 21 bifölls
455 920 117 21 utskottets
587 919 146 27 betänkande,
746 919 55 22 dock
811 920 50 21 med

109 956 42 21 den
174 955 152 28 anmärkning,
349 957 32 19 att
400 955 8 20 i
426 955 142 21 redaktionen
588 955 24 20 af
625 955 158 27 författningen
799 954 62 21 ordet

110 990 199 29 »Suojeluksetoin*
330 990 41 21 och
392 989 154 26 ,försvarslös*
567 989 67 22 borde
649 989 88 28 utbytas
752 990 59 20 emot
826 995 34 14 or-

110 1025 42 21 den
168 1024 162 28 ,joutolainen*
347 1024 39 21 och
404 1024 162 26 ,lösdrifvare.

139 1089 41 21 N:o
197 1089 47 21 166.
360 1088 54 20 Den
432 1088 11 20 7
460 1094 65 14 mars
543 1088 70 20 1864.

178 1128 124 28 Föredrogs
317 1127 256 28 expeditionsutskottets
589 1127 82 27 förslag
686 1126 33 21 till
734 1126 128 21 ständernas

111 1162 151 28 underdäniga
279 1169 49 15 svar
343 1162 7 20 i
366 1162 118 28 anledning
499 1162 24 21 af
535 1162 28 20 H.
579 1161 28 21 K.
623 1161 50 21 M:ts
689 1160 79 28 nädiga
783 1167 79 21 propo-

111 1198 72 26 sition,
204 1197 113 27 angäende
337 1196 95 21 revision
452 1196 24 21 af
489 1196 42 21 den
547 1202 78 22 genom
641 1196 80 28 nädiga
736 1195 127 21 manifestet

111 1232 24 22 af
156 1232 42 20 den
222 1232 11 20 9
256 1232 56 27 april
332 1231 54 21 1840
405 1230 104 28 stadgade
525 1230 134 28 omsättning
673 1230 24 20 af
710 1228 152 29 räntepersed-

111 1267 60 21 larne
186 1266 8 21 i
208 1266 80 21 landet.

179 1300 85 22 Bifölls.

140 1340 42 22 N:o
200 1341 46 20 167.

179 1373 125 28 Föredrogs
326 1373 153 28 lagutskottets
502 1372 137 21 betänkande
661 1379 35 14 n:o
717 1372 33 25 23,
771 1371 93 22 innefat-

112 1408 66 21 tande
200 1408 83 28 förslag
305 1408 33 21 till
362 1407 211 28 sammanjemkning
592 1407 23 20 af
633 1405 26 22 de
673 1406 80 26 beslut,
768 1405 7 21 i
790 1405 74 22 hvilka

113 1443 26 21 de
155 1442 107 25 särskilda
276 1441 139 26 riksständen
432 1443 86 23 stannat
533 1441 6 22 i
555 1441 119 30 anledning
689 1440 24 22 af
726 1439 28 25 H,
770 1439 27 22 K.
812 1440 51 23 M:ts
