992 1709
217 130 27 21 48
504 136 38 17 Den
555 134 21 18 19
587 135 36 23 jan.

256 195 221 28 Landtdagsmännen
493 189 119 34 Östring,
628 195 159 28 Hagelstam
803 196 41 20 och
859 194 79 23 Simo-

188 230 37 21 lin
240 230 142 28 undandrogo
398 230 33 27 sig
447 230 128 28 deltagande
589 230 7 20 i
612 230 171 28 omröstningen.

254 265 222 28 Landtdagsmannen
502 265 116 27 Hagman
642 265 101 21 förmälte
766 266 32 20 att
820 265 27 21 dä
869 265 70 20 finska

188 300 73 21 skolor
276 300 67 21 redan
359 299 70 21 finnas
445 300 6 20 i
467 299 130 29 Jyväskylä,
613 299 111 28 Uleäborg
740 299 40 22 och
796 299 77 21 Gamla
883 299 56 21 Kar-

189 335 57 28 leby,
269 334 74 22 Klami
362 335 49 20 icke
432 334 93 21 behöfde
545 334 89 22 betvifla
654 336 33 19 att
707 334 85 21 finskan
808 334 71 21 blefve
896 334 42 21 till-

190 369 84 21 erkänd
289 369 48 21 dess
352 371 51 18 rätt.

257 403 222 28 Landtdagsmannen
490 403 134 21 Puhakka
640 403 103 21 förenade
754 403 34 28 sig
798 403 49 21 med
858 403 80 26 Klami,

189 440 56 19 samt
261 438 74 22 tillade
351 440 31 19 att
398 439 27 20 dä
440 439 36 20 det
489 437 67 22 redan
572 437 72 22 blifvit
658 437 96 22 beslutet
764 439 32 19 att
806 445 49 14 man
871 438 67 21 borde

190 475 97 20 omrösta
303 481 34 13 om
353 472 85 22 Klamis
453 473 91 21 berörde
560 473 92 27 förslag,
672 479 52 14 vore
740 473 37 20 det
792 475 57 19 orätt
864 474 31 19 att
910 480 30 14 nu

187 508 78 21 hindra
280 508 135 28 voteringen.
445 507 51 22 Icke
512 507 70 22 heller
597 507 68 28 ansäg
675 507 83 21 talaren
770 507 99 21 enskilda
879 508 59 21 med-

189 543 90 21 lemmar
295 543 24 20 af
333 543 86 20 ständet
434 549 41 21 ega
489 543 43 21 rätt
548 544 31 19 att
594 541 78 22 hindra
687 542 141 29 omröstning.

255 577 223 28 Landtdagsmannen
493 577 118 28 Hagman
628 577 113 21 anmärkte
757 579 41 25 att,
814 577 27 20 dä
856 577 83 21 antalet

189 611 23 22 af
225 612 70 21 finska
315 612 89 27 språket
423 611 86 22 talande
530 611 142 22 medlemmar
686 611 8 21 i
710 611 86 22 ståndet
816 611 122 29 öfverstege

188 647 37 20 det
241 647 24 20 af
278 646 49 21 dem
343 653 46 14 som
404 646 72 21 talade
493 646 103 27 svenska,
611 646 115 21 resultatet
742 646 23 21 af
774 647 164 28 omröstningen

188 681 73 21 kunde
277 681 28 28 pä
320 681 93 20 förhand
428 681 66 27 inses,
516 683 55 19 samt
586 681 68 28 ansäg
668 681 28 28 pä
717 681 70 27 grund
803 681 63 20 deraf
878 683 60 20 vote-

188 716 50 28 ring
258 715 99 28 omöjlig;
381 715 101 22 hvarföre
502 716 84 20 talaren
608 715 40 21 ock
668 715 76 21 trodde
761 717 31 19 att
808 715 65 21 sädan
889 715 49 22 icke

188 749 67 22 borde
271 750 88 21 tillätas.

257 785 148 21 Talemannen
422 784 134 22 framställde
572 784 95 22 derefter
682 784 98 29 följande
795 785 142 28 proposition:

255 819 50 21 Den
324 826 46 14 som
389 819 38 21 vill
443 822 31 18 att
489 820 85 21 Klamis
590 820 127 20 förberörda
731 820 82 28 förslag
827 820 110 28 företages

187 854 34 21 till
236 854 126 28 afgörande,
379 862 73 14 svarar
465 855 35 28 ja;
514 854 41 21 den
568 862 46 14 som
630 854 36 21 det
681 854 48 22 icke
738 855 44 26 vill,
790 857 87 19 voterar
893 856 43 27 nej.

256 889 135 21 Besvarades
411 889 50 22 med
482 890 24 20 17
525 890 24 27 ja
570 891 58 19 emot
643 890 24 20 21
685 890 47 27 nej,
756 890 39 21 och
810 889 47 21 blef
873 890 65 21 alltså

188 923 97 22 ständets
301 924 71 21 beslut
387 925 32 19 att
434 925 105 27 förslaget
554 923 70 22 skulle
640 924 93 21 förfalla.

256 992 123 29 Föredrogs
402 993 154 28 lagutskottets
578 993 139 21 betänkande
738 1000 34 14 n:o
794 994 26 20 13
840 994 7 21 i
863 993 74 22 anled-

188 1028 54 28 ning
257 1029 24 20 af
291 1028 29 21 H.
335 1027 27 22 K.
378 1028 51 21 M:ts
447 1028 79 28 nädiga
546 1028 135 28 proposition
700 1028 113 28 angäende
831 1029 106 28 sjölagen.

255 1063 222 27 Landtdagsmannen
500 1062 91 22 Klami
614 1062 146 21 understödde
783 1063 154 27 betänkandet,

187 1096 55 22 dock
263 1097 49 21 med
333 1097 36 21 det
388 1098 79 27 tillägg
487 1099 31 18 att
539 1097 33 21 till
592 1097 42 20 den
653 1097 93 27 komitö,
770 1103 46 15 som
837 1097 100 21 kommer

189 1133 31 19 att
235 1132 111 21 nedsättas
361 1131 8 21 i
385 1132 39 21 och
440 1132 34 21 för
490 1131 154 22 omarbetande
659 1132 24 21 af
696 1132 108 28 sjölagen,
823 1132 66 21 borde
905 1132 32 21 in-

188 1166 69 22 kallas
274 1173 27 14 en
317 1166 95 21 ledamot
427 1166 24 21 af
464 1167 75 28 hvarje
556 1166 72 27 ständ,
644 1166 132 21 ätminstone
785 1167 23 20 af
814 1166 123 23 ridderska-

187 1203 38 26 pet
244 1201 41 21 och
304 1201 75 27 adeln,
403 1201 101 28 borgare-
520 1201 40 21 och
575 1201 175 26 bondeständen,
772 1200 73 22 hvilka
859 1201 77 28 frägan

187 1237 96 19 närmast
301 1235 102 26 berörde,
427 1237 56 19 samt
498 1237 31 19 att
544 1236 64 20 dessa
622 1235 122 21 ledamöter
759 1235 66 21 borde
841 1237 58 20 utses
915 1237 24 20 af

188 1269 123 21 ständerna.

256 1302 222 29 Landtdagsmannen
504 1303 118 21 Simolin
646 1303 68 28 ansåg
736 1304 32 20 att
790 1303 147 22 betänkandet

189 1336 66 22 borde
271 1339 91 26 antagas
377 1339 52 19 utan
445 1338 151 28 anmärkning.

256 1372 222 28 Landtdagsmannen
501 1372 67 22 Keto
589 1371 115 29 godkände
724 1372 117 22 utskottets
861 1372 75 24 betän-

188 1406 83 29 kande,
287 1409 56 19 samt
358 1408 67 26 ansäg
440 1406 36 22 det
491 1408 23 21 af
527 1407 74 22 Klami
616 1407 126 29 föreslagna
753 1408 99 29 tillägget
862 1408 75 23 bevisa
