981 1700
364 132 37 17 Den
414 132 10 16 3
437 132 48 22 april.
731 125 40 21 697

56 194 110 26 upptagne
182 193 131 25 momenten,
330 198 49 14 men
395 192 76 21 delade
481 192 8 20 i
500 191 103 21 afseende
613 192 13 20 å
637 192 52 20 sista
704 198 96 14 momen-

57 228 31 20 tet
104 227 12 20 å
127 228 11 19 6
150 226 62 21 sidan
227 226 85 21 Klamis
323 227 98 27 mening,
433 229 31 19 att
479 227 52 26 den,
542 234 45 13 som
601 226 54 28 egde
665 226 85 21 mindre
760 226 42 21 lott

56 261 7 20 i
81 260 141 28 tillandning,
242 267 78 21 genom
344 262 129 19 momentets
494 260 149 21 bibehållande
663 260 140 21 oförändradt

56 294 71 21 blefve
143 294 80 21 kränkt
238 294 6 20 i
261 294 32 21 sin
308 296 53 25 rätt,
382 296 51 19 enär
449 295 36 20 det
507 295 7 20 i
536 296 119 19 momentet
675 294 129 30 stadgades,

56 330 32 20 att
102 328 43 21 han
158 335 52 14 vore
222 328 52 21 icke
294 328 55 21 blott
365 328 122 28 berättigad
507 330 53 19 utan
581 328 63 21 äfven
664 328 86 28 skyldig
770 330 32 19 att

57 363 55 21 afstä
128 362 31 21 sin
176 363 41 20 lott
232 363 23 20 åt
270 369 26 14 en
312 370 78 14 annan.
421 363 84 27 Skäligt
520 370 51 14 vore
591 364 32 20 att
638 363 70 21 såsom
729 363 73 21 Klami

57 397 112 27 föreslagit
185 404 77 14 senare
278 397 63 21 delen
356 397 23 21 af
397 399 118 19 momentet
536 397 89 28 utginge
644 397 53 21 eller
715 399 32 19 att
767 397 37 21 det

57 431 106 21 ändrades
179 431 33 27 så,
228 432 31 19 att
275 431 75 28 utbyte
365 431 24 21 af
402 431 65 20 lotter
482 431 57 28 finge
554 431 52 21 bero
616 431 29 28 på
655 431 27 21 fri
693 431 110 21 öfverens-

58 466 118 21 kommelse
193 466 92 21 emellan
301 465 70 28 begge
387 467 107 26 parterne.
525 466 32 27 Ty
573 472 34 14 om
623 466 40 20 ock
678 466 72 27 någon
766 466 36 20 be-

58 500 96 21 brukade
170 501 33 20 sin
218 500 41 21 lott
273 500 38 21 illa
327 500 39 21 och
381 500 68 21 lotten
468 500 138 28 följaktligen
625 507 51 14 vore
696 501 33 20 till
744 507 59 14 mera

59 542 56 21 gagn
132 535 21 20 åt
173 541 26 14 en
218 541 72 14 annan
309 534 110 28 delegare,
435 542 46 13 som
503 535 70 20 bättre
596 534 92 21 häfdade
704 535 52 27 den,
780 535 23 21 så

59 569 66 21 borde
141 576 79 20 egaren
241 568 56 22 dock
315 569 64 21 hafva
397 569 105 28 rättighet
522 571 32 19 att
573 569 84 21 behålla
677 570 66 27 sagde
763 570 40 20 lott

58 604 34 21 för
108 604 46 20 sina
169 603 121 28 arfvingars
305 603 102 28 räkning,
423 604 33 20 för
471 604 73 20 hvilka
559 603 42 21 den
615 604 106 21 måhända
731 604 72 22 blefve

59 646 59 14 mera
134 638 131 21 användbar.

127 672 222 29 Landtdagsmannen
366 673 112 21 Tiainen
494 674 68 27 ansåg
581 672 74 22 Klami
671 674 39 20 och
726 674 78 20 Pelko-

60 715 42 14 nen
118 708 65 21 hafva
198 709 42 19 rätt
256 708 68 28 enligt
339 708 120 28 principen,
475 714 49 14 men
540 707 75 21 trodde
626 710 119 19 momentet
756 709 49 20 med

60 742 103 21 afseende
179 742 12 21 å
206 742 48 21 vårt
269 742 62 21 lands
346 742 152 28 egendomliga
513 742 149 21 förhållanden
678 742 52 21 böra
744 750 60 21 qvar-

61 778 33 20 stå
109 777 146 21 oförändradt.
278 776 72 28 Något
365 776 100 22 hemman
481 776 71 21 kunde
563 776 34 22 vid
609 776 121 22 storskiftet
741 778 65 20 hafva

61 811 41 21 fått
117 811 33 27 sig
165 811 87 27 tillagdt
267 818 27 14 en
310 811 62 21 udde.
409 811 44 21 Vid
469 811 94 21 derefter
581 810 120 22 verkstäldt
719 812 87 21 tilland-

62 846 131 27 ningsskifte
208 846 73 20 kunde
297 845 36 21 det
343 846 78 26 hända,
433 848 31 18 att
475 845 102 22 stranden
588 846 59 20 invid
657 853 82 15 samma
750 847 56 21 udde

62 881 83 27 tillagts
166 882 32 19 ett
217 882 67 19 annat
306 880 107 21 hemman.
449 880 81 22 Sådant
552 880 72 21 kunde
642 880 113 22 föranleda
773 882 33 20 till

62 915 151 28 mångahanda
228 915 139 28 tvistigheter
382 915 93 21 emellan
488 915 26 21 de
530 914 56 22 båda
600 914 136 22 hemmanen.
762 916 44 21 Det

62 956 51 14 vore
125 949 85 21 derföre
221 949 100 28 lämpligt
331 951 32 19 att
373 950 75 27 utbyte
459 949 24 21 af
494 949 235 28 tillandningslotterne
741 951 65 21 emel-

61 984 36 21 lan
113 984 48 20 dem
177 984 57 28 finge
250 984 45 20 ske.

129 1018 220 28 Landtdagsmännen
365 1018 84 21 Kiuru
465 1019 39 21 och
520 1018 102 21 Sinkko
634 1025 51 15 voro
697 1026 51 14 ense
757 1020 49 21 med

62 1052 73 21 Klami
150 1053 40 21 och
205 1053 120 21 Pelkonen.

129 1087 221 27 Landtdagsmannen
363 1087 125 21 Puhakka
495 1088 147 20 äterhemtade
654 1088 37 20 sitt
699 1089 108 27 yttrande,

36 1125 2 2 *
62 1123 32 19 att
110 1121 26 21 de
152 1122 6 19 i
174 1121 147 22 betänkandet
336 1122 84 21 införde
435 1124 125 19 momenten
575 1122 183 29 sammanhängde
774 1124 32 20 sä-

63 1163 45 13 som
125 1163 85 14 ormens
226 1157 54 27 ägg,
295 1156 101 21 hvarföre
412 1156 109 21 desamma
536 1157 47 20 icke
599 1156 72 22 kunde
687 1157 68 21 delvis
771 1160 36 19 än-

63 1190 59 27 dras;
138 1191 114 20 erinrande
268 1191 83 20 talaren
369 1191 7 20 i
392 1191 65 28 öfrigt
477 1198 34 13 om
532 1191 25 20 de
573 1192 58 19 stora
649 1191 158 28 sjöfällningar,

64 1232 45 13 som
125 1225 69 20 under
209 1232 77 14 senare
301 1225 55 20 tider
372 1225 7 20 i
389 1225 96 21 Karelen
499 1225 124 21 verkställts
639 1227 55 19 samt
704 1226 102 21 hurusom

64 1259 110 20 desamma
189 1259 54 21 hade
259 1259 95 27 erbjudit
369 1259 125 28 flerfalldigt
509 1261 69 19 större
593 1259 66 27 vinst,
680 1260 72 21 derest
772 1261 36 20 det

64 1293 129 28 stadgande,
208 1293 84 21 hvilket
306 1293 150 28 ifrägakomne
471 1295 96 19 moment
589 1293 120 28 innehölle,
725 1294 82 22 funnits

64 1328 28 27 pä
107 1327 42 21 den
165 1328 31 19 tid
211 1328 27 19 dä
253 1328 66 26 sagde
335 1328 150 26 sjöfällningar
500 1328 149 20 verkställdes.

132 1360 221 28 Landtdagsmannen
373 1355 117 34 Östring
509 1362 52 20 ville
581 1362 50 20 med
650 1362 118 28 anledning
788 1363 24 21 af

64 1395 85 21 Klamis
165 1395 39 21 och
219 1395 125 21 Pelkonens
359 1396 116 28 yttranden
491 1396 112 27 anmärka,
622 1397 31 19 att
669 1396 36 21 det
721 1396 31 21 uti
772 1397 37 21 det

64 1430 151 30 ifrägakomne
230 1432 120 21 momentet
364 1430 47 23 icke
431 1438 52 15 vore
503 1431 62 29 fråga
579 1438 45 20 om,
642 1431 106 22 huruvida
767 1432 41 22 den
