1003 1703
367 139 37 19 Den
421 141 21 17 13
455 137 48 26 april.
742 135 39 20 851

332 207 49 21 Den
396 207 27 22 13
438 207 67 28 april,
522 207 88 21 klockan
626 207 28 20 12
663 208 32 27 på
710 206 74 29 dagen.

132 269 44 23 Vid
191 270 133 29 protokollet
339 269 163 22 undertecknad
517 269 113 21 hist.-filol.
646 269 111 22 kandidat.

133 339 128 27 Upplästes:

135 374 41 27 1:0)
199 372 34 22 En
253 373 48 21 från
321 372 119 29 kejserliga
460 374 101 20 senatens
577 372 33 21 för
625 372 94 22 Finland
734 373 80 22 finans-

65 408 126 28 expedition
214 408 33 20 till
271 407 151 21 sekreteraren
445 408 79 20 aflåten
547 407 114 21 skrifvelse
681 408 24 20 af
722 408 41 21 den
779 410 11 20 6
807 410 7 20 i

66 442 70 21 denne
157 442 85 27 månad,
262 442 61 21 hvari
338 442 100 21 bemälda
453 442 124 28 expedition
594 442 110 21 meddelar
720 443 94 21 sekrete-

66 484 64 14 raren
146 477 34 20 för
195 478 30 19 att
241 476 87 21 ståndet
343 476 184 28 tillkännagifvas,
541 478 31 19 att
582 476 28 21 H.
621 476 27 21 K.
659 477 39 20 M:t
708 477 48 21 icke
767 478 47 20 fun-

66 512 33 20 nit
115 511 46 21 skäl
176 512 32 20 att
222 511 77 21 bifalla
315 511 95 21 ståndets
425 518 78 21 genom
514 512 126 20 talmannen
651 511 76 28 gjorda
738 512 77 21 under-

67 546 78 27 dåniga
160 546 130 28 ansökning,
305 547 31 20 att
352 546 145 21 kostnaderne
513 546 34 21 för
560 546 116 28 tryckning
687 547 23 20 af
719 547 97 21 ståndets

67 581 109 27 protokoll
200 580 71 21 kunde
294 580 75 28 gäldas
387 580 48 21 från
451 581 110 20 allmänna
576 580 78 27 medel,
670 581 54 20 eller
739 582 77 20 åtmin-

68 617 62 18 stone
151 615 48 20 från
215 615 81 20 sådana
311 615 71 20 medel
397 615 126 28 förskjutas,
538 615 34 20 för
587 617 32 18 att
634 615 95 21 derefter
745 616 23 21 af
781 623 36 14 ve-

68 649 135 21 derbörande
219 649 116 28 uppbäras,
351 649 40 20 och

136 684 44 26 2:0)
201 683 34 21 En
256 683 48 21 från
325 683 224 28 finansexpeditionen
568 684 7 20 i
593 684 118 28 kejserliga
727 687 90 19 senaten

69 718 34 20 för
125 718 93 20 Finland
241 718 33 20 till
293 717 151 21 sekreteraren
463 718 79 20 aflåten
559 718 113 21 skrifvelse
687 719 24 21 af
724 719 42 21 den
783 721 11 19 6
810 720 7 20 i

69 752 71 20 denne
163 752 85 27 månad,
271 752 61 21 hvari
355 752 110 21 meddelas
486 754 31 19 att
536 752 28 21 H.
585 752 27 21 K.
628 753 40 21 M:t
682 754 49 20 icke
747 754 71 21 funnit

70 786 47 20 skäl
140 788 32 19 att
192 787 75 21 bifalla
289 786 169 22 bondeståndets
479 787 148 27 underdåniga
646 788 122 28 ansökning
783 796 35 14 om

70 821 76 27 anslag
162 821 23 21 af
198 821 109 21 allmänna
323 821 70 21 medel
408 821 33 20 till
457 821 107 28 gäldande
580 822 23 20 af
616 822 26 20 de
658 822 101 27 arvoden,
773 830 45 14 som

71 856 95 20 ståndets
187 856 99 20 enskilda
306 856 172 20 besvärsutskott
496 856 68 20 utfäst
582 856 22 21 åt
619 856 49 21 dess
683 857 136 21 sekreterare

71 890 41 21 och
127 896 27 15 en
170 890 78 28 kopist.

139 959 86 21 Ankom
242 966 27 14 en
285 958 126 29 deputation
426 959 49 21 från
485 959 151 28 ridderskapet
646 960 40 20 och
697 960 63 22 adeln
771 960 49 22 med

72 994 131 28 inbjudning
222 994 34 21 till
275 994 158 21 bondeståndet
449 995 31 19 att
495 994 77 21 förena
587 994 34 28 sig
636 994 49 21 med
698 995 122 21 ridderska-

72 1031 38 26 pet
133 1029 39 20 och
195 1028 63 21 adeln
279 1035 34 14 om
329 1034 28 14 en
372 1027 135 29 underdånig
521 1029 99 27 petition,
635 1029 93 20 rörande
744 1029 76 20 tillsät-

73 1063 65 21 tande
159 1063 24 20 af
197 1069 26 14 en
239 1062 82 21 komité
337 1062 33 21 för
385 1064 32 19 att
432 1063 123 20 undersöka
570 1063 40 20 och
626 1063 81 28 afgifva
721 1063 101 28 yttrande

49 1096 4 2 *
74 1097 112 29 angående
202 1098 67 20 sättet
283 1097 34 20 för
332 1097 162 28 förvaltningen
509 1097 24 21 af
546 1097 95 21 kronans
657 1097 85 28 skogar,
759 1098 63 21 hvar-

74 1132 61 21 öfver
150 1131 107 21 särskilda
271 1131 110 28 klagomål
396 1131 111 28 försports.

142 1165 163 29 Deputationen
321 1164 104 23 afträdde.

144 1234 221 29 Landtdagsmannen
387 1233 92 23 Klami
501 1234 98 27 anförde,
622 1236 32 19 att
674 1234 50 28 han,
737 1235 88 27 jemlikt

76 1270 98 21 ständets
189 1270 7 20 i
211 1270 39 27 gär
265 1269 80 21 honom
361 1269 60 27 gifna
435 1269 108 28 uppdrag,
563 1269 59 27 gjort
637 1269 33 27 sig
685 1269 141 21 underrättad

77 1305 81 26 derom,
174 1304 55 20 huru
245 1303 175 28 ombesörjandet
435 1303 24 21 af
473 1303 144 29 tryckningen
633 1303 23 21 af
670 1304 96 20 ständets
777 1310 49 21 pro-

78 1339 68 20 tokoll
169 1338 56 21 efter
247 1338 144 27 landtdagens
413 1338 43 20 slut
478 1338 119 26 lempligen
619 1337 72 20 kunde
712 1338 114 20 anordnas.

78 1371 251 27 Litteratursällskapets
351 1371 102 27 tryckeri,
476 1377 46 14 som
543 1370 116 27 öfvertagit
675 1370 151 28 tryckningen,

79 1405 87 22 hvilken
182 1405 67 21 redan
265 1412 27 14 en
308 1405 31 20 tid
354 1405 97 28 fortgätt,
467 1411 51 15 vore
533 1404 72 28 villigt
620 1406 32 19 att
667 1405 64 28 ätaga
742 1405 33 28 sig
785 1405 41 20 läs-

79 1441 81 28 ningen
181 1440 24 21 af
222 1440 69 21 första
309 1439 146 28 korrekturet,
473 1446 50 15 men
539 1439 101 22 fordrade
655 1441 32 20 att
702 1440 72 28 nägon
789 1447 38 14 an-
