964 1706
196 132 40 20 468
483 137 35 16 Den
533 138 8 15 7
556 142 50 11 mars.

236 196 222 28 Landtdagsmannen
474 196 113 20 Simolin
602 196 78 27 ansåg,
696 195 57 21 hvad
762 195 91 21 Arvelin
864 195 57 21 före-

169 230 66 28 slagit
254 232 32 19 att
308 230 113 28 tilläggas,
444 230 67 21 redan
530 229 124 28 inbegripet
674 229 32 21 uti
721 229 41 21 den
779 229 23 21 af
815 229 106 21 utskottet

169 265 124 27 föreslagna
316 264 113 21 redaktion
451 264 22 20 af
488 265 12 20 5
516 271 72 19 mom.,
609 263 40 21 och
664 263 77 21 trodde
757 264 33 22 för
806 264 67 27 öfrigt
888 264 33 27 $:n

170 299 53 20 böra
237 298 129 21 bibehållas.

239 332 223 28 Landtdagsmannen
475 332 135 21 Pelkonen
626 332 68 28 ansåg
706 332 84 28 jemväl
806 333 8 27 $
828 332 53 21 böra
891 332 32 21 bi-

171 366 104 22 behållas.
305 366 66 21 Hvad
389 366 95 28 anginge
503 366 36 20 det
554 366 23 20 af
590 366 91 20 Arvelin
696 366 126 28 föreslagna
837 366 86 28 tillägg,

171 401 53 21 fann
243 401 87 20 talaren
351 400 36 21 det
407 401 35 21 väl
462 401 48 21 icke
530 400 90 21 alldeles
640 400 145 27 nödvändigt,
807 407 49 14 men
872 401 52 20 ville

172 435 48 21 icke
240 435 71 20 heller
332 435 103 20 motsätta
454 435 33 27 sig
502 436 32 19 att
548 434 36 21 det
599 434 35 20 för
649 436 69 19 större
732 434 119 28 tydlighets
867 434 57 21 skull

172 469 79 28 intogs.
281 469 12 20 I
309 469 120 28 anledning
444 469 23 21 af
481 469 56 21 hvad
552 468 74 21 Klami
641 469 33 20 till
689 469 83 21 talaren
788 471 78 26 yttrat,
887 476 37 14 an-

173 504 85 21 märkte
274 503 84 21 talaren
373 505 32 20 att
421 504 36 21 det
472 510 51 14 vore
539 503 53 28 godt
607 505 31 19 att
653 503 74 22 Klami
742 504 53 20 talat
807 503 36 21 sitt
854 503 71 29 hjerta

174 540 50 19 rent
239 538 49 21 från
305 537 76 28 ovilja,
401 539 67 20 ehuru
484 539 84 20 talaren
584 537 33 22 för
633 539 33 20 sin
682 538 35 21 del
732 538 48 21 icke
793 539 46 26 just
854 540 72 19 ansett

177 573 36 20 det
228 572 77 28 nödigt
317 574 32 19 att
364 572 74 22 Klami
453 573 100 20 deröfver
568 573 55 28 tagit
638 573 68 27 qvitto
723 573 31 20 uti
769 572 140 28 protokollet.

243 606 222 28 Landtdagsmannen
488 607 119 20 Heikura
629 608 66 27 antog
715 607 11 27 8&
745 607 14 20 4
773 607 7 20 i
796 607 131 28 propositio-

175 648 43 14 nen
234 641 40 21 och
290 641 114 21 anmärkte
423 643 58 19 emot
499 641 162 28 Kumpulainen
677 643 32 18 att
725 641 92 21 emellan
833 641 42 21 den
890 648 37 13 an-

176 677 66 26 tagna
261 676 11 27 $
291 676 9 19 1
320 675 40 22 och
379 677 54 20 1852
449 676 34 21 års
499 675 128 28 förordning
640 675 49 21 icke
705 675 78 21 funnes
799 676 72 27 någon
886 675 40 20 lik-

177 710 44 20 het.
249 710 49 20 Den
316 717 76 14 senare
408 710 65 21 rörde
489 710 42 21 alla
547 710 124 27 obesuttna;
687 710 42 21 den
745 709 58 22 förra
813 709 77 22 endast
901 716 26 14 en

177 743 84 22 mindre
277 744 35 20 del
329 744 23 21 af
365 744 56 21 dem.
451 744 65 21 Hvad
531 745 95 28 anginge
641 744 98 21 fiskande
755 744 49 21 med
819 744 108 27 metkrok,

179 779 23 21 så
217 778 55 21 hade
288 779 84 20 talaren
387 779 70 28 aldrig
473 779 112 28 sysselsatt
601 779 33 28 sig
649 779 96 20 dermed.

247 813 222 28 Landtdagsmannen
492 813 95 22 Retula
609 813 144 22 understödde
769 814 102 21 Arvelins
885 813 43 22 för-

179 848 47 28 slag
241 855 35 13 om
292 849 77 27 tillägg
384 849 34 20 till
440 849 6 20 5
461 855 64 15 mom.

246 882 223 28 Landtdagsmannen
485 883 85 21 Klami
587 883 98 21 erinrade
701 884 32 20 att
749 890 78 21 genom
838 883 42 21 den
891 890 37 13 an-

179 918 67 26 tagna
268 917 11 27 &
303 918 10 19 1
337 917 56 20 hade
415 917 131 21 kommunen
570 917 82 27 tillagts
675 917 60 21 makt
755 919 31 19 att
802 918 127 26 bestämma,

180 950 75 21 hvilka
274 958 46 14 som
341 951 68 21 borde
430 958 63 14 anses
517 952 148 20 försvarslöse.
699 951 143 29 Konsegvent
861 952 68 27 följde

181 984 63 22 deraf
257 986 32 20 att
302 986 132 20 kommunen
451 986 40 21 ock
501 986 67 20 borde
579 992 42 21 ega
631 986 59 20 makt
701 988 32 18 att
743 986 96 20 förklara
849 986 80 27 hvilka,

181 1025 46 15 som
242 1019 67 21 borde
324 1026 63 14 anses
402 1020 135 28 berättigade
552 1021 32 19 att
597 1020 98 20 försvara
710 1020 34 27 sig
759 1020 56 27 sjelf.
846 1020 84 21 Genom

182 1053 165 28 ifrågavarande
363 1054 11 27 $
389 1054 113 21 bestämde
517 1054 68 21 likväl
600 1054 63 20 äfven
679 1054 65 28 lagen
760 1061 34 13 om
810 1054 59 21 vissa
883 1062 48 20 per-

182 1094 65 14 soner
265 1089 32 19 att
317 1088 26 20 de
363 1095 52 13 voro
435 1089 149 21 försvarslöse.
615 1088 41 21 Om
675 1090 41 19 ock
737 1088 62 21 desse
819 1096 111 20 personer,

183 1122 66 21 sedan
267 1122 26 20 de
315 1122 74 28 begått
409 1122 68 27 brott,
499 1122 82 21 bättrat
601 1122 44 28 sig,
668 1123 40 21 och
727 1122 132 22 kommunen
880 1124 51 21 ville

183 1156 70 25 tillåta
268 1156 49 21 dem
332 1158 31 19 att
379 1156 97 22 försvara
492 1158 43 26 sig,
551 1156 55 28 egde
622 1156 131 22 kommunen
769 1158 50 20 med
835 1158 96 21 bibehål-

182 1190 65 21 lande
269 1190 24 20 af
313 1190 164 28 ifrågavarande
497 1192 11 26 &
528 1191 49 20 icke
597 1192 105 26 rättighet
724 1191 78 21 dertill.
837 1192 94 22 Talaren

183 1224 126 28 upprepade
325 1224 86 21 derföre
427 1227 41 24 att,
489 1226 28 26 pä
532 1225 36 21 det
584 1225 136 27 konsegvens
736 1226 67 20 måtte
819 1226 85 27 vinnas,
920 1227 11 26 8

184 1258 13 19 4
213 1257 72 20 kunde
300 1257 112 21 uteslutas.

252 1290 221 28 Landtdagsmannen
493 1292 194 27 Kumpulainen
706 1292 107 20 instämde
835 1293 46 21 deri
901 1295 32 19 att

185 1324 66 21 sedan
267 1324 131 21 kommunen
410 1332 78 20 genom
491 1320 10 38 &
524 1326 8 20 1
545 1325 74 28 gifvits
631 1326 59 20 makt
701 1326 61 21 öfver
773 1326 26 21 de
810 1327 122 27 obesuttna,

184 1360 11 27 8
210 1360 13 20 4
240 1358 65 22 borde
321 1359 105 21 uteslutas
441 1360 28 28 pä
484 1360 36 21 det
535 1360 143 21 kommunens
689 1362 43 20 rätt
742 1361 7 20 i
760 1360 59 22 detta
830 1362 103 21 afseende

185 1394 67 21 måtte
274 1393 68 22 blifva
364 1394 49 20 fullt
436 1394 109 27 bestämd,
569 1395 39 21 och
631 1395 127 21 invecklade
781 1397 151 21 förhållanden

185 1428 112 21 undvikas.
