964 1700
359 126 37 16 Den
409 126 10 16 3
432 129 52 13 mars.
725 119 42 21 423

43 184 40 21 och
99 184 162 29 förvaltningen
276 185 24 21 af
313 185 105 22 Finlands
434 186 68 26 bank,
518 186 76 20 förena
609 185 34 28 sig
657 185 7 21 i
681 184 114 22 enahanda

43 218 72 22 beslut
135 219 50 21 med
205 219 151 29 ridderskapet
376 220 40 21 och
432 220 76 26 adeln,
528 220 141 26 hvarigenom
684 219 109 21 bankfull-

43 253 108 27 mäktiges
167 254 58 20 antal
242 254 104 21 bestämts
363 254 32 21 till
406 255 54 25 fem,
477 254 23 21 af
509 254 73 21 hvilka
594 254 41 21 den
646 254 67 21 femte
725 254 68 20 skulle

43 287 93 28 inväljas
159 288 24 20 af
204 288 26 20 de
252 288 49 28 fyra
319 288 196 28 bankfullmäktige
536 295 45 15 som
602 288 115 20 ständerne
736 290 59 24 utse,

45 324 56 18 samt
116 321 106 29 förslaget
238 322 111 28 angäende
365 322 105 28 rättighet
485 323 33 20 för
534 323 130 27 regeringen
675 322 40 21 och
726 322 68 21 bank-

45 356 138 28 fullmäktige
199 359 31 19 att
245 357 87 21 inställa
348 357 226 28 silfverutvexlingen,
591 356 93 28 ogillats.

112 392 157 22 Sekreteraren
289 392 148 28 tillkännagaf
453 395 32 19 att
505 393 87 21 ständet
607 392 92 21 rörande
715 392 78 28 ifräga-

42 428 80 20 komne
137 432 121 17 momenter
274 427 110 21 allaredan
401 428 93 28 vidtagit
510 435 82 14 samma
607 427 70 21 beslut
693 434 46 14 som
750 426 43 21 rid-

44 462 117 28 derskapet
177 462 39 21 och
232 462 74 27 adeln,
323 462 110 21 hvarefter
449 462 155 28 deputationen
620 461 105 21 afträdde.

111 531 121 21 Fortsattes
251 531 150 21 diskussionen
419 531 91 21 rörande
528 530 175 22 bankutskotteis
719 529 74 22 betän-

43 565 81 26 kande,
145 565 6 20 i
172 565 118 28 anledning
305 564 24 22 af
342 565 164 27 propositionen
527 564 112 28 angäende
661 566 76 26 nyttan
753 564 40 21 och

43 599 103 21 behofvet
162 600 23 20 af
199 599 98 21 enskilda
313 599 83 21 banker
411 600 50 20 med
480 600 235 26 sedelutgifningsrätt,
738 600 56 20 samt

43 633 112 28 angäende
176 633 97 21 vilkuren
295 633 33 21 för
344 634 124 20 inrättande
484 634 22 21 af
520 633 99 22 enskilda
633 633 84 21 banker
731 633 8 21 i
755 633 38 21 all-

44 668 95 21 mänhet.

388 704 11 26 s
416 704 33 20 12.

111 737 219 28 Landtdagsmannen
354 737 87 21 Klami
460 737 114 28 godkände
596 738 10 26 $
627 737 49 21 med
696 737 41 21 den
756 744 37 14 an-

42 772 122 27 märkning,
185 774 31 18 att
236 771 246 29 expeditionsutskottet
502 772 66 20 borde
590 772 82 20 erinras
687 773 58 20 rätta
761 772 30 20 ät-

43 806 88 28 skilliga
145 806 7 20 i
169 806 40 20 den
226 806 70 20 finska
311 807 75 19 texten
406 805 178 23 förekommande
600 806 83 20 ofinska
698 805 94 28 uttryck,

43 842 69 20 såsom
131 840 72 26 ,solä*
220 840 38 21 och
276 840 206 27 ,remissvekselit*,
504 840 84 21 hvilkas
611 840 109 28 betydelse
740 840 53 20 tala-

42 882 38 14 ren
97 875 48 21 icke
161 874 71 22 kunde
248 874 68 22 förstå
332 876 54 19 samt
400 875 234 28 ,ylenantooikeutta*,
651 874 64 21 hvars
726 874 65 21 finsk-

42 910 37 20 het
94 910 72 20 kunde
183 909 104 21 betviflas.

110 945 11 26 8
137 944 134 27 godkändes;
292 944 40 20 och
352 944 70 20 skulle
439 944 244 28 expeditionsutskottet
702 944 89 26 erinräs,

42 980 31 19 att
96 978 100 28 afhjelpa
218 978 27 20 de
268 978 6 20 i
296 978 71 21 denna
387 980 11 25 $
419 979 112 21 äfvensom
553 978 11 21 &
586 978 70 28 öfriga
676 978 78 21 ställen
770 978 25 21 af

41 1012 73 22 finska
131 1012 145 28 exemplaret,
299 1012 69 22 sävidt
389 1013 36 20 det
440 1013 48 21 icke
504 1013 48 21 utat
566 1012 165 22 bankutskottet
747 1019 44 15 om-

42 1048 131 28 redigerats,
188 1047 178 21 förekommande
382 1048 156 27 felaktigheter
553 1048 7 20 i
576 1047 93 28 språket.

389 1106 10 24 8
417 1106 33 20 13.

110 1151 222 28 Lavdtdagsmannen
351 1151 118 28 Hagman
488 1151 67 28 ansåg
571 1152 30 19 att
617 1151 131 26 orden-,den
759 1159 32 13 se-

42 1193 51 13 nare
109 1185 69 28 enligt
193 1185 25 21 af
230 1186 91 20 senaten
336 1185 109 21 faststäldt
455 1185 116 21 formulär"
583 1185 66 21 borde
660 1186 58 27 utgå,
735 1193 56 13 eme-

42 1219 41 20 dan
111 1224 91 15 senaten
225 1219 7 20 i
255 1219 109 20 anseende
388 1220 32 20 till
443 1219 276 22 revisionsberättelsernas
743 1219 48 21 blif-

42 1253 70 21 vande
129 1253 91 26 olikhet,
238 1253 108 28 svårligen
362 1253 72 22 kunde
450 1253 107 21 fastställa
574 1253 69 28 dylikt
659 1253 110 21 formulär.

111 1287 221 28 Landtdagsmannen
348 1288 99 21 Pousar
458 1288 75 21 trodde
544 1288 26 20 de
581 1288 166 28 ifrågavarande
759 1296 32 12 or-

42 1322 40 20 den
100 1322 47 20 icke
163 1322 64 20 hafva
241 1322 102 20 afseende
359 1323 28 26 på
402 1322 150 21 fastställande
568 1323 23 19 af
608 1322 110 26 formulär,
739 1325 52 17 utan

42 1356 59 28 uppå
115 1355 60 21 tiden
190 1356 34 20 för
239 1356 250 20 revisionsberättelsens
504 1356 125 28 afgifvande
644 1357 55 19 samt
711 1355 80 29 yrkade

41 1390 88 24 derföre
145 1390 32 21 att
192 1389 67 23 orden
274 1390 67 22 borde
357 1390 93 29 qvarstå,
