995 1703
362 131 39 25 Den
414 138 22 17 42
448 129 49 32 april.
736 125 43 28 833

123 197 223 29 Landtdagsmannen
361 192 108 27 Simula
484 197 104 22 förenade
602 198 35 28 sig
651 198 64 21 äfven
729 198 7 21 i
746 197 61 30 Hag-

56 239 62 14 mans
133 233 109 27 yttrande.

125 266 221 28 Landtdagsmannen
361 265 97 22 Klami:
474 268 32 19 att
521 267 82 20 talaren
617 266 49 21 icke
677 267 43 20 satt
729 266 78 28 ifräga,

57 302 32 19 att
110 301 49 20 icke
181 301 135 27 tjonstehjon
338 300 57 21 hade
418 303 96 19 samvete
533 301 39 20 och
588 301 132 21 rättskänsla
735 301 72 21 såsom

56 334 74 22 andra.
160 335 94 21 Talaren
269 335 56 21 hade
340 335 78 21 endast
433 336 81 20 ömmat
525 335 34 21 för
569 335 36 21 det
615 335 138 29 brydsamma
763 335 43 21 för-

56 368 110 28 hällande,
181 369 60 21 hvari
257 376 28 14 en
299 370 85 28 tjenare
399 369 43 21 kan
457 369 110 25 försättas,
582 369 126 29 derigenom
721 371 32 19 att
763 369 43 21 han

57 403 56 22 skall
132 404 71 21 vittna
220 404 7 20 i
248 404 34 21 sin
297 403 125 22 husbondes
437 404 45 21 sak.
512 404 111 28 Tjenaren
638 410 51 15 vore
706 410 27 15 en
748 404 59 21 med-

56 438 43 22 lem
119 438 25 22 af
161 438 106 28 familjen,
288 438 40 21 och
343 438 43 22 han
401 438 68 22 borde
484 438 118 22 likasälitet
618 445 45 15 som
678 438 76 28 hvarje
770 446 37 14 an-

57 480 44 15 nan
123 472 178 30 familjemedlem
323 471 22 23 få
367 473 70 21 vittna
459 473 34 21 för
516 474 53 20 eller
592 475 59 19 emot
672 473 135 22 husbonden.

57 508 121 28 Stadgades
196 507 142 28 annorlunda,
356 514 53 15 vore
424 508 38 22 det
477 508 111 22 stridande
604 510 58 19 emot
676 508 77 28 lagens
768 509 39 21 all-

57 545 79 20 männa
151 543 101 28 grunder.
282 543 44 21 Det
340 543 73 21 kunde
429 543 40 21 ock
485 544 7 20 i
506 544 79 27 mänga
596 543 38 21 fall
644 543 97 22 försvära
751 544 56 28 tjen-

57 578 121 28 stehjonets
201 577 104 28 ställning
326 577 8 21 i
355 577 72 28 huset,
449 578 41 21 och
512 578 57 21 tillät
588 585 50 14 man
659 578 100 28 tjenaren
774 580 33 19 att

57 611 70 22 vittna
141 612 7 22 i
163 611 139 22 husbondens
322 612 46 26 sak,
389 612 24 21 sä
427 612 68 21 borde
510 612 37 22 det
562 612 41 21 ock
619 612 80 22 tillätas
714 612 93 22 rörande

57 647 67 22 audre
139 646 141 22 medlemmar
295 646 24 21 af
331 646 106 28 familjen.

125 680 222 28 Landtdagsmannen
357 681 206 28 Kumpulainen
574 687 38 15 var
620 687 52 15 ense
680 681 49 21 med
737 681 71 22 landt-

58 714 149 31 dagsmannen
222 715 80 21 Klami.

125 750 222 28 Landtdagsmannen
367 748 146 30 Paajanen
529 750 51 22 ville
596 751 32 20 att
643 750 165 28 ifrägavarande

57 785 78 29 tillägg
149 784 67 22 borde
232 784 126 22 bibehållas.
388 784 72 29 Eljest
474 784 73 22 kunde
563 784 94 28 mången
668 785 57 28 gång
735 785 73 21 utred-

59 821 53 27 ning
126 820 20 28 ej
163 820 33 21 fås
210 820 8 21 i
233 820 52 21 tvist
301 819 93 21 emellan
408 819 112 22 husbonde
537 819 39 21 och
587 820 91 27 tjenare.
703 820 105 28 Stadgan-

58 854 37 22 det
110 861 51 15 vore
176 854 24 21 så
215 854 88 28 mycket
317 854 162 28 nödvändigare
495 861 36 19 nu,
547 854 65 21 sedan
629 854 97 27 husagan
737 854 73 21 blifvit

58 888 105 23 afskaffad
182 889 40 21 och
241 888 139 21 husbondens
396 888 60 21 makt
472 888 60 22 öfver
547 888 157 28 tjenstehjonet
719 888 90 22 sålunda

58 923 109 29 upphäfts.
198 922 93 22 'Talaren
306 922 74 22 kunde
396 923 19 27 ej
432 922 69 22 heller
516 922 58 22 finna
590 924 31 20 att
637 923 106 27 tjenaren,
762 923 47 21 der-

58 959 88 28 igenom
170 959 32 19 att
223 957 44 21 han
287 956 56 22 skall
361 957 70 21 vittna
447 957 7 21 i
469 964 27 14 en
512 956 127 22 husbonden
656 956 92 22 rörande
764 958 45 26 sak,

60 994 68 20 sättes
150 992 7 21 i
180 991 100 22 frestelse
302 991 53 23 eller
375 991 7 20 i
402 993 67 19 annat
489 990 104 22 afseende
609 992 49 20 svår
673 991 137 28 belägenhet.

60 1026 111 28 Tjenaren
185 1025 57 22 hade
256 1027 32 19 att
303 1024 36 22 vid
354 1025 160 22 vittnesmålets
530 1025 124 28 afgifvande
670 1025 77 21 endast
757 1025 54 28 följa

61 1061 37 20 sitt
113 1062 97 20 samvete
225 1060 41 21 och
281 1059 33 22 sin
330 1059 42 21 fria
387 1060 59 27 vilja.

129 1129 87 21 Ankom
238 1135 28 14 en
288 1128 128 27 deputation
439 1128 48 21 från
509 1127 168 29 prestaståndet,
698 1127 77 22 anförd
789 1127 25 22 af

62 1166 89 26 prosten
162 1163 90 26 Heikel,
263 1162 88 24 hvilken
361 1162 136 27 meddelade,
508 1164 31 19 att
549 1161 161 29 prestaståndet
722 1163 42 26 1:0)
775 1169 37 14 an-

63 1198 56 28 tagit
141 1197 162 27 ridderskapets
325 1197 40 20 och
389 1196 74 21 adelns
484 1196 130 28 inbjudning
629 1196 33 21 till
677 1195 137 28 underdånig

63 1232 93 29 petition
178 1239 35 13 om
235 1233 32 19 ett
285 1231 117 20 statistiskt
423 1231 144 26 embetsverk,
590 1231 44 26 2:0)
649 1231 20 27 ej
685 1231 80 21 bifallit
780 1230 34 21 till

62 1266 163 28 ridderskapets
241 1265 40 22 och
296 1265 75 21 adelns
387 1265 130 28 inbjudning
532 1267 31 19 att
578 1265 76 21 förena
670 1264 33 29 sig
713 1265 7 20 i
731 1264 82 22 ridder-

63 1301 88 28 skapets
167 1300 40 21 och
222 1300 75 21 adelns
312 1299 80 27 beslut,
408 1299 112 29 angående
536 1299 199 28 donationsgodsen
748 1299 7 20 i
766 1299 48 21 Wi-

64 1335 66 27 borgs
148 1335 44 26 län,
212 1334 33 21 3:0
262 1334 96 28 godkänt
378 1335 157 19 sammansatta
553 1333 45 28 lag-
618 1333 40 20 och
679 1333 136 21 ekonomiut-

63 1369 94 21 skottets
177 1368 83 27 förslag
280 1367 33 21 till
332 1367 214 28 sammanjemkning
563 1367 23 21 af
600 1366 26 21 de
642 1366 58 21 olika
715 1366 100 21 besluten

65 1403 7 21 i
95 1402 119 28 anledning
236 1401 24 22 af
280 1401 81 28 nådiga
380 1401 164 29 propositionen
564 1401 112 27 angående
692 1399 125 30 skyldighet

66 1440 33 21 att
113 1440 59 20 emot
187 1437 121 29 ersättning
323 1437 91 29 upplåta
425 1435 63 23 mark
499 1436 34 22 för
542 1436 91 21 allmänt
642 1435 73 28 behof,
726 1436 43 27 4:0)
779 1442 38 15 an-

111 1480 72 19 Hederv.
198 1481 125 18 bondeståndets
332 1479 66 24 protok.
411 1480 26 17 II.
727 1479 22 16 53
