975 1703
366 118 36 16 Den
416 117 10 16 7
440 117 47 21 april.
740 111 40 21 735

59 177 103 21 kommits
178 177 49 21 med
243 177 32 20 ett
290 177 83 28 anslag.
403 177 67 20 Detta
485 177 35 20 län
537 176 54 21 hade
607 177 48 20 icke
671 176 71 21 blifvit
753 177 57 20 bort-

58 211 87 22 skämdt
160 212 49 20 med
225 209 86 24 sädana.
340 212 93 20 Talaren
450 211 109 28 hoppades
575 211 87 20 derföre
677 212 32 19 att
725 212 85 21 ständet

56 246 68 21 mätte
139 247 80 26 antaga
234 253 64 14 mom.

126 274 70 27 Äfven
213 280 60 22 detta
288 287 64 14 mom.
369 280 79 21 bifölls.

388 343 12 21 7
416 350 64 14 mom.

125 383 221 29 Landtdagsmannen
362 383 116 28 Hagman
494 383 118 28 tillstyrkte
624 383 61 22 bifall
696 384 32 20 till
745 391 63 14 mom.

58 418 40 21 och
114 418 85 28 yttrade
215 419 42 21 den
273 418 155 28 förhoppning,
443 420 31 19 att
489 418 86 21 ständet
591 418 70 21 skulle
677 420 80 26 antaga
768 419 41 21 det.

126 452 220 29 Landtdagsmannen
367 452 109 22 Kulkas
496 453 67 27 ansäg
583 452 49 21 med
652 452 36 21 det
703 452 107 28 ifrägava-

58 487 68 21 rande
147 487 84 22 arbetet
246 488 33 20 för
295 487 136 21 närvarande
446 487 74 21 kunna
538 486 63 22 anstä
616 487 39 21 och
672 486 58 22 detta
746 487 64 21 fram-

58 521 60 21 deles
145 522 82 22 utföras
257 522 111 28 samtidigt
394 521 49 22 med
467 521 125 29 byggandet
617 522 23 21 af
664 521 146 22 Tammerfors

56 557 100 27 jernväg.

127 591 222 29 Landtdagsmannen
358 591 17 22 P
382 599 66 14 ousar
472 591 113 28 godkände
594 592 143 21 förevarande
746 599 64 14 mom.

127 625 222 29 Landtdagsmannen
360 626 133 21 Pelkonen
508 625 119 28 anmärkte,
638 629 32 19 att
681 627 37 20 det
733 627 2 20 i
746 634 64 14 mom.

58 659 125 29 föreslagna
205 661 75 21 arbete
307 661 49 20 icke
380 661 61 21 stode
464 661 6 20 i
493 661 66 27 nägot
582 661 157 27 sammanhang
761 661 49 22 med

60 694 147 22 Tammerfors
221 695 130 27 jernbanan.

127 729 222 28 Landtdagsmannen
365 729 99 21 Simula
480 729 101 21 förmälte
593 730 32 27 sig
636 736 52 14 vara
699 736 51 14 ense
762 730 48 21 med

58 762 92 22 Kulkas.

128 798 65 20 Mom.
210 800 77 26 antogs
303 805 78 21 genom
397 798 99 28 votering
512 798 49 21 med
577 799 26 20 25
619 800 70 19 röster
703 800 59 20 emot
779 800 31 20 14.

388 862 12 20 8
416 868 64 14 mom.

128 903 85 27 Antogs
229 903 52 21 utan
297 902 131 21 diskussion.

391 966 12 20 9
418 972 65 14 mom.

130 1006 220 28 Tandtdagsmannen
359 1006 92 21 Slotte
459 1006 125 28 upprepade
593 1006 55 21 hvad
657 1006 43 21 han
709 1006 58 21 förut
773 1014 38 13 un-

61 1040 38 21 der
110 1041 13 20 2
136 1047 64 14 mom.
214 1040 114 28 föreslagit
342 1047 34 14 om
386 1040 77 28 anslag
474 1041 31 20 till
516 1040 150 28 upprensning
677 1041 23 20 af
708 1041 72 20 Perho
792 1041 19 20 ä.

62 1075 46 20 Och
126 1081 46 14 som
188 1075 162 28 prestaständet
366 1075 66 20 redan
448 1075 105 20 förkastat
569 1075 37 20 det
622 1075 31 20 uti
669 1075 142 21 förevarande

61 1117 65 13 mom.
142 1109 124 28 föreslagna
282 1109 86 28 anslag,
390 1110 66 27 ansåg
472 1110 91 26 talaren,
579 1111 32 18 att
626 1109 26 20 de
668 1109 70 28 öfriga
753 1110 58 21 stän-

61 1144 42 21 den
119 1151 78 20 genom
213 1143 127 30 deputation
355 1143 73 22 kunde
444 1144 99 28 inbjudas
554 1143 75 22 förena
641 1144 33 28 sig
686 1151 34 14 om
731 1144 81 21 bonde-

61 1179 97 21 ständets
173 1179 78 21 beslut.

130 1213 222 29 Landtdagsmännen
363 1213 203 27 Liimatainen,
582 1212 132 29 Hagman,
730 1213 82 28 Mynt-

62 1248 74 20 tinen
152 1248 39 21 och
206 1248 136 21 Pelkonen
356 1248 76 21 hiföllo
448 1248 81 21 Slottes
545 1247 87 28 förslag.

128 1282 224 28 Landtdagsmannen
370 1282 68 21 Keto
457 1282 122 26 anmärkte,
599 1284 31 18 att
649 1282 162 28 ridderskapets

62 1316 40 21 och
118 1317 74 21 adelns
207 1317 83 26 beslut,
311 1324 35 13 om
362 1317 83 21 talaren
461 1316 84 21 mindes
561 1316 36 21 det
613 1318 52 24 rätt,
686 1316 48 20 icke
750 1316 61 21 inne-

61 1350 45 20 höll
122 1352 31 18 att
168 1350 36 20 det
219 1350 86 27 anslag,
321 1356 47 14 som
383 1350 7 19 i
406 1356 63 14 mom.
485 1349 113 28 föreslogs,
614 1349 66 20 borde
691 1348 121 22 tillkomma

63 1385 85 20 ensamt
170 1384 26 20 de
218 1383 101 28 nordliga
341 1384 71 20 länen.
447 1383 58 21 Vore
529 1382 59 21 detta
609 1382 145 21 förhållandet
772 1383 40 20 och

63 1419 62 28 toges
133 1425 29 14 nu
171 1417 171 30 tjugufemtusen
351 1417 62 22 mark
424 1424 34 15 om
470 1418 45 20 året
527 1417 33 21 till
571 1417 104 28 rensning
686 1417 24 21 af
718 1417 71 22 Perho
800 1417 13 21 å
