1014 1706
210 133 41 24 948

183 202 128 28 ytterligare
333 201 141 27 förlängning
497 196 23 25 af
540 200 59 22 tiden
622 198 34 23 för
679 196 128 25 ständernas
827 204 107 18 samman-

182 242 59 16 varo.

241 270 51 22 Som
308 270 24 21 af
345 269 26 22 de
386 269 144 21 tillsammans
545 269 76 22 femtio
637 269 103 27 ärenden,
756 276 45 14 som
817 269 28 21 H.
856 269 28 21 K.
895 269 40 21 M:t

183 306 7 20 i
213 305 67 21 näder
302 304 130 22 underställt
452 304 128 22 ständernas
600 304 109 28 pröfning,
725 305 69 27 nägra
809 304 40 22 och
865 305 70 27 tjugu,

184 340 40 21 och
246 338 67 22 bland
335 339 49 21 dem
407 339 51 21 flere
481 339 24 21 af
525 338 112 29 synnerlig
655 339 46 27 vigt
720 338 34 22 för
768 338 167 27 bondeståndet,

183 376 58 20 ännu
264 374 48 20 icke
334 373 7 21 i
364 373 91 21 stånden
478 373 130 28 föredragits
628 373 39 21 och
683 373 24 21 af
720 373 27 21 de
762 373 82 21 inemot
859 373 75 21 trettio

183 409 74 28 frägor
280 415 46 14 som
349 408 84 21 härtills
452 408 100 28 afgjorts,
571 408 102 28 omkring
688 408 62 28 tjugu
766 409 58 20 ännu
839 407 96 22 berodde

184 443 28 29 pä
232 442 213 29 sammanjemkning
463 442 24 21 af
500 442 26 21 de
543 442 58 21 olika
616 442 78 27 beslut,
710 442 7 21 i
732 442 74 22 hvilka
821 442 91 21 ständen
927 442 8 21 i

184 479 49 21 dem
249 479 94 25 stannat,
359 477 40 21 och
414 477 85 22 således
514 477 76 22 endast
606 477 86 28 vidpass
708 477 30 22 tio
754 477 96 22 ärenden
863 477 73 22 blifvit

183 512 138 28 fullständigt
336 511 114 28 afslutade,
466 513 55 20 samt
537 511 72 22 dertill
625 511 98 22 kommer
736 514 32 19 att
779 512 86 21 osäkert
875 518 60 21 vore,

184 548 56 21 huru
255 549 60 19 snart
328 547 27 21 de
365 547 52 21 flere
428 547 114 28 vidlyftiga
552 546 256 28 utskottsbetänkanden,
820 553 46 15 som
877 548 58 20 ännu

184 582 49 21 icke
248 581 104 29 afgifvits,
365 581 72 21 kunde
453 581 67 21 blifva
535 581 94 28 färdige;
646 581 63 22 alltså
721 581 39 22 och
772 581 91 22 emedan
875 581 63 22 deraf

185 617 97 28 tydligen
298 615 129 29 framginge,
440 617 32 19 att
487 615 143 29 landtdagens
646 616 96 27 arbeten,
753 616 132 21 åtminstone
896 616 39 21 hos

185 650 165 27 bondeståndet,
365 650 49 21 icke
429 650 72 21 kunde
517 650 48 21 med
581 650 141 29 iakttagande
738 651 23 20 af
774 652 74 27 moget
866 650 69 22 öfver-

185 685 99 29 vägande
304 685 41 21 och
362 684 105 29 tillbörlig
483 685 139 28 grundlighet
637 685 102 21 slutföras
755 685 33 21 till
803 685 42 21 den
862 686 26 20 15
903 685 32 21 in-

185 719 120 22 stundande
321 719 62 28 april,
399 719 96 22 särdeles
510 727 46 14 som
572 719 177 29 språkolikheten
765 720 20 28 ej
797 720 93 21 allenast
901 720 35 21 vid

185 754 178 22 diskussionerna
382 754 60 21 inom
460 754 159 21 bondeståndet
637 755 40 21 och
692 755 119 26 utskotten,
827 756 52 20 utan
895 755 42 21 ock

185 790 33 20 till
233 789 55 28 följd
304 788 67 28 deraf,
387 791 32 18 att
435 789 122 21 utskottens
571 789 154 21 betänkanden
740 789 33 21 till
788 789 86 22 ståndet
891 790 45 21 må-

185 826 33 19 ste
234 824 27 27 på
277 824 36 21 två
328 823 66 28 språk
409 823 92 27 affattas,
517 823 40 22 och
573 823 86 21 derföre
675 823 102 28 vanligen
794 824 91 21 sednare
903 824 33 21 till

185 857 158 22 bondeståndet
359 857 122 28 ankomma,
496 857 85 22 vållade
596 857 49 22 icke
656 858 62 27 ringa
728 858 139 28 tidsutdrägt,
878 860 58 19 stan-

185 892 56 22 nade
256 891 160 22 bondeståndet
431 892 8 20 i
455 892 35 21 det
505 892 78 27 beslut,
603 894 32 19 att
651 892 39 21 hos
704 891 29 22 H.
750 892 26 21 K.
792 892 39 21 M:t
846 892 67 21 borde
929 893 7 20 i

185 925 174 29 underdånighet
381 926 100 27 ansökas,
503 928 32 19 att
555 927 60 20 tiden
635 926 34 21 för
685 926 128 21 ständernas
828 933 108 14 samman-

185 967 52 15 voro
257 960 74 21 kunde
351 960 7 20 i
373 960 68 21 nåder
455 961 128 27 ytterligare
599 960 110 28 förlängas
725 961 33 21 till
774 960 39 22 och
829 961 49 21 med
894 961 41 21 den

186 996 10 20 1
213 994 180 22 nästkommande
407 996 51 27 maj.

215 1057 40 23 N:o
273 1058 46 22 156.
401 1056 56 24 Den
473 1059 30 21 26
518 1058 115 22 februari
651 1058 69 23 1864.

253 1098 33 22 På
301 1098 63 29 gjord
379 1099 160 29 framställning
552 1100 40 20 och
603 1099 6 21 i
621 1100 98 28 enlighet
729 1098 49 23 med
789 1098 147 30 expeditions-

186 1133 123 27 utskottets,
328 1134 7 20 i
353 1133 102 21 afseende
474 1134 13 21 å
505 1133 142 29 granskning,
662 1141 30 14 nu
707 1134 131 28 föredragna
853 1134 83 28 förslag

185 1168 34 21 till
239 1168 128 21 ständernas
385 1166 150 30 underdåniga
553 1168 123 28 ansökning
690 1169 33 21 till
739 1167 28 23 H.
783 1169 29 21 M.
827 1168 109 29 Kejsaren

185 1202 113 28 angående
318 1201 143 29 landtdagens
482 1202 73 22 vidare
570 1202 143 28 förlängande
729 1203 33 21 till
778 1203 40 21 den
837 1204 24 20 15
877 1205 58 19 näst-

185 1236 145 22 instundande
345 1236 66 28 april;
427 1236 70 22 beslöt
512 1237 166 26 bondeståndet,
688 1238 69 26 jemte
769 1238 36 20 det
815 1237 67 27 sagda
893 1238 43 20 för-

186 1269 47 29 slag
248 1269 133 29 godkändes,
397 1271 31 19 att
444 1270 40 21 den
500 1270 150 28 underdåniga
660 1271 151 27 ansökningen
823 1270 70 22 skulle
904 1271 32 21 åt-

185 1304 64 28 följas
271 1304 25 21 af
316 1303 78 29 utdrag
416 1310 25 15 ur
462 1304 37 21 det
516 1304 39 22 hos
571 1304 86 22 ståndet
671 1305 7 21 i
693 1305 77 28 frågan
787 1311 34 15 om
836 1304 99 22 landtda-

185 1346 54 22 gens
253 1338 143 29 förlängande
412 1338 62 22 förda
489 1338 116 30 protokoll,
620 1339 84 22 hvilket
715 1340 79 28 utdrag
804 1340 67 21 borde
881 1347 54 22 upp-

185 1376 51 26 taga
251 1373 97 22 ståndets
364 1374 107 22 särskilda
485 1374 72 22 beslut
572 1375 7 21 i
595 1375 67 22 saken
678 1374 49 23 med
743 1374 26 22 de
785 1374 53 28 skäl,
854 1374 82 30 hvarpå

185 1415 81 17 samma
282 1408 72 22 beslut
370 1409 111 29 grundade
497 1409 39 21 sig.
