964 1703
352 127 37 18 Den
402 129 21 16 21
437 133 51 13 mars,
727 120 41 23 549

45 187 183 29 uppsägningstid
248 187 24 21 af
291 189 32 19 tre
342 188 104 21 månader
466 195 50 14 vore
537 189 34 20 för
590 189 52 28 lång
657 188 40 21 och
712 187 84 22 vållade

46 222 150 28 hvarjehanda
216 222 147 27 olägenheter.
394 222 64 22 Klart
473 229 50 14 vore
544 225 32 18 att
595 223 145 28 tjenstehjon,
764 229 33 14 se-

45 257 42 20 dan
103 257 37 20 det
156 256 71 21 blifvit
242 256 48 21 från
306 257 97 27 tjensten
418 257 117 28 uppsagdt,
559 257 70 21 skulle
649 257 87 28 håglöst
756 257 40 20 och

41 291 54 28 med
115 290 75 27 afvogt
205 291 61 20 sinne
282 291 72 20 utföra
371 291 46 20 sina
433 291 106 27 göromål,
555 291 84 21 hvilket
654 291 33 20 för
703 291 93 20 husbon-

46 325 41 20 den
110 325 72 20 kunde
205 325 57 20 vålla
285 325 109 20 förluster.
425 325 92 20 Talaren
541 325 96 21 önskade
660 325 87 20 derföre
766 326 31 19 att

45 359 211 28 uppsägningstiden
273 359 123 21 bestämdes
412 358 33 22 till
461 359 42 21 den
520 360 9 20 1
547 360 124 26 september
687 360 55 20 samt
758 361 38 25 att,

46 394 71 21 derest
134 394 85 21 ståndet
235 394 62 20 biföll
317 394 96 21 talarens
429 394 91 28 förslag,
541 394 189 28 borgareståndet,
750 401 46 13 som

45 431 59 18 ännu
125 428 48 21 icke
192 428 95 21 förehaft
302 428 165 28 ifrågavarande
483 428 135 28 proposition
635 428 33 21 till
683 428 113 28 pröfning,

46 464 67 20 måtte
130 470 78 20 genom
226 462 126 28 deputation
368 463 102 27 inbjudas
485 465 32 19 att
529 463 75 21 förena
616 463 32 27 sig
659 470 34 14 om
704 463 45 20 lika
760 463 36 20 be-

46 498 43 21 slut
97 497 50 21 med
156 497 166 21 bondeståndet.
338 498 47 20 Två
393 498 63 20 stånd
465 498 54 20 hade
528 498 35 20 väl
571 497 66 21 redan
647 497 63 28 gillat
717 497 79 28 ifråga-

45 532 95 42 varande
153 533 21 45 5
191 538 49 14 men
252 532 104 40 förenade
373 532 32 46 sig
415 532 79 28 li
540 532 86 54 ai
606 532 50 20 med
666 532 129 21 bondestän-

43 576 117 53 jemkning
176 601 83 21 vinnas.
286 600 108 22 Särskildt
409 602 51 20 ville
476 602 84 20 talaren
571 602 79 25 erinra,
666 602 32 20 att
708 600 42 21 han
762 600 33 21 väl

45 636 114 28 föreslagit
171 635 210 28 uppsägningstiden
392 636 33 20 till
437 636 42 21 den
492 637 10 20 1
515 636 129 27 september,
656 642 50 14 men
720 637 31 18 att
762 642 34 13 om

46 671 41 20 den
104 670 124 21 nuvarande
250 670 175 27 flyttningstiden
446 670 116 26 ändrades,
585 669 211 28 uppsägningstiden

45 704 67 22 borde
129 704 74 21 ställas
219 705 24 20 så
259 706 32 18 att
306 704 41 20 den
357 704 72 32 ginge
445 704 34 21 till
495 704 56 21 ända
566 704 37 20 två
618 704 102 21 månader
731 704 65 20 förut.

114 738 222 28 TLandtdagsmannen
353 732 118 35 Östring
487 739 108 25 förmälte,
607 738 66 21 sedan
684 738 112 20 Pelkonen

45 774 28 28 på
89 767 102 33 Östrings
206 774 72 20 derom
296 773 77 27 gjorda
389 773 62 27 fråga
466 774 106 20 förklarat
587 774 32 19 att
635 773 68 27 enligt
718 772 78 21 Pelko-

46 815 53 14 nens
115 808 89 27 mening
219 808 135 27 tjenstehjon
371 807 48 21 icke
435 808 66 20 borde
517 807 22 21 få
555 807 126 28 orlofssedel
696 806 47 22 före
755 806 41 22 den

47 844 8 19 1
79 842 131 28 september,
231 843 32 19 att
284 842 83 20 talaren
387 841 48 21 icke
454 842 72 20 kunde
543 841 71 21 dertill
630 841 81 21 bifalla.
741 841 56 21 Der-

45 878 59 20 emot
119 876 69 28 ansåg
202 876 84 21 talaren
302 876 210 28 uppsägningstiden
528 876 74 20 kunna
618 876 73 28 flyttas
707 876 32 20 till
756 875 40 21 den

47 913 26 19 29
89 911 96 28 augusti,
204 910 40 22 och
260 912 32 20 att
307 918 34 13 om
358 910 86 21 ståndet
459 911 84 21 beslöte
558 911 33 27 sig
608 910 33 21 för
655 910 110 21 ändrande
776 910 24 21 af

46 945 218 29 uppsägningstiden,
279 945 182 27 borgareståndet
476 945 72 21 kunde
563 944 101 28 inbjudas
680 946 31 18 att
722 944 75 21 förena

47 981 33 27 sig
96 988 34 13 om
146 980 101 20 beslutet.
278 979 135 21 Orlofssedel
429 980 76 20 trodde
521 980 84 20 talaren
621 979 52 21 böra
683 978 114 21 tillhanda-

46 1015 69 20 hållas
132 1014 167 27 tjenstehjonet,
316 1020 34 14 om
367 1014 36 20 det
415 1014 76 20 sådant
502 1014 86 25 eskade,
600 1014 48 20 från
660 1013 41 20 den
713 1014 26 19 29
748 1014 48 26 juli.

114 1049 223 26 Landtdagsmännen
360 1048 91 21 Akola
469 1048 38 21 och
528 1047 144 28 Paajanen
690 1047 107 20 instämde

47 1084 41 21 den
104 1083 58 21 förre
179 1083 49 20 med
244 1076 90 33 Östring
350 1082 40 21 och
406 1082 41 21 den
463 1089 76 14 senare
555 1082 50 21 med
619 1081 121 22 Pelkonen.

114 1117 223 27 Landtdagsmannen
360 1117 118 20 Heikura
504 1117 67 27 ansåg
593 1116 79 28 tydligt
694 1117 32 20 att
748 1115 50 22 hus-

46 1152 71 21 bonde
140 1152 24 20 af
184 1151 145 28 tjenstehjon,
354 1158 45 14 som
424 1151 70 21 blifvit
516 1151 118 28 uppsagdt,
657 1150 48 21 icke
725 1150 72 21 kunde

47 1189 65 18 vänta
128 1188 43 19 rätt
187 1187 175 26 samvetsgrannt
384 1185 135 21 förhållande
542 1185 69 21 under
631 1185 124 20 återstoden
777 1185 24 20 af

47 1220 149 29 tjenstetiden,
213 1220 39 21 och
268 1220 101 21 förmälte
387 1220 33 27 sig
435 1227 51 14 vara
502 1227 51 14 ense
569 1219 51 21 med
634 1219 120 21 Pelkonen.

116 1255 221 27 Landtdagsmannen
359 1254 162 21 Kontiainen
541 1253 81 28 gillade
640 1253 64 21 äfven
719 1253 79 20 Pelko-

47 1297 53 14 nens
117 1289 91 26 förslag,
225 1288 55 21 dock
296 1289 91 21 sålunda
402 1290 31 19 att
449 1288 157 27 tjenstehjonet
621 1287 73 26 borde,
710 1287 28 27 på
756 1288 42 19 sätt

48 1319 90 31 Östring
158 1323 120 27 föreslagit,
302 1323 56 20 efter
379 1323 66 19 slutet
464 1323 24 20 af
503 1323 43 26 juli
566 1321 79 21 månad
660 1321 28 27 på
702 1321 96 27 begäran

48 1358 83 20 erhålla
147 1356 133 21 orlofssedel.

115 1390 222 29 Landtdagsmannen
358 1389 156 22 Kotilainen
537 1388 103 28 förenade
664 1389 32 28 sig
716 1388 81 29 jemväl

47 1426 51 23 med
119 1425 114 23 Pelkonen
256 1428 56 19 samt
334 1425 113 21 anmärkte
470 1426 31 21 att
521 1423 145 29 tjenstehjon,
690 1423 66 23 sedan
772 1423 26 23 de
