989 1700
197 134 42 19 ISO

199 197 40 20 N:o
255 198 46 19 223.
419 196 56 21 Den
490 198 13 18 9
519 196 66 27 april
602 197 70 20 1864.

237 230 125 27 Föredrogs
385 232 155 19 sammansatta
562 231 45 26 lag-
627 231 40 20 och
687 230 235 21 ekonomieutskottets

171 264 138 22 betänkande
328 265 7 20 i
355 264 119 27 anledning
493 265 25 20 af
534 265 85 26 nädiga
629 265 165 27 propositionen
808 265 114 27 angäende

170 299 125 28 grunderna
310 299 33 20 för
359 298 112 28 reglering
485 299 24 20 af
521 299 175 27 presterskapets
711 299 97 28 aflöning
818 299 8 20 i
836 298 85 21 landets

171 332 250 29 evangelisk-lutherska
431 332 163 28 församlingar;
606 332 39 21 och
656 332 83 21 beslöts
750 333 43 21 läta
802 332 50 21 med
860 335 62 18 ären-

171 368 47 21 dets
233 369 100 19 närmare
348 366 103 29 pröfning
466 367 51 20 bero
533 367 33 20 till
582 368 61 19 nästa
659 367 105 28 landtdag
778 367 40 21 och
828 367 40 20 hos
879 368 43 26 sty-

171 402 72 21 relsen
259 401 93 26 anhälla,
368 401 37 20 det
420 401 68 20 mätte
499 407 27 14 en
537 401 82 21 komit6
635 401 122 21 emellertid
767 401 111 21 nedsättas
888 401 34 21 för

172 438 31 19 att
223 435 140 22 derförinnan
384 435 7 20 i
409 437 74 19 ämnet
497 435 101 21 utarbeta
613 437 32 19 ett
660 437 48 26 nytt
723 435 120 28 lagförslag
857 435 7 21 i
880 435 42 21 den

172 471 104 28 syftning,
297 471 31 20 att
346 470 173 27 presterskapets
538 469 97 28 aflöning
647 470 69 20 mätte
730 470 50 21 frän
792 469 131 27 jordbruket

172 505 86 28 afilyftas
274 505 40 20 och
325 504 28 21 all
364 503 73 22 tionde
453 504 104 28 upphöra,
574 506 55 19 samt
644 505 126 27 presternas
780 505 62 20 löner
852 504 8 20 i
872 504 51 21 stäl-

172 539 31 21 let
222 538 67 22 blifva
310 539 33 20 till
363 538 103 28 beloppet
482 538 112 21 bestämda
609 539 40 20 och
664 538 82 21 betalas
762 538 56 21 efter
832 545 90 21 person-

171 574 55 21 talet
246 574 6 20 i
272 572 154 31 församlingen
447 573 69 27 enligt
531 573 107 27 taxering,
653 572 85 22 hvilket
752 572 120 28 lagförslag
887 572 37 22 vid

172 610 63 19 nästa
253 605 105 29 landtdag
375 606 66 22 borde
461 606 116 22 ständerna
593 607 32 21 till
641 606 136 29 granskning
791 607 132 28 föreläggas.

200 641 42 22 N:o
258 642 48 21 224.

240 676 88 21 Beslöts
343 676 31 20 att
389 675 40 21 hos
444 675 28 21 H.
488 675 27 22 K.
531 675 40 21 M:t
587 676 52 27 göra
655 675 136 28 underdänig
800 675 124 28 ansökning

174 711 81 26 derom,
277 712 32 19 att
331 710 36 21 det
389 710 98 21 ständets
506 710 141 21 medlemmar
661 710 167 21 tillkommande
844 710 80 21 arvode

173 745 34 21 för
221 745 60 21 tiden
296 744 48 21 frän
361 744 41 21 den
419 745 27 19 15
460 744 99 21 sistlidne
574 751 57 14 mars
647 744 32 21 till
696 744 40 21 och
752 744 49 21 med
816 744 42 21 den
875 745 26 20 15
916 744 8 21 i

173 780 71 21 denne
260 778 86 27 mänad,
362 778 113 21 äfvensom
490 778 26 21 de
530 778 103 26 arvoden,
647 785 45 14 som
704 778 123 21 tillkomma
837 779 20 27 ej
868 779 56 20 min-

174 813 37 22 dre
232 813 26 21 de
277 813 146 26 medlemmar,
442 813 73 20 hvilka
531 813 71 20 säsom
617 812 120 21 ledamöter
753 813 41 20 och
809 813 115 28 supplean-

174 851 33 18 ter
222 848 7 20 i
245 847 146 28 expeditions-
407 847 38 20 och
464 846 233 29 justeringsutskotten
713 847 83 28 nödgas
811 847 114 21 härstädes

174 883 132 27 gvarstanna
328 880 33 21 för
384 880 123 21 afslutande
529 881 24 20 af
571 881 251 28 landtdagsgöromälen,
840 883 28 19 än
884 881 40 21 ock

174 916 151 21 sekreteraren
346 915 39 20 och
406 914 120 21 kanslisten
546 914 37 21 vid
597 915 98 21 ständets
711 915 99 21 enskilda
825 915 99 22 besvärs-

174 950 91 26 utskott,
285 949 69 28 jemte
377 949 146 21 kostnaderna
542 949 34 20 för
595 949 117 28 tryckning
731 949 25 20 af
774 949 26 21 de
814 949 37 22 vid
867 950 58 21 stän-

173 985 48 20 dets
243 983 175 21 sammanträden
441 983 61 20 förda
520 983 110 28 protokoll
648 984 75 26 mätte,
739 983 73 21 derest
827 984 98 21 ständets

173 1018 142 21 härförinnan
330 1017 77 28 gjorda
422 1017 150 28 underdäniga
587 1017 129 28 ansökning,
732 1019 32 19 att
778 1017 148 23 kostnaderna

175 1053 33 20 för
224 1052 67 27 sagda
306 1051 83 21 utskott
405 1051 40 21 och
460 1052 142 26 protokollets
616 1052 116 28 tryckning
743 1052 72 21 kunde
827 1052 47 22 frän
886 1053 38 21 all-

175 1087 79 20 männa
269 1085 71 21 medel
355 1085 82 27 gäldas,
453 1086 48 20 icke
517 1086 76 20 vinner
609 1085 75 28 nädigt
699 1085 68 27 bifall,
786 1086 140 22 förskottsvis

174 1120 24 21 af
214 1118 126 22 statsmedel
358 1119 109 20 utbetalas
483 1119 39 21 och
537 1119 95 21 derefter
647 1120 69 27 enligt
732 1120 124 28 fördelning
871 1128 53 21 upp-

176 1154 63 21 bäras
258 1153 41 21 hos
317 1153 162 21 vederbörande
497 1153 263 28 lägenhetsinnehafvare,
776 1155 150 21 förstnämnda

175 1188 80 20 arvode
271 1187 59 20 inom
345 1187 162 21 vederbörande
523 1187 121 27 domsagor,
661 1187 39 21 och
713 1187 26 22 de
751 1187 71 28 öfriga
831 1189 94 20 förskot-

176 1223 37 19 ten
228 1221 6 20 i
251 1221 49 20 hela
315 1220 84 27 landet;
415 1221 39 20 och
471 1221 74 27 utsågs
560 1221 210 26 landtdagsmännen
786 1222 84 21 Pousar
886 1223 39 20 och

175 1255 114 20 Pelkonen
305 1256 31 19 att
351 1255 124 27 ombesörja
489 1254 39 21 och
541 1255 13 20 &
565 1254 96 21 ständets
672 1256 83 25 vägnar
765 1255 34 20 till
809 1255 28 21 H.
848 1255 26 21 K.
886 1256 40 21 M:t

175 1288 83 28 ingifva
273 1288 143 21 omförmälda
431 1287 149 30 underdäniga
595 1288 129 28 ansökning.

204 1351 40 22 N:o
261 1352 48 21 225.
415 1351 55 22 Den
487 1352 30 21 10
531 1352 68 27 april
616 1353 69 20 1864.

243 1392 124 27 Föredrogs
390 1392 172 21 statsutskottets
585 1393 139 21 betänkande
743 1393 8 20 i
772 1393 118 29 anledning
905 1395 24 20 af

175 1427 163 28 propositionen
356 1433 34 14 n:o
407 1427 32 26 33,
456 1433 33 14 om
506 1427 139 28 upptagande
661 1427 23 22 af
697 1428 89 21 statslän
803 1427 33 22 för
847 1429 32 20 att
888 1429 38 20 be-
