973 1675
362 120 37 18 Den
411 120 12 17 2
435 120 42 19 febr.
724 114 40 21 135

55 181 47 21 dast
117 180 23 22 få
154 181 54 27 egde
221 180 56 28 jord.
307 180 84 21 Största
410 182 82 26 tungan
507 179 69 22 skulle
595 179 82 22 således
692 179 8 21 i
715 180 75 28 hvarje

52 216 102 20 händelse
175 215 52 21 falla
246 216 28 27 pä
293 214 162 22 bondeständet.
485 214 116 22 Dessutom
619 221 50 15 vore
689 214 38 22 det
745 216 46 20 osä-

53 249 48 21 kert
121 256 34 14 om
175 249 129 28 regeringen
323 249 70 21 skulle
415 249 58 28 gifva
493 249 36 21 sitt
541 248 62 22 bifall
618 249 33 21 till
666 248 26 21 de
707 248 84 23 mindre

52 284 166 27 lägenheternas
237 283 84 22 inträde
341 283 7 21 i
367 283 245 28 hypoteksföreningen.
642 283 80 21 Tillika
740 283 51 22 ville

52 318 83 21 talaren
158 318 65 21 hafva
245 317 100 22 anmärkt
366 319 31 20 att
419 319 73 20 alltför
510 320 58 19 stora
585 317 36 22 län
639 317 111 22 utdelades
769 318 24 21 af

53 353 138 28 föreningen,
213 354 51 21 enär
283 353 41 21 den
341 353 88 28 utgifvit
445 353 29 28 pä
492 359 27 15 en
536 352 58 22 hand
613 353 88 26 100,000
723 352 68 22 rubel.

54 388 92 21 Talaren
168 388 55 21 hade
246 388 55 21 dock
322 388 67 21 under
413 388 46 21 sina
480 387 73 22 färder
570 387 70 28 aldrig
659 389 42 20 sett
719 387 72 29 nägon

54 423 104 28 egendom
178 423 23 21 af
218 423 23 20 sä
259 423 54 28 högt
331 422 74 27 värde,
428 424 26 19 än
473 423 84 20 mindre
575 423 71 27 nägon
661 423 28 27 pä
703 422 88 22 hvilken

53 465 49 13 man
122 457 71 22 kunde
213 457 107 28 nedlägga
339 459 31 19 ett
389 457 32 21 sä
433 458 53 20 stort
504 457 87 28 kapital.
622 456 121 29 Sluteligen
757 457 35 21 til-

52 491 48 22 lade
116 492 89 26 talaren,
220 493 31 20 att
267 492 26 21 då
307 498 50 15 man
371 491 48 21 icke
434 492 65 21 visste
514 492 28 28 pä
557 491 111 21 hurudana
681 491 70 21 vilkor
761 491 30 21 lå-

52 528 36 20 net
103 527 72 21 kunde
190 527 42 26 fås,
255 533 34 14 om
308 533 48 14 man
374 526 104 28 möjligen
494 527 59 20 emot
566 525 142 28 förskrifning
721 525 28 28 på
763 533 28 14 en

53 561 61 21 rubel
129 560 57 28 finge
202 563 109 25 emottaga
325 560 74 22 femtio
414 560 71 29 kopek
501 561 40 21 och
555 560 59 22 lånet
629 561 122 20 sedermera
762 560 31 21 ef-

54 598 32 18 ter
104 602 39 21 par
160 596 33 20 års
211 596 85 27 förlopp
315 594 116 29 uppsades,
452 595 24 21 så
493 595 70 21 skulle
580 594 63 21 deraf
657 594 92 28 härflyta
764 602 27 14 en

54 632 44 19 stor
113 630 83 21 förlust.
226 630 92 21 Talaren
334 629 71 21 kunde
421 629 86 22 derföre
521 629 48 22 icke
584 628 116 29 godkänna
714 636 78 22 propo-

54 665 92 21 sitionen
168 664 39 21 och
225 664 82 28 yrkade
324 664 29 28 på
371 664 144 28 omröstning,
536 664 89 21 emedan
641 664 66 20 saken
723 664 68 28 enligt

53 700 93 21 talarens
162 700 56 27 åsigt
232 699 67 21 redan
314 698 72 22 blifvit
400 699 127 28 tillräckligt
542 698 131 22 diskuterad.

120 734 219 28 Landtdagsmannen
361 733 107 21 Arvelin
488 733 101 21 förmälte
607 734 32 20 att
657 733 26 21 då
701 734 13 20 3
729 733 64 21 stånd

53 769 67 21 redan
135 768 62 28 gifvit
213 769 37 20 sitt
264 768 61 21 bifall
341 767 32 22 till
388 768 101 27 garantin
509 767 40 21 och
563 767 157 21 bondeståndet
735 767 58 22 dess-

54 805 59 19 utom
128 803 55 21 hade
202 804 78 19 största
298 809 57 21 gagn
373 802 23 21 af
414 802 67 27 lånet,
503 801 93 22 förutom
617 803 32 20 att
671 801 36 21 det
729 802 63 21 äfven

53 838 85 21 komme
162 838 31 19 att
215 837 97 21 medföra
334 837 69 21 fördel
421 837 22 20 åt
462 836 96 27 banken,
581 836 67 28 ansåg
663 836 82 21 talaren
759 836 34 29 sig

54 873 52 20 böra
120 871 108 28 tillstyrka
243 871 61 22 bifall
319 871 33 21 till
367 871 40 21 den
423 870 96 29 begärda
531 870 100 29 garantin
642 870 39 21 och
690 870 103 23 förenade

53 907 33 28 sig
101 907 49 21 med
166 906 26 21 de
208 906 67 21 talare
291 913 44 14 som
351 905 77 22 uttalat
443 905 113 22 enahanda
570 905 62 28 åsigt.

121 941 218 27 Landtdagsmannen
361 940 85 21 Akola
463 939 124 24 förklarade
602 941 32 19 att
651 939 40 25 han
706 940 44 27 väl,
766 939 27 22 dä

54 977 75 28 frågan
152 975 59 22 förra
233 975 85 28 gången
341 975 103 21 förevarit
463 975 6 20 i
488 974 186 28 ständet,.yttrat
689 975 33 27 sig
737 976 56 19 emot

54 1011 173 28 propositionens
250 1009 131 28 antagande,
403 1016 49 14 men
471 1009 28 20 dä
517 1016 49 14 man
581 1015 30 14 nu
625 1007 72 22 kunde
711 1008 82 28 hoppas

54 1048 32 19 att
104 1044 248 29 hypoteksföreningens
372 1043 135 28 reglemente
527 1043 86 21 komme
628 1043 32 20 att
674 1043 120 27 förändras,

54 1081 49 20 med
118 1079 102 22 afseende
243 1079 12 21 &
277 1077 83 22 mindre
382 1078 136 27 lägenheter,
534 1078 55 20 samt
606 1077 59 20 länet
685 1077 108 22 dessutom

53 1122 51 14 vore
120 1114 23 21 af
156 1116 44 19 stor
213 1113 46 29 vigt
279 1113 33 21 för
333 1112 82 27 landet,
439 1113 23 21 sä
481 1111 114 29 godkände
614 1111 83 22 talaren
712 1111 82 22 obetin-

54 1150 52 28 gadt
121 1148 163 28 propositionen
299 1149 56 19 samt
369 1147 103 21 förenade
483 1147 34 27 sig
531 1146 8 20 i
553 1146 124 21 Pelkonens
687 1146 107 28 yttrande.

122 1182 220 28 Landtdagsmannen
357 1181 91 21 Holma
460 1180 103 22 förenade
579 1180 33 28 sig
626 1180 7 20 i
649 1180 65 28 öfrigt
729 1180 6 20 i
745 1180 50 22 Pel-

55 1219 83 21 konens
158 1217 109 28 yttrande,
289 1223 50 14 men
359 1216 67 28 ansäg
445 1215 43 21 den
508 1221 83 15 summa
605 1214 74 21 trettio
695 1214 100 28 miljoner

55 1252 61 23 mark
138 1252 35 21 för
193 1252 88 21 hvilken
304 1250 85 29 garanti
406 1249 91 22 äskades
515 1256 52 15 vara
586 1248 73 22 alltför
674 1248 49 29 hög.
752 1249 45 21 Det

55 1295 51 14 vore
126 1287 48 21 icke
194 1287 80 26 nyttigt
293 1285 34 22 för
347 1284 74 23 landet
438 1291 34 15 om
486 1286 59 19 stora
560 1290 93 15 summor
668 1283 29 29 pä
711 1284 86 27 engång

55 1322 120 25 inkomme,
191 1322 51 19 utan
257 1319 66 22 borde
338 1319 60 21 länet
412 1319 106 28 upptagas
528 1318 143 27 smäningom.
695 1317 38 21 Ett
743 1319 54 19 mot-

56 1358 42 19 satt
116 1354 123 22 förfarande
259 1353 68 21 skulle
346 1359 78 22 genom
442 1352 34 21 för
495 1353 44 20 stor
557 1351 92 28 tillgång
663 1351 29 28 pä
705 1351 91 28 pennin-

56 1398 39 21 gar
117 1389 115 22 framkalla
253 1389 44 28 lyx.
333 1387 43 22 Till
399 1386 109 23 ordnande
530 1386 25 21 af
574 1385 84 22 landets
678 1385 120 28 penninge-

56 1425 94 22 väsende
165 1423 104 22 behöfdes
283 1423 48 22 icke
345 1422 69 22 heller
429 1422 24 21 sä
467 1423 46 20 stor
527 1427 94 21 summa,
641 1427 46 16 som
702 1427 29 15 nu
746 1427 52 15 vore
