975 1709
364 127 37 26 Den
414 132 11 17 5
437 131 43 18 febr.
730 125 39 21 163

117 190 58 23 Från
198 191 161 29 prestaståndet
381 192 78 21 ankom
480 191 39 22 och
540 193 107 27 emottogs
666 198 26 14 en
709 191 89 29 deputa-

50 227 53 26 tion,
120 234 46 13 som
182 226 126 21 meddelade
324 228 32 19 att
371 226 161 29 prestaståndet
547 228 21 23 a)
584 226 96 28 godkänt
695 226 24 20 af
732 233 65 21 expe-

50 261 187 21 ditionsutskottet
252 262 102 27 uppsatta
369 261 82 28 förslag
461 261 33 20 till
505 260 129 21 ständernas
648 260 151 28 underdåniga

50 302 48 14 svar
114 295 12 20 å
141 295 164 28 propositionen
321 301 35 14 n:o
368 295 12 20 9
391 295 112 28 angående
518 295 93 27 ändring
621 295 7 20 i
639 295 27 20 24
681 295 50 28 kap.
745 295 52 20 B.B.

50 329 40 21 och
105 329 165 29 propositionen
286 336 35 14 n:o
336 330 27 20 46
379 329 112 28 angående
510 329 128 28 förändring
653 329 24 20 af
690 329 26 21 de
730 329 7 20 i
752 329 46 21 lan-

50 363 36 21 det
106 363 100 28 gällande
227 364 65 26 mått,
312 363 44 21 mål
372 363 40 21 och
427 364 55 27 vigt,
506 363 23 29 b)
545 363 83 28 antagit
644 365 155 20 sammansatta

50 400 63 19 stats-
134 398 39 21 och
194 398 250 28 bevillningsutskottets
464 398 138 21 betänkande
621 399 7 20 i
644 398 119 28 anledning
778 399 23 20 af

49 433 164 28 propositionen
233 439 36 15 n:o
290 433 26 21 30
337 433 112 28 angående
468 433 94 21 revision
580 433 24 20 af
616 433 183 28 författningarne

50 474 34 14 om
100 467 273 28 kartasigillata-afgiften,
392 468 51 21 med
457 468 68 27 några
540 467 124 28 ändringar,
685 470 16 23 c)
716 467 85 28 antagit

50 502 173 21 statsutskottets
239 501 138 22 betänkande
393 502 7 21 i
416 502 118 28 anledning
549 502 23 21 af
585 502 164 28 propositionen
765 509 35 14 n:o

50 537 27 21 28
97 543 34 15 om
150 537 126 28 personella
293 536 222 28 kronoutskylderra,
538 536 50 21 med
603 536 42 21 den
661 537 93 27 ändring
769 538 31 19 att

50 571 154 28 skyldigheten
220 573 31 19 att
266 571 72 21 betala
353 571 215 28 mantalspenningar
584 571 69 21 skulle
667 571 87 28 vidtaga
764 571 37 21 vid

50 606 84 21 femton
155 606 40 21 och
215 605 99 29 upphöra
333 605 37 22 vid
390 606 104 21 sextiotre
513 606 35 21 års
566 605 67 27 ålder,
656 605 7 21 i
679 605 73 22 stället
767 605 34 22 för

51 643 77 19 sexton
140 641 40 20 och
192 640 120 28 sextiofyra
327 647 53 20 som,
391 641 8 20 i
409 640 148 21 betänkandet
567 640 135 28 föreslagits,
718 641 20 25 d)
753 640 48 21 fun-

50 675 33 21 nit
98 675 257 28 expeditionsutskottets
374 674 129 21 hemställan
519 681 35 14 om
569 675 77 27 åtgärd
660 675 7 20 i
683 675 118 27 anledning

51 709 63 22 deraf
128 711 31 19 att
174 709 37 21 två
226 709 63 21 stånd
305 708 87 22 stadnat
407 709 7 20 i
430 709 58 21 olika
502 709 90 28 mening
608 710 59 19 emot
677 709 36 20 två
723 709 36 20 vid
769 709 31 21 af-

51 744 106 28 görandet
172 744 24 20 af
208 743 165 29 propositionen
388 750 35 14 n:o
440 744 34 27 20,
489 743 113 28 angående
617 743 183 21 häradsnämnde-

51 780 62 20 mäns
136 778 123 28 antagande
282 778 40 21 och
342 778 106 28 aflöning,
471 778 70 21 såvidt
560 778 68 27 angår
648 778 42 21 den
711 778 64 21 andel
794 778 7 20 i

51 813 192 28 tingsgästningen
258 812 190 22 nämndemännen
463 812 67 22 borde
549 813 95 27 åtnjuta,
665 813 48 21 icke
729 812 72 21 föran-

51 847 49 22 leda
120 848 34 20 till
175 849 66 19 annat
261 854 48 14 svar
329 848 27 20 än
372 849 31 19 att
419 846 244 29 expeditionsutskottet
678 847 70 21 skulle
764 854 37 14 an-

51 882 75 21 modas
142 882 7 21 i
164 882 50 28 laga
229 881 94 28 ordning
338 883 103 27 uppsätta
456 881 127 22 ständernas
600 889 55 20 svar,
677 882 39 21 och
731 883 22 27 e)
769 881 32 22 bi-

51 917 57 22 fallit
123 917 170 22 bondeståndets
308 917 131 28 inbjudning
449 917 34 20 till
494 916 129 28 deltagande
634 917 7 20 i
652 916 149 28 underdåniga

51 952 128 28 petitioner,
203 953 33 20 att
257 951 121 28 lagförslag
400 951 92 21 rörande
514 951 201 28 tullagstiftningen
734 951 67 20 måtte

52 986 117 22 ständerna
189 986 135 28 föreläggas,
347 986 40 21 och
407 993 35 14 om
459 985 70 22 finska
544 985 99 28 språkets
659 985 142 22 användande

52 1021 36 21 vid
103 1020 167 22 embetsverken
285 1027 29 14 m.
329 1027 36 20 m.;
381 1027 50 14 men
446 1019 98 22 deremot
558 1020 49 21 icke
623 1019 72 22 funnit
706 1019 47 21 skäl
764 1026 37 14 an-

52 1057 51 26 taga
117 1055 170 21 bondeståndets
301 1054 131 28 inbjudning
447 1056 32 19 att
493 1054 88 28 deltaga
595 1054 8 20 i
618 1054 136 27 underdånig
764 1060 37 22 pe-

52 1089 64 22 tition
132 1089 92 21 rörande
240 1089 156 28 soldattorpen.

121 1124 149 23 Talemannen
290 1123 91 22 tackade
402 1123 33 21 för
455 1123 153 21 meddelandet
624 1122 40 22 och
680 1122 121 29 deputatio-

52 1165 43 15 nen
111 1158 105 22 afträdde.

120 1227 122 22 Fortsattes
258 1227 152 22 diskussionen
425 1234 35 14 om
476 1227 153 21 sammansatta
640 1227 63 20 stats-
712 1225 42 21 och
765 1225 36 21 be-

52 1262 224 29 villningsutskottets
290 1261 139 22 betänkande
445 1261 8 21 i
467 1260 118 29 anledning
600 1261 23 20 af
636 1260 165 29 propositionen

53 1304 35 14 om
102 1296 166 29 kartasigillata.

121 1330 223 28 Landtdagsmannen
360 1330 85 20 Slotte
461 1330 84 26 yttrade
561 1331 32 19 att
607 1329 53 26 han,
675 1329 69 21 ehuru
759 1328 42 21 han

53 1365 119 28 ingalunda
187 1372 37 14 var
240 1364 67 21 fallen
323 1365 32 19 att
370 1363 42 21 öka
427 1364 112 20 skatterna
554 1362 33 21 för
598 1362 26 20 de
635 1362 85 28 fattiga,
735 1361 67 21 likväl

53 1399 49 21 icke
127 1398 73 22 kunde
222 1397 114 23 underlåta
359 1399 31 20 att
413 1398 56 20 fästa
491 1396 96 22 ståndets
610 1395 192 30 uppmärksamhet

54 1433 76 29 derpå,
151 1435 33 19 att
198 1440 49 14 man
264 1432 100 22 anmärkt
379 1433 46 20 mot
439 1431 43 22 alla
496 1431 26 22 de
538 1430 78 22 ställen
632 1430 7 22 i
655 1429 147 23 betänkandet
