970 1700
340 126 38 18 Den
391 126 22 18 29
425 131 51 13 mars.
718 120 41 21 613

40 188 31 20 att
87 186 37 22 det
139 186 67 22 ondas
220 186 57 28 parti
292 186 82 28 afgjort
390 187 75 26 saken,
480 186 52 21 ville
548 186 83 21 talaren
647 186 72 21 erinra
734 185 53 21 Hol-

40 228 35 13 ma
90 221 84 26 derom,
193 222 32 19 att
238 221 43 20 han
296 220 70 21 betett
381 221 33 27 sig
429 221 64 27 högst
509 220 125 27 oskickligt,
650 220 27 20 då
691 220 54 26 han,
759 226 27 14 en

40 261 74 14 ensam
134 261 86 21 person,
241 254 96 21 utkastat
356 261 28 14 en
400 255 23 20 så
438 254 48 21 svår
502 254 170 27 förolämpning,
692 253 48 21 icke
756 254 29 20 al-

39 289 71 20 lenast
125 290 58 19 emot
197 290 51 26 eget
259 289 72 20 stånds
342 288 147 27 medlemmar,
501 290 51 19 utan
564 288 64 21 äfven
639 289 57 19 emot
707 289 80 19 tvenne

39 322 68 21 andra
127 322 72 27 stånd,
222 323 74 20 hvilka
315 323 57 20 varit
392 329 51 14 ense
464 329 34 14 om
519 329 81 14 samma
615 322 78 20 beslut.
723 321 64 21 Hvad

38 357 120 21 beträffade
175 357 93 21 Simulas
284 357 144 27 anmärkning
444 357 84 26 derom,
551 358 31 19 att
601 356 94 27 talaren,
718 356 69 21 ehuru

38 391 44 21 han
97 391 80 21 likaväl
194 398 46 13 som
256 391 142 20 författarene
418 391 24 20 af
460 391 41 20 den
521 392 103 19 motsatta
639 390 85 28 åsigten
740 390 46 21 haft

38 427 53 24 rätt,
107 425 37 20 det
160 425 88 21 oaktadt
263 425 32 21 uti
310 425 33 21 sin
357 425 116 28 bevisning
487 425 109 28 begagnat
612 425 32 27 sig
660 424 77 21 endast
747 424 40 21 och

38 460 93 20 allenast
145 459 23 21 af
182 461 30 19 att
227 459 73 21 utdela
323 460 91 26 snärtar,
437 459 100 21 förmälte
560 459 84 20 talaren
666 459 33 28 sig
719 459 68 20 önska

37 493 68 22 blifva
120 493 88 28 upplyst
224 500 34 14 om
273 493 85 21 hvaruti
373 493 92 21 berörda
481 495 84 19 snärtar
580 493 87 20 bestått.

105 527 222 28 Landtdagsmannen
350 527 91 22 Akola
467 528 67 27 ansåg.
556 527 67 22 saken
645 527 68 21 redan
735 534 52 14 vara

38 562 127 28 tillräckligt
189 562 125 21 diskuterad
338 562 40 20 och
398 562 81 28 yrkade
497 563 32 20 att
549 561 96 21 ståndets
665 561 60 21 förut
744 561 41 21 fat-

37 597 50 21 tade
112 597 72 21 beslut
210 597 67 21 måtte
300 596 107 22 vidhållas
429 598 56 20 samt
507 598 102 20 motsatte
632 596 33 28 sig
687 603 29 21 ny
739 603 44 14 om-

37 632 107 27 röstning.

105 665 220 28 Landtdagsmannen
342 665 94 20 Holma
456 664 123 22 förklarade
595 664 33 27 sig
643 671 51 14 vara
709 664 76 21 bered-

36 700 61 27 villig
117 701 31 20 att
163 700 66 27 bedja
244 707 34 13 om
294 699 118 26 förlåtelse,
427 699 8 20 i
450 699 38 21 fall
503 699 43 20 han
560 699 28 27 på
602 699 68 27 något
686 700 41 19 sätt
743 698 42 21 för-

36 735 46 27 gått
105 734 39 28 sig.
178 734 52 22 Men
252 734 84 20 talaren
358 733 85 21 förstod
461 733 48 21 icke
531 733 61 21 hvari
612 733 36 20 det
664 733 121 28 oskickliga

36 776 46 13 som
103 768 117 28 pähördats
242 768 80 21 honom
345 768 69 21 skulle
436 767 66 22 hafva
523 767 87 21 bestått.
645 767 33 28 Ty
701 768 84 21 talaren

35 803 67 21 visste
124 803 49 21 icke
195 803 115 21 huruledes
333 803 43 20 han
396 802 135 21 annorlunda
546 802 64 21 bordt
625 802 101 28 uttrycka
741 803 43 27 sig,

36 838 104 21 eftersom
156 837 36 21 det
207 844 51 15 vore
274 837 62 28 fråga
352 844 35 14 om
400 837 122 28 förbrytare
541 837 39 21 och
596 843 50 14 man
660 837 125 22 försvarade

36 872 84 28 åsigten
146 873 32 19 att
203 872 44 21 låta
269 879 26 14 en
318 871 42 21 slik
382 878 79 21 person
483 872 28 27 gå
533 871 34 22 till
590 871 64 21 skrift
679 872 52 20 utan
753 871 32 22 af-

35 907 94 28 lösning.

102 941 221 28 Landtdagsmannen
340 940 99 21 Simula
455 940 76 21 trodde
547 940 33 28 sig
595 940 48 21 icke
660 947 51 14 vara
727 940 56 28 skyl-

35 976 37 28 dig
90 977 32 19 att
136 977 100 19 närmare
251 975 89 28 utlägga
355 975 85 21 hvaruti
457 975 25 22 de
499 976 83 20 snärtar
597 975 91 26 bestått,
711 974 74 22 hvilka

35 1011 84 20 talaren
134 1010 106 28 päbördat
254 1010 80 21 Klami.

103 1045 220 27 Landtdagsmannen
345 1044 161 27 Mynttinen
529 1043 91 28 yrkade,
644 1044 32 20 att
698 1043 86 21 ständet

35 1080 67 20 mätte
118 1078 104 22 vidblifva
237 1079 37 20 sitt
289 1078 59 21 förra
363 1078 77 21 beslut.

102 1113 222 28 Landtdagsmannen
339 1112 126 29 Hagman
479 1112 93 28 yttrade,
588 1113 32 19 att
636 1118 44 14 som
697 1112 86 22 ständet

35 1148 110 21 allaredan
168 1148 65 21 fattat
256 1149 30 20 ett
308 1147 71 21 beslut
397 1147 8 21 i
424 1147 66 21 saken
509 1147 41 21 och
568 1147 50 21 hela
634 1147 85 20 ständet
734 1147 49 21 icke

35 1183 92 21 kommit
147 1183 100 21 öfverens
268 1189 34 14 om
322 1184 31 19 att
368 1182 68 21 ändra
451 1181 66 28 sagde
533 1181 81 27 beslut,
638 1181 63 22 alltsä
715 1181 68 22 borde

35 1218 67 21 saken
118 1217 189 28 grundlagsenligt
322 1216 87 21 förfalla
424 1217 39 20 och
478 1216 161 28 prestaständet
650 1215 83 22 säledes
744 1223 39 14 un-

35 1252 107 21 derrättas
158 1251 82 27 derom,
256 1253 31 19 att
302 1251 86 20 ständet
404 1250 107 21 vidblifvit
527 1251 37 20 sitt
579 1250 59 20 förra
653 1250 78 21 beslut.

102 1285 222 28 Landtdagsmannen
339 1285 106 20 Pousar
461 1284 127 28 undandrog
604 1284 33 27 sig
652 1291 28 21 ny
691 1285 91 20 omröst-

35 1321 53 26 ning
103 1321 28 26 pä
146 1320 41 20 den
203 1320 80 26 grund,
302 1321 31 19 att
348 1320 67 26 något
430 1321 66 18 annat
511 1319 47 20 skäl
572 1319 49 20 icke
636 1319 83 20 anförts
735 1319 47 20 der-

35 1354 40 25 för,
89 1355 27 19 än
128 1355 31 18 att
169 1353 68 27 nägra
248 1353 23 20 af
279 1353 96 20 ständets
386 1353 140 20 medlemmar
537 1351 107 28 misstagit
655 1352 38 27 sig.
719 1351 63 21 Tala-

35 1394 39 14 ren
85 1387 55 21 hade
151 1387 48 20 icke
211 1387 53 28 sjelf
272 1387 107 27 misstagit
390 1386 33 28 sig
432 1386 39 21 och
478 1386 116 21 betviflade
603 1385 64 22 äfven
676 1387 31 20 att
715 1386 68 21 andra

35 1422 84 23 kunnat
134 1422 104 30 misstaga
254 1421 42 29 sig,
317 1423 52 20 enär
390 1421 66 22 saken
471 1420 131 22 diskuterats
618 1420 24 24 sä
656 1420 75 30 länge,
751 1422 31 21 att
