995 1700
384 126 38 16 Den
436 126 21 17 1$
467 125 36 22 jan.
764 120 26 22 37

72 192 39 15 ner
131 186 45 28 nej,
198 192 62 14 anses
283 184 86 22 ständet
389 185 65 21 hafva
476 185 83 29 antagit
582 192 76 16 senare
681 186 138 22 alternativet

73 220 23 20 af
110 220 66 28 sagda
191 227 64 14 mom.

139 254 167 28 Propositionen
318 254 40 20 och
368 254 243 28 kontrapropositionen
622 254 132 28 godkändes;
766 254 52 22 derä

72 288 75 20 skreds
163 288 32 20 till
212 288 144 27 omröstning,
372 294 46 14 som
435 288 62 20 utföll
511 288 50 20 med
578 289 25 20 14
616 289 24 27 ja
656 290 57 19 emot
729 289 27 19 23
770 289 49 27 nej,

72 322 140 28 hvarigenom
233 322 86 21 ståndet
339 321 83 21 således
442 322 89 20 beslutit
546 323 32 19 att
593 323 69 20 såsom
679 322 141 22 medlemmar

71 356 7 20 i
94 356 140 21 stadskomun
258 356 33 21 må
315 363 63 14 anses
401 356 42 21 alla
459 356 33 26 de,
516 363 45 14 som
576 356 7 20 i
600 356 75 21 staden
698 356 65 21 hafva
782 357 38 21 sitt

71 392 57 20 rätta
142 390 94 22 hemvist
252 390 38 21 och
306 390 111 21 derstädes
433 392 36 19 äro
485 391 185 20 mantalsskrifne.

139 425 13 20 2
166 431 65 14 mom.
247 425 99 20 förekom
361 424 53 21 härå
429 424 33 21 till
473 424 176 28 öfverläggning;
661 425 39 20 och
715 425 56 21 utlät
786 425 34 27 sig

139 458 220 28 Landtdagsmannen
380 458 99 21 Pousar
502 460 32 19 att
555 459 43 20 han
614 459 6 20 i
636 458 70 22 denna
721 459 35 20 del
779 459 40 27 gil-

71 493 49 21 lade
136 493 140 28 domprosten
291 493 71 28 Borgs
378 493 140 21 reservation.

139 527 221 28 Landtdagsmannen
383 521 117 34 Östring
515 527 67 28 ansåg
598 528 37 26 att,
652 527 66 21 sedan
734 527 86 22 ståndet

72 568 78 22 genom
174 563 86 19 senaste
283 561 137 29 omröstning
440 562 85 28 antagit
547 568 77 15 senare
644 562 139 21 alternativet
798 561 24 21 af

73 598 9 19 1
107 603 72 20 mom.,
204 596 72 28 någon
302 596 96 22 särdeles
419 596 94 22 skillnad
534 596 48 21 icke
604 596 127 21 förefunnes
754 596 66 21 emel-

71 632 36 20 lan
125 630 214 22 landssekreteraren
362 638 41 14 von
426 631 168 28 Weissenbergs
616 630 39 22 och
679 631 140 28 domprosten

72 666 70 28 Borgs
158 665 159 22 reservationer
333 668 58 18 emot
405 665 154 21 betänkandet.
590 665 93 21 Talaren
694 666 68 27 ansåg
773 665 47 21 der-

71 701 47 20 före
141 700 70 21 såsom
234 700 248 28 voteringsproposition
507 700 74 21 kunna
603 699 119 29 uppställas
745 700 75 20 betän-

73 735 89 26 kandet,
178 734 39 22 och
234 735 70 20 såsom
318 735 214 27 kontraproposition
548 734 215 21 landssekreteraren
778 741 42 15 von

72 769 169 28 Weissenbergs
256 769 141 21 reservation.

141 803 220 28 Landtdagsmannen
373 803 91 21 Klami
475 804 113 20 anmärkte
603 804 31 20 att
645 803 92 21 emellan
747 803 73 21 lands-

73 838 150 21 sekreteraren
238 845 42 14 von
300 838 168 28 Weissenbergs
488 838 39 20 och
547 838 138 26 domprosten
700 837 71 28 Borgs
787 845 33 13 re-

73 872 133 22 servationer
222 872 55 21 dock
292 872 79 21 funnes
387 879 27 14 en
435 872 123 28 väsendtlig
580 872 103 26 skillnad,
704 872 6 20 i
727 872 36 21 det
778 872 42 20 den

72 907 59 21 förre
146 908 68 27 ansåg
230 909 31 18 att
283 907 65 27 ingen
369 913 72 15 annan
463 906 68 21 borde
547 906 81 21 tillåtas
643 908 59 19 rösta
716 906 7 20 i
739 906 82 21 städer-

72 949 39 13 nas
127 941 191 28 angelägenheter,
333 942 26 20 än
375 941 42 21 den
433 948 46 14 som
493 941 58 21 vissa
566 941 23 20 är
603 941 57 21 varit
670 940 59 22 inom
745 941 75 21 staden

75 976 79 26 bosatt,
176 976 84 21 hvilket
282 976 98 20 deremot
398 975 25 21 af
435 976 140 27 domprosten
598 975 59 28 Borg
679 975 48 21 icke
743 976 78 27 ansågs

73 1011 82 27 nödigt.
191 1010 93 21 Talaren
305 1010 33 20 för
354 1010 33 21 sin
403 1010 34 20 del
453 1010 80 28 gillade
549 1009 214 22 landssekreteraren
779 1016 42 14 von

73 1045 168 27 Weissenbergs
264 1045 141 20 reservation.
442 1044 105 21 Deremot
569 1044 87 21 föreföll
679 1044 36 21 det
737 1044 84 20 talaren

74 1082 57 18 orätt
146 1081 32 19 att
194 1079 25 21 de
235 1079 76 27 fattige
326 1079 48 20 icke
391 1078 69 21 skulle
476 1086 38 14 ens
525 1079 22 20 få
563 1079 57 27 välja
638 1078 183 21 förtroendemän.

73 1114 77 21 Blefve
167 1120 27 15 en
210 1113 67 21 sådan
292 1113 90 28 mening
396 1113 43 28 lag,
454 1113 73 21 kunde
543 1112 36 21 det
594 1112 87 22 inträffa
692 1114 31 19 att
738 1112 83 21 städer-

74 1156 39 13 nas
129 1149 91 27 styrelse
235 1148 47 21 helt
297 1147 39 21 och
358 1147 68 21 hället
448 1147 51 21 fölle
519 1148 7 19 i
541 1147 111 22 händerna
674 1147 29 28 pä
718 1147 27 20 de
768 1147 53 20 rika.

74 1177 21 27 Ä
111 1183 67 20 andra
193 1182 61 21 sidan
270 1189 51 14 vore
336 1182 37 20 det
388 1182 20 27 ej
425 1182 68 21 heller
509 1183 43 19 rätt
567 1183 32 19 att
615 1183 13 18 t.
645 1188 33 14 ex.
695 1188 27 14 en
738 1181 85 21 utländ-

75 1217 59 28 ning,
150 1216 85 21 derföre
252 1218 31 19 att
297 1216 42 21 han
355 1216 7 20 i
379 1215 47 21 stad
441 1216 118 20 förvärfvat
574 1216 72 27 nägon
657 1215 107 28 egendom
781 1215 40 20 och

75 1251 33 21 till
123 1251 75 20 staden
219 1250 100 21 betalade
339 1250 68 26 skatt,
430 1252 77 25 genast
527 1250 70 20 skulle
612 1250 22 20 fä
650 1250 87 26 deltaga
750 1250 7 20 i
773 1249 49 20 dess

74 1284 192 28 angelägenheter.
301 1284 44 20 För
360 1285 32 19 att
412 1284 50 20 med
477 1284 70 20 fördel
566 1284 34 20 för
619 1283 110 21 komunen
748 1284 75 20 kunna

75 1322 50 24 taga
141 1319 34 20 del
189 1318 7 20 i
212 1318 115 21 skötandet
342 1318 24 20 af
380 1318 47 20 dess
443 1318 185 27 angelägenheter
641 1317 111 21 fordrades
763 1324 59 14 nem-

52 1366 4 3 +
75 1354 60 26 ligen
150 1352 123 21 kännedom
289 1358 34 14 om
339 1351 63 21 seder
418 1352 39 20 och
472 1352 56 20 bruk
542 1353 55 19 samt
608 1350 131 28 ställningen
750 1351 28 27 pä
789 1357 34 14 or-

76 1389 44 23 ten,
143 1387 35 27 lag
196 1393 28 14 m.
245 1393 28 13 m.
302 1386 44 20 Dot
364 1392 52 14 vore
437 1385 86 21 derföre
539 1385 89 21 alldeles
642 1384 134 28 nödvändigt
791 1386 32 18 att

76 1422 27 21 de
119 1428 45 15 som
180 1420 113 30 inflyttade
308 1420 34 21 till
357 1427 28 15 en
396 1419 169 23 stadskomunen
575 1418 69 25 under
654 1419 57 22 vissa
722 1420 24 21 är
756 1418 67 25 borde
