1020 1703
771 124 38 24 961

91 191 99 33 nyttjade
213 193 63 23 straff
295 191 41 25 och
354 189 62 26 deras
432 190 124 25 ersättande
573 191 120 24 tillsvidare
709 200 78 21 genom
803 200 38 15 an-

91 230 38 21 dra
152 226 127 30 straffarter,
301 228 112 22 äfvensom
434 228 136 22 beträffande
584 228 167 28 verkställighet
766 228 24 22 af
802 228 38 22 fri-

90 263 118 22 hetsstraff.

160 297 138 22 Godkändes.

119 361 41 21 N:o
178 361 46 20 178.

159 395 21 22 S.
197 395 19 21 d.
246 394 122 29 Föredrogs
384 393 255 30 expeditionsutskottets
653 393 82 30 förslag
745 393 34 23 till
788 393 53 23 Fin-

89 429 63 22 lands
168 430 98 21 ständers
282 429 150 28 underdäniga
447 436 49 15 svar
511 429 7 21 i
533 429 119 28 anledning
666 429 24 21 af
703 429 28 21 H.
747 429 28 21 K.
790 429 51 22 M:ts

90 464 79 28 nädiga
191 464 135 28 proposition
350 470 34 15 om
408 463 121 29 antagande
550 463 23 22 af
587 470 27 15 en
629 463 130 29 författning
775 464 65 28 angä-

91 499 54 21 ende
162 499 71 27 envig.

158 533 86 20 Bifölls.

119 578 41 22 N:o
178 579 46 20 179.
328 577 56 23 Den
400 578 30 22 21
447 585 66 15 mars
531 579 70 21 1864.

158 613 124 29 Föredrogs
305 613 256 28 expeditionsutskottets
583 612 82 29 förslag
684 612 33 22 till
735 612 107 22 Finlands

91 648 98 21 ständers
212 647 148 29 underdäniga
383 654 49 15 svar
451 648 8 20 i
479 648 118 28 anledning
615 647 24 22 af
651 647 29 22 H.
695 647 27 22 K.
738 647 51 22 M:ts
804 648 38 22 nä-

91 683 51 28 diga
156 682 135 29 proposition
306 678 113 33 angäende
435 682 55 29 ogift
505 682 91 29 gvinnas
612 682 129 29 myndighet
751 682 38 22 vid
799 682 44 22 viss

92 717 66 22 ålder.

159 752 85 21 Bifölls.

120 815 41 22 N:o
179 816 46 21 180.

159 850 123 28 Föredrogs
304 849 256 30 expeditionsutskottets
582 849 82 29 förslag
684 850 34 21 till
737 849 106 22 Finlands

92 884 99 22 ständers
213 885 150 28 underdåniga
386 891 48 15 svar
454 885 8 20 i
481 884 119 28 anledning
615 884 24 21 af
651 884 29 21 H.
696 884 28 21 K.
739 884 51 21 M:ts
805 885 38 20 nå-

92 919 50 28 diga
157 919 136 29 proposition
308 919 112 28 angående
436 919 103 22 behofvet
552 919 24 21 af
584 925 27 15 en
622 919 221 28 fridlysningsstadga

91 954 34 21 för
140 953 85 22 landets
238 954 118 28 jernvägar
372 954 90 21 kanaler
477 954 40 21 och
533 953 244 29 telegrafinrättningar.

161 988 103 21 Gillades.

120 1022 41 22 N:o
180 1022 46 21 181.
332 1022 57 21 Den
404 1023 31 21 24
450 1029 67 15 mars
533 1023 71 21 1864.

160 1057 124 28 Föredrogs
300 1059 155 19 sammansatta
469 1059 62 19 stats-
542 1057 39 21 och
594 1056 249 29 bevillningsutskottets

92 1091 82 29 förslag
189 1091 34 21 till
239 1091 211 28 sammanjemkning
466 1092 23 21 af
498 1092 25 21 de
535 1091 182 28 skiljaktigheter,
729 1098 45 14 som
786 1091 57 22 före-

93 1126 56 21 fallit
163 1125 37 22 vid
214 1126 150 21 riksståndens
379 1126 133 28 behandling
527 1126 25 21 af
565 1126 41 21 den
623 1126 79 28 nådiga
712 1126 131 29 propositio-

93 1167 43 14 nen
152 1160 113 28 angående
280 1160 258 28 kartasigillataafgiften.

162 1195 131 21 Godkändes
308 1195 7 20 i
332 1195 72 28 öfrigt,
420 1197 60 19 utom
496 1195 56 22 hvad
566 1195 67 28 angår
644 1195 96 28 följande
752 1195 36 21 två
799 1201 45 16 om-

94 1229 156 28 ständigheter,
266 1229 120 28 nemligen:

163 1265 41 26 1:0)
220 1266 32 19 att
266 1264 168 21 bondeståndets
444 1264 85 21 härtills
540 1264 100 28 åtnjutna
650 1263 84 22 lättnad
746 1263 32 21 till
789 1263 55 22 hälf-

94 1300 36 19 ten
153 1298 54 21 eller
227 1297 103 22 befrielse
349 1297 48 22 från
411 1297 253 29 kartasigillataafgiften
677 1298 82 27 jemväl
774 1297 71 22 häref-

94 1335 34 18 ter
144 1333 35 20 må
194 1332 101 26 fortfara;
311 1332 40 21 och

163 1366 43 26 2:0)
222 1367 31 19 att
268 1365 112 27 kartering
396 1365 24 21 af
434 1364 141 29 certepartier
590 1365 35 21 må
640 1364 87 22 utöfver
743 1364 36 22 det
790 1365 7 20 i
807 1364 38 22 be-

95 1400 119 22 tänkandet
229 1400 125 28 föreslagna
369 1400 78 28 högsta
462 1400 86 28 belopp,
564 1399 28 22 80
607 1398 69 29 mark,
692 1399 53 22 ökas
757 1398 50 22 med
818 1400 27 20 20

141 1443 71 18 Hederv.
227 1443 125 18 bondeståndets
361 1442 65 23 protok.
439 1442 26 19 11.
755 1442 22 18 61
