978 1700
216 139 42 25 170
501 145 37 19 Den
550 144 11 20 9
573 143 48 26 april.

406 207 47 20 Den
468 206 15 21 9
497 206 67 29 april,
580 206 89 21 klockan
684 205 27 22 10
720 205 51 29 före
784 203 118 30 middagen.

256 269 43 22 Vid
314 269 131 29 protokollet
459 268 163 22 undertecknad
640 268 188 28 brukspredikant.

254 338 122 29 Föredrogs
392 339 153 20 sammansatta
561 339 62 19 stats-
634 337 40 21 och
684 336 248 29 bevillningsutskottets

188 373 143 27 betänkande,
353 373 8 21 i
383 373 118 28 anledning
522 373 24 20 af
565 372 79 28 nädiga
662 371 164 29 propositionen
846 379 35 14 n:o
897 372 34 27 31,

189 407 111 29 angäende
324 408 75 27 anslag
421 408 33 20 till
475 407 123 21 inrättande
619 406 23 21 af
660 406 126 27 folkskolor,
808 406 34 21 till
858 406 73 28 anläg-

188 443 70 28 gande
273 442 24 21 af
311 441 308 27 kommunikationsanstalter,
635 443 55 19 samt
705 441 33 20 till
749 440 105 21 särskilda
864 441 68 21 andra

189 477 165 28 allmännyttiga
368 477 91 28 företag.

537 540 11 28 8
565 540 18 21 1.

254 586 221 28 Landtdagsmannen
494 586 93 21 Holma
604 586 108 26 förmälte,
727 587 31 19 att
774 585 26 21 de
815 585 31 21 uti
862 585 70 21 finska

189 622 133 27 exemplaret
337 621 7 20 i
359 621 12 26 8
386 620 177 21 förekommande
574 620 65 21 orden
652 620 202 40 nneljänviidennen
866 622 64 18 osan
920 616 12 35 *

188 663 51 14 voro
255 655 75 21 oklara
346 655 39 20 och
400 655 66 21 borde
481 657 73 19 rättas.

255 689 220 28 Landtdagsmannen
490 689 126 22 Puhakka
630 689 91 28 yttrade,
731 690 32 20 att
773 689 83 21 talaren
866 689 65 28 förut,

189 724 27 21 dä
237 724 162 28 propositionen
420 731 35 14 om
474 724 240 27 bränvinsbränningen
732 723 8 21 i
759 723 73 21 landet
847 723 40 22 och
902 731 29 14 nu

188 758 142 21 förevarande
345 758 134 28 proposition
494 759 7 20 i
516 758 106 21 utskottet
636 757 122 28 handlagts,
773 757 46 22 haft
830 764 27 15 en
868 758 62 28 äsigt,

188 792 41 21 den
249 793 84 20 talaren
353 799 90 14 numera
463 793 102 27 frängätt.
593 791 76 28 Enligt
689 792 36 21 det
744 792 71 21 beslut
834 792 39 21 och
890 793 40 20 den

188 826 122 28 beräkning
329 828 33 19 tre
378 827 63 20 ständ
456 827 90 27 antagit,
565 826 111 28 angäende
692 826 238 21 bränvinstillverknin-

189 867 51 21 gen,
261 860 67 21 borde
344 867 76 21 genom
437 860 42 21 den
494 861 92 21 erhållas
601 867 59 14 mera
675 861 27 20 än
718 867 45 14 som
779 860 104 21 behöfdes
898 861 34 21 för

187 895 115 21 utförande
317 895 24 20 af
354 895 26 21 de
395 895 100 21 beslutna
509 895 166 28 allmännyttiga
689 895 119 28 företagen,
824 895 7 21 i
843 902 88 21 synner-

187 929 37 21 het
244 937 46 13 som
308 929 122 28 jernbanan
451 929 296 27 Tavastehus-Tammerfors,
768 930 68 27 enligt
850 930 81 21 bonde-

187 963 96 22 ständets
303 964 78 27 beslut,
401 964 48 21 icke
469 964 86 21 komme
575 964 7 20 i
601 963 67 28 fräga.
698 963 43 22 Vid
761 964 75 21 sädant
852 965 78 20 förhäl-

187 997 64 21 lande
267 1005 51 14 vore
334 998 40 21 den
390 1005 29 14 nu
434 998 141 21 förevarande
590 997 75 29 frågan
680 1005 34 14 om
727 998 118 29 bevillning
856 999 75 21 endast

189 1039 26 14 en
230 1032 42 21 lek.
302 1032 86 21 Trodde
403 1033 83 21 talaren
502 1033 48 20 icke
565 1032 65 27 detta,
646 1032 76 21 trodde
737 1033 83 20 talaren
835 1033 49 21 icke
900 1035 31 19 att

188 1072 77 21 genom
281 1066 238 28 bränvinsbränningen
535 1073 82 15 vunnes
632 1066 56 21 hvad
703 1066 26 21 de
744 1068 33 19 tre
792 1067 92 21 stånden
894 1068 36 20 be-

187 1100 72 26 stämt,
267 1106 51 14 vore
327 1100 82 20 talaren
415 1100 25 28 ju
448 1100 95 21 hvarken
552 1100 62 21 deras
625 1100 53 21 eller
688 1100 117 28 styrelsens
816 1103 48 19 vän.
890 1102 40 20 Ta-

186 1133 61 21 laren
262 1133 55 21 hade
333 1134 91 27 hoppats
439 1134 22 21 fä
471 1134 238 28 bränvinsbränningen
720 1135 23 21 sä
754 1135 87 28 ordnad,
852 1137 32 20 att
894 1136 36 21 be-

187 1167 127 28 folkningen
330 1175 78 20 genom
423 1169 41 20 den
479 1169 48 21 icke
543 1169 69 21 skulle
622 1169 128 28 tiliskyndas
761 1170 66 21 skada
838 1170 39 21 och
888 1170 42 21 för-

187 1202 53 21 derf.
270 1202 35 21 Nu
320 1203 52 26 säge
387 1203 36 20 det
438 1203 55 21 dock
507 1203 48 21 icke
571 1204 23 20 sä
608 1205 30 19 ut.
661 1203 49 21 Man
723 1204 85 21 komme
819 1206 31 19 att
861 1205 69 21 öfver-

187 1236 39 20 allt
245 1236 65 20 hafva
329 1236 172 21 bränvinskällor
521 1237 89 21 alldeles
629 1238 59 20 invid
708 1238 33 27 sig
757 1239 39 19 och
811 1239 69 20 mäste
895 1240 35 19 väl

187 1269 86 21 derföre
294 1269 65 21 också
378 1277 53 21 supa
450 1273 55 18 samt
520 1271 89 20 sålunda
624 1271 72 21 betala
711 1272 125 28 kevillning.
867 1273 63 20 Tala-

186 1309 50 16 rens
252 1303 67 28 afsigt
334 1303 54 22 hade
403 1305 48 21 icke
466 1305 56 21 varit
537 1307 32 19 att
579 1307 103 20 motsätta
692 1306 33 28 sig
735 1305 130 30 bevillning,
880 1315 49 14 men

186 1338 35 21 vid
244 1338 86 21 anfördt
352 1339 133 22 förhållande
505 1340 71 21 kunde
595 1340 83 22 talaren
698 1341 49 21 icke
767 1341 111 29 samtycka
898 1342 33 21 till

186 1372 126 22 betalandet
327 1373 69 28 deraf,
407 1374 72 21 förrän
495 1375 156 28 grundskatten
667 1375 72 22 blefve
753 1375 113 30 borttagen
883 1377 47 21 frän

184 1407 86 28 jorden.
305 1407 183 30 Upplysningsvis
509 1410 51 21 ville
582 1410 83 21 talaren
685 1410 78 22 derhos
783 1411 95 29 tillägga,
899 1414 31 19 att

185 1442 84 21 talaren
284 1443 34 21 för
333 1450 54 21 egen
403 1443 34 22 del
452 1444 48 22 icke
515 1445 54 21 hade
585 1445 53 21 eller
653 1445 107 28 päräknat
774 1447 72 27 nägon
861 1447 69 21 fördel
