992 1703
195 141 42 20 990

168 205 167 28 allmännyttiga
349 205 93 27 företag,
458 204 75 21 förena
549 204 33 27 sig
597 204 7 20 i
620 204 37 20 det
672 202 77 28 beslut,
765 204 60 21 hvari
841 204 27 21 de
884 204 31 21 öf-

168 240 47 27 riga
236 239 91 21 stånden
347 240 94 25 stannat,
461 238 63 21 äfven
544 237 47 29 deri
606 239 32 19 att
653 237 107 28 styrelsen
774 238 142 28 bemyndiga-

168 274 38 21 des
225 275 32 20 att
275 274 96 26 upptaga
387 274 31 19 ett
433 272 181 27 amorteringslån
631 272 33 20 till
679 272 106 21 nominelt
800 272 79 28 belopp
895 272 24 21 af

167 308 65 28 högst
249 307 125 27 18,000,000
389 306 68 27 mark,
473 306 83 21 hvilket
571 306 43 27 lån,
629 306 71 21 tillika
715 306 49 21 med
775 306 142 21 öfverskottet

168 342 24 21 af
211 337 100 32 anslaget
333 341 48 20 från
402 341 141 27 bevillnings-
563 341 40 20 och
618 340 198 27 bränvinsmedlen,
831 341 87 20 utöfver

168 376 128 22 annuiteten
312 376 13 20 å
338 375 59 21 lånet
412 375 40 21 och
468 375 99 27 anslaget
581 374 34 21 till
630 374 156 28 folkskolorna,
801 374 68 22 borde
884 375 33 21 till

168 410 115 22 utförande
297 410 24 20 af
335 409 70 28 öfriga
417 410 82 27 jemväl
514 409 101 21 beslutna
630 409 91 21 arbeten
731 409 120 28 användas;
862 410 55 21 dock

169 446 32 20 att
221 444 34 21 till
269 444 100 21 annuitet
384 444 13 20 å
412 444 65 28 sagde
492 444 36 20 lån
543 443 49 21 icke
608 443 7 21 i
630 444 66 27 något
711 443 39 21 fall
764 444 58 28 finge
837 445 80 20 använ-

168 480 39 21 das
221 486 60 14 mera
296 480 28 19 än
339 478 57 21 hvad
411 478 23 21 af
447 478 105 28 anslagen
567 478 34 20 till
614 478 60 21 detta
684 478 101 22 ändamål
795 478 48 22 från
853 478 64 22 brän-

168 514 136 22 vinsskatten
320 512 41 22 och
376 512 148 28 bevillningen
540 512 97 28 utginge.

236 547 163 29 Inbjudningen
415 549 83 26 antogs.

197 611 42 21 N:o
254 610 48 22 247.
406 610 55 21 Den
481 611 28 20 14
524 610 68 28 april
609 610 70 21 1864.

237 650 125 21 Förehades
381 650 76 28 frågan
478 657 34 14 om
532 650 20 28 ej
570 650 85 21 mindre
670 650 108 28 gäldande
793 651 24 21 af
829 651 88 22 kostna-

169 685 66 21 derne
257 684 34 21 för
314 684 96 20 ståndets
433 684 99 21 enskilda
550 684 173 20 besvärsutskott
742 684 40 21 och
796 684 35 22 för
845 685 73 28 tryck-

169 720 83 26 ningen
270 718 24 21 af
310 718 97 21 ståndets
422 718 109 28 protokoll
546 720 56 18 samt
618 718 41 21 den
674 718 87 21 ståndet
775 718 90 28 påförde
881 726 37 15 an-

169 753 42 27 del,
231 753 42 21 324
292 752 62 20 mark
375 753 26 20 65
421 753 73 27 penni,
513 752 24 21 af
552 752 120 28 utgifterne
687 753 34 20 för
736 753 129 21 ständernas
880 754 39 20 all-

169 789 80 19 männa
262 786 180 27 besvärsutskott,
453 788 28 19 än
492 786 40 21 ock
543 786 141 22 anskaffande
694 787 25 21 af
727 788 71 20 medel
808 788 33 20 till
853 788 66 28 sagda

169 820 128 22 kostnaders
313 820 40 21 och
363 820 102 28 utgifters
475 820 142 27 betäckande,
629 820 111 22 äfvensom
751 822 113 27 angående
875 822 44 21 för-

169 855 90 27 delning
279 855 24 20 af
321 854 41 21 den
378 855 87 27 tryckta
479 855 110 27 upplagan
605 854 24 21 af
640 855 97 21 ståndets
752 856 117 27 protokoll,
882 856 37 21 be-

169 889 90 21 stående
275 889 24 20 af
312 889 41 21 750
369 889 112 27 exemplar
496 889 24 21 af
532 889 37 21 det
584 888 70 22 finska
668 889 40 21 och
724 890 41 20 500
776 890 111 27 exemplar
897 890 24 21 af

169 923 37 21 det
221 922 93 22 svenska
329 922 142 28 protokollet;
489 923 40 21 och
545 923 105 21 stannade
666 923 86 21 ståndet
767 924 75 21 dervid
856 924 7 20 i
879 924 40 21 föl-

167 957 67 28 jande
249 957 82 20 beslut:

216 986 2 2 *
237 992 32 19 att
282 990 122 21 änberörda
421 991 118 21 kostnader
554 991 40 21 och
610 991 96 28 utgifter,
722 998 36 14 om
773 992 74 21 hvilka
861 992 58 21 stän-

169 1025 36 20 det
220 1024 62 28 afgaf
295 1024 37 21 det
347 1025 118 26 utlätande,
481 1027 31 18 att
528 1025 26 20 de
569 1025 57 20 varit
641 1025 155 28 oundvikligen
808 1025 24 22 af
840 1026 79 27 nöden,

169 1059 70 21 skulle
255 1058 76 21 skiftas
347 1058 33 21 till
396 1059 112 28 betalning
523 1059 55 21 först
589 1059 71 28 jemnt
671 1059 93 21 emellan
775 1059 145 29 domsagorna

168 1093 7 21 i
195 1093 81 26 landet,
295 1093 166 27 Lappmarkens
480 1093 103 27 domsaga
601 1093 56 20 dock
671 1093 147 28 undantagen,
833 1095 86 20 hvaref-

168 1128 34 20 ter
222 1127 75 28 hvarje
313 1127 114 27 domsagas
442 1127 64 20 andel
521 1127 67 21 borde
604 1127 101 28 erläggas
720 1127 24 21 af
757 1128 163 23 vederbörande

168 1161 259 27 lägenhetsinnehafvare
449 1161 7 20 i
478 1161 125 27 domsagan,
626 1161 70 28 enligt
718 1161 124 30 fördelning
864 1162 56 22 efter

169 1195 94 27 mantal;

237 1230 32 19 att
287 1229 224 21 ståndsledamöterne
530 1223 90 33 Östring
635 1229 40 21 och
690 1229 74 22 Klami
779 1230 141 28 bemyndiga-

169 1261 39 21 des
223 1263 32 19 att
270 1262 13 20 å
297 1261 169 22 bondeståndets
480 1264 88 25 vägnar,
583 1262 34 20 till
628 1262 107 28 gäldande
746 1263 24 20 af
778 1263 142 22 förenämnda

169 1295 118 21 kostnader
307 1295 40 21 och
367 1295 96 28 utgifter,
484 1296 81 21 ansöka
583 1296 40 21 hos
638 1297 114 27 styrelsen,
768 1297 40 21 och
822 1297 47 22 ifall
884 1297 36 22 det

169 1330 127 28 beviljades,
319 1329 54 29 lyfta
397 1331 30 20 ett
449 1330 94 22 förskott
562 1330 24 22 af
604 1330 64 29 högst
682 1331 83 29 sjutton
780 1333 62 21 tusen
858 1332 62 22 mark

169 1365 48 21 från
241 1365 110 21 allmänna
373 1365 78 27 medel,
473 1365 33 21 för
525 1365 84 22 hvilket
629 1366 106 28 styrelsen
751 1366 61 28 egde,
827 1367 92 22 likasom

170 1400 34 21 för
219 1399 68 22 andra
298 1399 97 22 ståndets
405 1400 141 21 medlemmar
556 1400 120 22 förunnade
687 1401 125 28 förskotter,
823 1402 98 28 uppbära

169 1435 124 27 ersättning
315 1434 69 28 enligt
406 1434 124 29 fördelning
552 1435 24 21 af
592 1435 162 22 vederbörande
773 1436 147 28 lägenhetsin-
