1000 1700
385 118 38 18 Den
438 118 22 18 14
471 118 49 23 april
758 114 42 21 885

79 178 169 28 brydsammare,
270 177 92 22 emedan
384 178 37 21 det
438 178 91 22 försatte
547 179 127 21 talmannen
689 179 7 21 i
711 178 42 22 den
769 180 59 20 ställ-

79 212 60 28 ning,
154 213 32 20 att
201 211 36 22 det
252 212 34 21 för
300 212 80 21 honom
396 211 72 22 blefve
482 212 57 21 svårt
550 214 31 19 att
592 212 50 21 med
652 212 64 22 oväld
726 213 48 20 leda
784 213 43 21 för-

79 246 159 27 handlingarna
251 247 8 20 i
275 246 81 21 sådana
370 246 81 27 frågor,
468 253 45 14 som
528 246 64 21 rörde
607 247 54 20 hans
677 247 97 20 valmäns
784 247 44 21 för-

79 280 42 21 del.
151 281 94 20 Talaren
266 279 98 28 föreslog
385 280 94 26 derföre,
499 282 32 19 att
546 280 86 21 ståndet
646 281 51 20 ville
713 280 51 28 ingå
779 281 49 22 med

79 314 136 29 underdånig
229 314 93 29 petition
337 314 81 26 derom,
434 316 32 19 att
482 314 124 21 talmannen
616 315 68 20 måtte
696 315 83 21 erhålla
792 315 37 20 sitt

80 349 80 22 arvode
182 349 48 21 från
252 349 110 21 allmänna
381 348 79 27 medel,
478 349 40 20 och
534 350 32 20 att
581 348 43 21 den
639 348 110 29 domsaga,
764 349 65 21 hvars

79 383 80 22 ombud
175 383 33 22 till
223 383 81 22 talman
319 383 83 28 utsågs,
417 384 67 20 sattes
499 383 7 21 i
522 383 86 21 tillfälle
624 385 32 19 att
671 383 7 20 i
689 383 73 22 stället
772 384 58 27 välja

78 419 68 20 annat
168 417 89 28 ombud;
281 417 40 22 och
343 417 76 21 trodde
443 417 82 21 talaren
548 419 32 19 att
600 417 87 22 ståndet
705 418 24 21 så
742 418 88 28 mycket

78 452 69 21 hellre
163 451 66 22 borde
244 451 52 28 ingå
311 451 49 21 med
375 451 93 28 petition
483 452 7 19 i
506 451 142 22 omförmälda
663 452 64 28 syfte,
740 459 46 14 som
797 452 31 21 äf-

78 493 42 14 ven
135 485 181 29 borgareståndet
330 485 90 21 beslutit
434 487 32 19 att
481 485 33 22 för
530 485 33 28 sig
578 486 133 27 petitionera
725 493 35 14 om
778 493 50 14 ena-

78 520 72 22 handa
164 520 77 21 fördel.

147 555 68 21 Detta
236 555 82 27 förslag
341 555 87 27 antogs;
452 555 40 21 och
515 554 47 21 blef
582 554 37 21 det
637 554 22 22 åt
677 555 98 21 ståndets
790 555 39 21 här

80 590 173 28 qvarstannande
273 588 143 22 medlemmar
435 589 8 20 i
459 588 145 29 expeditions-
621 590 39 20 och
673 590 156 28 justeringsut-

79 625 87 20 skotten
188 624 122 27 uppdraget
332 625 32 19 att
384 630 34 14 om
434 623 135 28 underdånig
584 624 93 27 petition
692 624 7 20 i
713 626 73 19 ämnet
800 625 28 27 på

79 658 97 22 ståndets
191 659 82 27 vägnar
288 658 94 27 besörja.

147 726 123 29 Föredrogs
285 726 111 21 allmänna
411 726 206 21 besvärsutskottets
632 726 114 21 skrifvelse
756 727 24 20 af
788 727 41 20 den

82 763 25 20 13
128 762 7 20 i
156 761 70 21 denne
246 760 85 27 månad,
353 760 61 21 hvari
431 761 112 25 utskottet,
559 760 118 28 bifogande
693 761 138 28 förteckning

80 795 29 28 på
124 794 183 22 omkostnaderna
321 794 35 21 för
371 794 67 28 sagda
449 795 90 26 utskott,
551 794 98 21 anhåller
659 796 32 19 att
702 795 129 21 bondestån-

81 829 37 21 det
138 829 50 21 ville
208 829 33 20 till
256 829 118 21 utskottets
390 829 127 28 förfogande
534 828 62 21 ställa
612 828 41 22 den
669 829 13 20 &
697 829 86 21 ståndet
798 830 34 27 sig

82 857 122 35 belöpande
227 869 26 15 en
275 862 108 29 fjerdedel
405 863 23 21 af
444 863 94 21 nämnda
557 862 153 23 omkostnader
725 863 50 22 med
790 864 42 21 320

80 898 62 21 mark
157 898 27 21 55
199 897 73 28 penni.

148 932 99 21 Berörda
269 931 101 22 anhållan
392 931 84 28 bifölls;
499 931 41 30 och
559 931 70 22 skulle
648 931 72 22 medel
738 932 33 21 till
786 933 45 27 gäl-

80 967 70 21 dande
166 967 23 20 af
203 965 143 22 omförmälda
360 972 84 15 summa
459 965 109 22 anskaffas
587 966 3 20 i
605 966 157 28 sammanhang
781 966 49 21 med

81 1001 86 22 medlen
183 1000 33 21 till
232 999 134 23 betäckande
382 1000 24 21 af
419 1000 145 21 kostnaderne
580 1000 34 21 för
625 999 98 22 ständets
734 1000 98 21 enskilda

81 1034 172 23 besvärsutskott
276 1035 41 21 och
339 1035 145 27 tryckningen
504 1035 24 20 af
544 1034 96 21 ständets
660 1034 116 28 protokoll,
792 1034 40 21 och

82 1069 96 22 derefter
192 1068 34 21 till
241 1068 163 22 vederbörande
419 1068 114 21 utbetalas.

149 1137 222 28 Landtdagsmannen
390 1137 108 22 Pousar
519 1137 106 27 anmälde,
644 1138 31 20 att
691 1137 41 20 den
747 1137 29 28 pä
790 1136 43 22 för-

81 1172 117 27 middagen
213 1171 91 22 utsedda
318 1171 127 28 deputation
456 1172 34 21 till
500 1171 167 29 prestaständet,
678 1171 88 21 hvilken
777 1171 57 22 Pou-

82 1213 35 15 sar
132 1206 79 27 anfört,
227 1206 100 28 fullgjort
342 1207 37 20 sitt
394 1206 106 28 uppdrag.

149 1274 124 29 Föredrogs
295 1275 171 21 statsutskottets
488 1275 34 21 till
541 1273 152 29 ridderskapet
712 1274 40 21 och
770 1274 64 21 adeln

82 1309 81 22 aflätna
182 1309 40 21 och
243 1309 97 21 derifrän
360 1309 33 21 till
409 1309 96 21 ständets
521 1308 135 21 sekreterare
673 1307 161 22 öfverlemnade

83 1342 115 22 skrifvelse
218 1343 24 20 af
260 1342 42 21 den
319 1340 23 23 11
360 1342 89 27 dennes,
464 1342 61 21 hvari
541 1342 162 21 statsutskottet
718 1341 116 22 tillkänna-

83 1383 45 22 ger,
136 1378 33 19 att
184 1376 170 21 bondeständets
369 1376 65 21 andel
449 1376 6 20 i
470 1375 122 22 kostnaden
608 1376 33 21 för
656 1375 141 21 anskaffande
812 1376 25 20 af

83 1410 188 23 skrifmaterialier
293 1410 34 22 till
350 1410 110 22 allmänna
482 1410 196 23 hesvärsutskottet
700 1409 101 29 utgjorde
822 1409 12 21 4
