<?xml version="1.0" encoding="UTF-8"?>
<alto xmlns="http://www.loc.gov/standards/alto/ns-v3#" xmlns:xlink="http://www.w3.org/1999/xlink" xmlns:xsi="http://www.w3.org/2001/XMLSchema-instance" xsi:schemaLocation="http://www.loc.gov/standards/alto/ns-v3# http://www.loc.gov/alto/v3/alto-3-0.xsd">
	<Description>
		<MeasurementUnit>pixel</MeasurementUnit>
		<sourceImageInformation>
			<fileName>/tmp/tess__dxfln15_input.PNG</fileName>
		</sourceImageInformation>
		<OCRProcessing ID="OCR_0">
			<ocrProcessingStep>
				<processingSoftware>
					<softwareName>tesseract 5.3.4</softwareName>
				</processingSoftware>
			</ocrProcessingStep>
		</OCRProcessing>
	</Description>
	<Layout>
		<Page WIDTH="964" HEIGHT="1703" PHYSICAL_IMG_NR="0" ID="page_0">
			<PrintSpace HPOS="0" VPOS="0" WIDTH="964" HEIGHT="1703">
				<ComposedBlock ID="cblock_0" HPOS="348" VPOS="122" WIDTH="407" HEIGHT="25">
					<TextBlock ID="block_0" HPOS="348" VPOS="122" WIDTH="407" HEIGHT="25">
						<TextLine ID="line_0" HPOS="348" VPOS="122" WIDTH="407" HEIGHT="25">
							<String ID="string_0" HPOS="348" VPOS="131" WIDTH="38" HEIGHT="16" WC="0.95" CONTENT="Den"/><SP WIDTH="15" VPOS="131" HPOS="386"/>
							<String ID="string_1" HPOS="401" VPOS="130" WIDTH="11" HEIGHT="17" WC="0.95" CONTENT="9"/><SP WIDTH="12" VPOS="130" HPOS="412"/>
							<String ID="string_2" HPOS="424" VPOS="133" WIDTH="51" HEIGHT="13" WC="0.96" CONTENT="mars."/><SP WIDTH="240" VPOS="133" HPOS="475"/>
							<String ID="string_3" HPOS="715" VPOS="122" WIDTH="40" HEIGHT="23" WC="0.96" CONTENT="489"/>
						</TextLine>
					</TextBlock>
				</ComposedBlock>
				<ComposedBlock ID="cblock_1" HPOS="36" VPOS="191" WIDTH="759" HEIGHT="1271">
					<TextBlock ID="block_1" HPOS="36" VPOS="191" WIDTH="749" HEIGHT="160">
						<TextLine ID="line_1" HPOS="36" VPOS="191" WIDTH="748" HEIGHT="30">
							<String ID="string_4" HPOS="36" VPOS="192" WIDTH="126" HEIGHT="28" WC="0.95" CONTENT="föreslagna"/><SP WIDTH="15" VPOS="192" HPOS="162"/>
							<String ID="string_5" HPOS="177" VPOS="191" WIDTH="176" HEIGHT="30" WC="0.96" CONTENT="bestämningen,"/><SP WIDTH="17" VPOS="191" HPOS="353"/>
							<String ID="string_6" HPOS="370" VPOS="192" WIDTH="23" HEIGHT="21" WC="0.93" CONTENT="så"/><SP WIDTH="13" VPOS="192" HPOS="393"/>
							<String ID="string_7" HPOS="406" VPOS="192" WIDTH="72" HEIGHT="21" WC="0.92" CONTENT="blefve"/><SP WIDTH="15" VPOS="192" HPOS="478"/>
							<String ID="string_8" HPOS="493" VPOS="191" WIDTH="87" HEIGHT="28" WC="0.96" CONTENT="mycket"/><SP WIDTH="15" VPOS="191" HPOS="580"/>
							<String ID="string_9" HPOS="595" VPOS="192" WIDTH="46" HEIGHT="21" WC="0.96" CONTENT="folk"/><SP WIDTH="15" VPOS="192" HPOS="641"/>
							<String ID="string_10" HPOS="656" VPOS="192" WIDTH="128" HEIGHT="28" WC="0.93" CONTENT="utestängde"/>
						</TextLine>
						<TextLine ID="line_2" HPOS="36" VPOS="225" WIDTH="748" HEIGHT="30">
							<String ID="string_11" HPOS="36" VPOS="227" WIDTH="47" HEIGHT="20" WC="0.95" CONTENT="från"/><SP WIDTH="16" VPOS="227" HPOS="83"/>
							<String ID="string_12" HPOS="99" VPOS="227" WIDTH="37" HEIGHT="20" WC="0.95" CONTENT="det"/><SP WIDTH="10" VPOS="227" HPOS="136"/>
							<String ID="string_13" HPOS="146" VPOS="227" WIDTH="55" HEIGHT="20" WC="0.96" CONTENT="fiske"/><SP WIDTH="11" VPOS="227" HPOS="201"/>
							<String ID="string_14" HPOS="212" VPOS="227" WIDTH="27" HEIGHT="20" WC="0.95" CONTENT="de"/><SP WIDTH="9" VPOS="227" HPOS="239"/>
							<String ID="string_15" HPOS="248" VPOS="227" WIDTH="102" HEIGHT="20" WC="0.96" CONTENT="hitintills"/><SP WIDTH="11" VPOS="227" HPOS="350"/>
							<String ID="string_16" HPOS="361" VPOS="227" WIDTH="115" HEIGHT="28" WC="0.92" CONTENT="begagnat."/><SP WIDTH="26" VPOS="227" HPOS="476"/>
							<String ID="string_17" HPOS="502" VPOS="226" WIDTH="93" HEIGHT="21" WC="0.90" CONTENT="Talaren"/><SP WIDTH="11" VPOS="226" HPOS="595"/>
							<String ID="string_18" HPOS="606" VPOS="226" WIDTH="81" HEIGHT="28" WC="0.93" CONTENT="yrkade"/><SP WIDTH="11" VPOS="226" HPOS="687"/>
							<String ID="string_19" HPOS="698" VPOS="225" WIDTH="86" HEIGHT="22" WC="0.90" CONTENT="förden-"/>
						</TextLine>
						<TextLine ID="line_3" HPOS="37" VPOS="260" WIDTH="748" HEIGHT="29">
							<String ID="string_20" HPOS="37" VPOS="261" WIDTH="66" HEIGHT="26" WC="0.96" CONTENT="skull,"/><SP WIDTH="21" VPOS="261" HPOS="103"/>
							<String ID="string_21" HPOS="124" VPOS="262" WIDTH="32" HEIGHT="20" WC="0.96" CONTENT="att"/><SP WIDTH="20" VPOS="262" HPOS="156"/>
							<String ID="string_22" HPOS="176" VPOS="261" WIDTH="165" HEIGHT="28" WC="0.96" CONTENT="bestämningen"/><SP WIDTH="20" VPOS="261" HPOS="341"/>
							<String ID="string_23" HPOS="361" VPOS="261" WIDTH="24" HEIGHT="20" WC="0.96" CONTENT="af"/><SP WIDTH="14" VPOS="261" HPOS="385"/>
							<String ID="string_24" HPOS="399" VPOS="261" WIDTH="121" HEIGHT="21" WC="0.92" CONTENT="tvåhundra"/><SP WIDTH="15" VPOS="261" HPOS="520"/>
							<String ID="string_25" HPOS="535" VPOS="261" WIDTH="84" HEIGHT="20" WC="0.90" CONTENT="famnar"/><SP WIDTH="14" VPOS="261" HPOS="619"/>
							<String ID="string_26" HPOS="633" VPOS="260" WIDTH="69" HEIGHT="21" WC="0.95" CONTENT="hellre"/><SP WIDTH="17" VPOS="260" HPOS="702"/>
							<String ID="string_27" HPOS="719" VPOS="261" WIDTH="66" HEIGHT="20" WC="0.95" CONTENT="borde"/>
						</TextLine>
						<TextLine ID="line_4" HPOS="37" VPOS="294" WIDTH="748" HEIGHT="29">
							<String ID="string_28" HPOS="37" VPOS="295" WIDTH="140" HEIGHT="27" WC="0.96" CONTENT="förminskas,"/><SP WIDTH="23" VPOS="295" HPOS="177"/>
							<String ID="string_29" HPOS="200" VPOS="295" WIDTH="95" HEIGHT="22" WC="0.96" CONTENT="särdeles"/><SP WIDTH="23" VPOS="295" HPOS="295"/>
							<String ID="string_30" HPOS="318" VPOS="295" WIDTH="56" HEIGHT="22" WC="0.93" CONTENT="hvad"/><SP WIDTH="24" VPOS="295" HPOS="374"/>
							<String ID="string_31" HPOS="398" VPOS="296" WIDTH="94" HEIGHT="27" WC="0.92" CONTENT="anginge"/><SP WIDTH="23" VPOS="296" HPOS="492"/>
							<String ID="string_32" HPOS="515" VPOS="295" WIDTH="24" HEIGHT="21" WC="0.93" CONTENT="så"/><SP WIDTH="21" VPOS="295" HPOS="539"/>
							<String ID="string_33" HPOS="560" VPOS="294" WIDTH="124" HEIGHT="22" WC="0.92" CONTENT="beskaffade"/><SP WIDTH="21" VPOS="294" HPOS="684"/>
							<String ID="string_34" HPOS="705" VPOS="297" WIDTH="80" HEIGHT="25" WC="0.96" CONTENT="vatten,"/>
						</TextLine>
						<TextLine ID="line_5" HPOS="37" VPOS="330" WIDTH="448" HEIGHT="21">
							<String ID="string_35" HPOS="37" VPOS="337" WIDTH="46" HEIGHT="14" WC="0.93" CONTENT="som"/><SP WIDTH="16" VPOS="337" HPOS="83"/>
							<String ID="string_36" HPOS="99" VPOS="330" WIDTH="13" HEIGHT="20" WC="0.91" CONTENT="&amp;"/><SP WIDTH="15" VPOS="330" HPOS="112"/>
							<String ID="string_37" HPOS="127" VPOS="331" WIDTH="94" HEIGHT="20" WC="0.92" CONTENT="talarens"/><SP WIDTH="16" VPOS="331" HPOS="221"/>
							<String ID="string_38" HPOS="237" VPOS="330" WIDTH="142" HEIGHT="21" WC="0.92" CONTENT="förenämnde"/><SP WIDTH="14" VPOS="330" HPOS="379"/>
							<String ID="string_39" HPOS="393" VPOS="330" WIDTH="92" HEIGHT="21" WC="0.96" CONTENT="hemort."/>
						</TextLine>
					</TextBlock>
					<TextBlock ID="block_2" HPOS="37" VPOS="364" WIDTH="750" HEIGHT="133">
						<TextLine ID="line_6" HPOS="104" VPOS="364" WIDTH="683" HEIGHT="29">
							<String ID="string_40" HPOS="104" VPOS="364" WIDTH="222" HEIGHT="28" WC="0.91" CONTENT="Landtdagsmannen"/><SP WIDTH="15" VPOS="364" HPOS="326"/>
							<String ID="string_41" HPOS="341" VPOS="364" WIDTH="91" HEIGHT="22" WC="0.90" CONTENT="Akola"/><SP WIDTH="15" VPOS="364" HPOS="432"/>
							<String ID="string_42" HPOS="447" VPOS="364" WIDTH="76" HEIGHT="22" WC="0.93" CONTENT="trodde"/><SP WIDTH="8" VPOS="364" HPOS="523"/>
							<String ID="string_43" HPOS="531" VPOS="364" WIDTH="83" HEIGHT="29" WC="0.92" CONTENT="jemväl"/><SP WIDTH="10" VPOS="364" HPOS="614"/>
							<String ID="string_44" HPOS="624" VPOS="366" WIDTH="31" HEIGHT="20" WC="0.93" CONTENT="att"/><SP WIDTH="11" VPOS="366" HPOS="655"/>
							<String ID="string_45" HPOS="666" VPOS="364" WIDTH="121" HEIGHT="22" WC="0.96" CONTENT="tvåhundra"/>
						</TextLine>
						<TextLine ID="line_7" HPOS="37" VPOS="399" WIDTH="750" HEIGHT="29">
							<String ID="string_46" HPOS="37" VPOS="400" WIDTH="84" HEIGHT="20" WC="0.88" CONTENT="famnar"/><SP WIDTH="20" VPOS="400" HPOS="121"/>
							<String ID="string_47" HPOS="141" VPOS="406" WIDTH="52" HEIGHT="15" WC="0.90" CONTENT="vore"/><SP WIDTH="19" VPOS="406" HPOS="193"/>
							<String ID="string_48" HPOS="212" VPOS="400" WIDTH="34" HEIGHT="20" WC="0.96" CONTENT="för"/><SP WIDTH="20" VPOS="400" HPOS="246"/>
							<String ID="string_49" HPOS="266" VPOS="400" WIDTH="97" HEIGHT="28" WC="0.80" CONTENT="mycket,"/><SP WIDTH="23" VPOS="400" HPOS="363"/>
							<String ID="string_50" HPOS="386" VPOS="406" WIDTH="50" HEIGHT="14" WC="0.96" CONTENT="men"/><SP WIDTH="21" VPOS="406" HPOS="436"/>
							<String ID="string_51" HPOS="457" VPOS="400" WIDTH="50" HEIGHT="21" WC="0.96" CONTENT="ville"/><SP WIDTH="20" VPOS="400" HPOS="507"/>
							<String ID="string_52" HPOS="527" VPOS="399" WIDTH="55" HEIGHT="22" WC="0.93" CONTENT="dock"/><SP WIDTH="14" VPOS="399" HPOS="582"/>
							<String ID="string_53" HPOS="596" VPOS="399" WIDTH="110" HEIGHT="23" WC="0.89" CONTENT="bibehälla"/><SP WIDTH="15" VPOS="399" HPOS="706"/>
							<String ID="string_54" HPOS="721" VPOS="400" WIDTH="66" HEIGHT="28" WC="0.93" CONTENT="sagde"/>
						</TextLine>
						<TextLine ID="line_8" HPOS="37" VPOS="434" WIDTH="749" HEIGHT="28">
							<String ID="string_55" HPOS="37" VPOS="435" WIDTH="148" HEIGHT="27" WC="0.95" CONTENT="bestämning,"/><SP WIDTH="16" VPOS="435" HPOS="185"/>
							<String ID="string_56" HPOS="201" VPOS="435" WIDTH="113" HEIGHT="21" WC="0.96" CONTENT="hvaremot"/><SP WIDTH="15" VPOS="435" HPOS="314"/>
							<String ID="string_57" HPOS="329" VPOS="434" WIDTH="84" HEIGHT="22" WC="0.96" CONTENT="talaren"/><SP WIDTH="16" VPOS="434" HPOS="413"/>
							<String ID="string_58" HPOS="429" VPOS="434" WIDTH="52" HEIGHT="22" WC="0.96" CONTENT="fann"/><SP WIDTH="15" VPOS="434" HPOS="481"/>
							<String ID="string_59" HPOS="496" VPOS="434" WIDTH="133" HEIGHT="28" WC="0.95" CONTENT="Blomqvists"/><SP WIDTH="15" VPOS="434" HPOS="629"/>
							<String ID="string_60" HPOS="644" VPOS="434" WIDTH="98" HEIGHT="28" WC="0.96" CONTENT="yrkande"/><SP WIDTH="11" VPOS="434" HPOS="742"/>
							<String ID="string_61" HPOS="753" VPOS="441" WIDTH="33" HEIGHT="14" WC="0.96" CONTENT="om"/>
						</TextLine>
						<TextLine ID="line_9" HPOS="38" VPOS="468" WIDTH="609" HEIGHT="29">
							<String ID="string_62" HPOS="38" VPOS="469" WIDTH="119" HEIGHT="21" WC="0.93" CONTENT="trehundra"/><SP WIDTH="16" VPOS="469" HPOS="157"/>
							<String ID="string_63" HPOS="173" VPOS="469" WIDTH="83" HEIGHT="21" WC="0.92" CONTENT="famnar"/><SP WIDTH="16" VPOS="469" HPOS="256"/>
							<String ID="string_64" HPOS="272" VPOS="469" WIDTH="48" HEIGHT="21" WC="0.95" CONTENT="icke"/><SP WIDTH="15" VPOS="469" HPOS="320"/>
							<String ID="string_65" HPOS="335" VPOS="468" WIDTH="65" HEIGHT="22" WC="0.96" CONTENT="hafva"/><SP WIDTH="15" VPOS="468" HPOS="400"/>
							<String ID="string_66" HPOS="415" VPOS="469" WIDTH="67" HEIGHT="28" WC="0.96" CONTENT="något"/><SP WIDTH="15" VPOS="469" HPOS="482"/>
							<String ID="string_67" HPOS="497" VPOS="469" WIDTH="47" HEIGHT="21" WC="0.95" CONTENT="skäl"/><SP WIDTH="15" VPOS="469" HPOS="544"/>
							<String ID="string_68" HPOS="559" VPOS="469" WIDTH="34" HEIGHT="21" WC="0.96" CONTENT="för"/><SP WIDTH="15" VPOS="469" HPOS="593"/>
							<String ID="string_69" HPOS="608" VPOS="468" WIDTH="39" HEIGHT="28" WC="0.96" CONTENT="sig."/>
						</TextLine>
					</TextBlock>
					<TextBlock ID="block_3" HPOS="37" VPOS="502" WIDTH="752" HEIGHT="271">
						<TextLine ID="line_10" HPOS="105" VPOS="502" WIDTH="683" HEIGHT="30">
							<String ID="string_70" HPOS="105" VPOS="503" WIDTH="222" HEIGHT="28" WC="0.92" CONTENT="Landtdagsmannen"/><SP WIDTH="19" VPOS="503" HPOS="327"/>
							<String ID="string_71" HPOS="346" VPOS="502" WIDTH="71" HEIGHT="22" WC="0.91" CONTENT="Keto"/><SP WIDTH="17" VPOS="502" HPOS="417"/>
							<String ID="string_72" HPOS="434" VPOS="504" WIDTH="102" HEIGHT="20" WC="0.96" CONTENT="förenade"/><SP WIDTH="17" VPOS="504" HPOS="536"/>
							<String ID="string_73" HPOS="553" VPOS="504" WIDTH="33" HEIGHT="27" WC="0.96" CONTENT="sig"/><SP WIDTH="16" VPOS="504" HPOS="586"/>
							<String ID="string_74" HPOS="602" VPOS="503" WIDTH="48" HEIGHT="22" WC="0.96" CONTENT="med"/><SP WIDTH="15" VPOS="503" HPOS="650"/>
							<String ID="string_75" HPOS="665" VPOS="504" WIDTH="123" HEIGHT="28" WC="0.95" CONTENT="Blomqvist"/>
						</TextLine>
						<TextLine ID="line_11" HPOS="38" VPOS="537" WIDTH="747" HEIGHT="30">
							<String ID="string_76" HPOS="38" VPOS="538" WIDTH="70" HEIGHT="21" WC="0.91" CONTENT="deruti"/><SP WIDTH="17" VPOS="538" HPOS="108"/>
							<String ID="string_77" HPOS="125" VPOS="540" WIDTH="31" HEIGHT="19" WC="0.93" CONTENT="att"/><SP WIDTH="16" VPOS="540" HPOS="156"/>
							<String ID="string_78" HPOS="172" VPOS="538" WIDTH="122" HEIGHT="29" WC="0.88" CONTENT="landgrund"/><SP WIDTH="15" VPOS="538" HPOS="294"/>
							<String ID="string_79" HPOS="309" VPOS="538" WIDTH="7" HEIGHT="21" WC="0.93" CONTENT="i"/><SP WIDTH="16" VPOS="538" HPOS="316"/>
							<String ID="string_80" HPOS="332" VPOS="537" WIDTH="124" HEIGHT="22" WC="0.92" CONTENT="hafsvatten"/><SP WIDTH="16" VPOS="537" HPOS="456"/>
							<String ID="string_81" HPOS="472" VPOS="538" WIDTH="69" HEIGHT="21" WC="0.96" CONTENT="skulle"/><SP WIDTH="16" VPOS="538" HPOS="541"/>
							<String ID="string_82" HPOS="557" VPOS="538" WIDTH="130" HEIGHT="21" WC="0.96" CONTENT="bestämmas"/><SP WIDTH="12" VPOS="538" HPOS="687"/>
							<String ID="string_83" HPOS="699" VPOS="539" WIDTH="32" HEIGHT="20" WC="0.93" CONTENT="till"/><SP WIDTH="12" VPOS="539" HPOS="731"/>
							<String ID="string_84" HPOS="743" VPOS="541" WIDTH="42" HEIGHT="18" WC="0.91" CONTENT="tre-"/>
						</TextLine>
						<TextLine ID="line_12" HPOS="38" VPOS="573" WIDTH="749" HEIGHT="27">
							<String ID="string_85" HPOS="38" VPOS="573" WIDTH="85" HEIGHT="21" WC="0.93" CONTENT="hundra"/><SP WIDTH="15" VPOS="573" HPOS="123"/>
							<String ID="string_86" HPOS="138" VPOS="573" WIDTH="90" HEIGHT="27" WC="0.93" CONTENT="famnar,"/><SP WIDTH="17" VPOS="573" HPOS="228"/>
							<String ID="string_87" HPOS="245" VPOS="573" WIDTH="74" HEIGHT="21" WC="0.96" CONTENT="såvida"/><SP WIDTH="15" VPOS="573" HPOS="319"/>
							<String ID="string_88" HPOS="334" VPOS="573" WIDTH="77" HEIGHT="21" WC="0.96" CONTENT="sådant"/><SP WIDTH="16" VPOS="573" HPOS="411"/>
							<String ID="string_89" HPOS="427" VPOS="573" WIDTH="64" HEIGHT="21" WC="0.96" CONTENT="äfven"/><SP WIDTH="11" VPOS="573" HPOS="491"/>
							<String ID="string_90" HPOS="502" VPOS="573" WIDTH="6" HEIGHT="21" WC="0.93" CONTENT="i"/><SP WIDTH="12" VPOS="573" HPOS="508"/>
							<String ID="string_91" HPOS="520" VPOS="573" WIDTH="96" HEIGHT="21" WC="0.92" CONTENT="talarens"/><SP WIDTH="10" VPOS="573" HPOS="616"/>
							<String ID="string_92" HPOS="626" VPOS="573" WIDTH="85" HEIGHT="21" WC="0.93" CONTENT="hemort"/><SP WIDTH="10" VPOS="573" HPOS="711"/>
							<String ID="string_93" HPOS="721" VPOS="573" WIDTH="66" HEIGHT="22" WC="0.91" CONTENT="Kors-"/>
						</TextLine>
						<TextLine ID="line_13" HPOS="37" VPOS="607" WIDTH="751" HEIGHT="29">
							<String ID="string_94" HPOS="37" VPOS="608" WIDTH="70" HEIGHT="21" WC="0.95" CONTENT="holms"/><SP WIDTH="21" VPOS="608" HPOS="107"/>
							<String ID="string_95" HPOS="128" VPOS="608" WIDTH="67" HEIGHT="21" WC="0.96" CONTENT="härad"/><SP WIDTH="19" VPOS="608" HPOS="195"/>
							<String ID="string_96" HPOS="214" VPOS="615" WIDTH="51" HEIGHT="14" WC="0.93" CONTENT="vore"/><SP WIDTH="21" VPOS="615" HPOS="265"/>
							<String ID="string_97" HPOS="286" VPOS="607" WIDTH="112" HEIGHT="29" WC="0.90" CONTENT="behöfligt."/><SP WIDTH="30" VPOS="607" HPOS="398"/>
							<String ID="string_98" HPOS="428" VPOS="608" WIDTH="139" HEIGHT="21" WC="0.96" CONTENT="Beträffande"/><SP WIDTH="19" VPOS="608" HPOS="567"/>
							<String ID="string_99" HPOS="586" VPOS="608" WIDTH="83" HEIGHT="28" WC="0.96" CONTENT="insjöar"/><SP WIDTH="20" VPOS="608" HPOS="669"/>
							<String ID="string_100" HPOS="689" VPOS="608" WIDTH="52" HEIGHT="21" WC="0.93" CONTENT="fann"/><SP WIDTH="16" VPOS="608" HPOS="741"/>
							<String ID="string_101" HPOS="757" VPOS="609" WIDTH="31" HEIGHT="20" WC="0.92" CONTENT="ta-"/>
						</TextLine>
						<TextLine ID="line_14" HPOS="38" VPOS="642" WIDTH="749" HEIGHT="29">
							<String ID="string_102" HPOS="38" VPOS="643" WIDTH="61" HEIGHT="21" WC="0.92" CONTENT="laren"/><SP WIDTH="16" VPOS="643" HPOS="99"/>
							<String ID="string_103" HPOS="115" VPOS="643" WIDTH="97" HEIGHT="20" WC="0.92" CONTENT="deremot"/><SP WIDTH="16" VPOS="643" HPOS="212"/>
							<String ID="string_104" HPOS="228" VPOS="643" WIDTH="166" HEIGHT="28" WC="0.96" CONTENT="bestämningen"/><SP WIDTH="16" VPOS="643" HPOS="394"/>
							<String ID="string_105" HPOS="410" VPOS="643" WIDTH="24" HEIGHT="20" WC="0.95" CONTENT="af"/><SP WIDTH="13" VPOS="643" HPOS="434"/>
							<String ID="string_106" HPOS="447" VPOS="642" WIDTH="121" HEIGHT="22" WC="0.93" CONTENT="tvåhundra"/><SP WIDTH="16" VPOS="642" HPOS="568"/>
							<String ID="string_107" HPOS="584" VPOS="643" WIDTH="84" HEIGHT="21" WC="0.91" CONTENT="famnar"/><SP WIDTH="15" VPOS="643" HPOS="668"/>
							<String ID="string_108" HPOS="683" VPOS="650" WIDTH="52" HEIGHT="14" WC="0.93" CONTENT="vara"/><SP WIDTH="11" VPOS="650" HPOS="735"/>
							<String ID="string_109" HPOS="746" VPOS="643" WIDTH="41" HEIGHT="20" WC="0.92" CONTENT="till-"/>
						</TextLine>
						<TextLine ID="line_15" HPOS="38" VPOS="677" WIDTH="751" HEIGHT="27">
							<String ID="string_110" HPOS="38" VPOS="677" WIDTH="94" HEIGHT="27" WC="0.92" CONTENT="räcklig,"/><SP WIDTH="15" VPOS="677" HPOS="132"/>
							<String ID="string_111" HPOS="147" VPOS="677" WIDTH="101" HEIGHT="21" WC="0.91" CONTENT="hvarföre"/><SP WIDTH="16" VPOS="677" HPOS="248"/>
							<String ID="string_112" HPOS="264" VPOS="677" WIDTH="83" HEIGHT="21" WC="0.96" CONTENT="talaren"/><SP WIDTH="15" VPOS="677" HPOS="347"/>
							<String ID="string_113" HPOS="362" VPOS="677" WIDTH="126" HEIGHT="27" WC="0.95" CONTENT="förordade,"/><SP WIDTH="16" VPOS="677" HPOS="488"/>
							<String ID="string_114" HPOS="504" VPOS="679" WIDTH="32" HEIGHT="19" WC="0.96" CONTENT="att"/><SP WIDTH="15" VPOS="679" HPOS="536"/>
							<String ID="string_115" HPOS="551" VPOS="679" WIDTH="31" HEIGHT="18" WC="0.96" CONTENT="ett"/><SP WIDTH="16" VPOS="679" HPOS="582"/>
							<String ID="string_116" HPOS="598" VPOS="677" WIDTH="77" HEIGHT="27" WC="0.95" CONTENT="tillägg"/><SP WIDTH="15" VPOS="677" HPOS="675"/>
							<String ID="string_117" HPOS="690" VPOS="677" WIDTH="6" HEIGHT="20" WC="0.96" CONTENT="i"/><SP WIDTH="17" VPOS="677" HPOS="696"/>
							<String ID="string_118" HPOS="713" VPOS="677" WIDTH="76" HEIGHT="21" WC="0.96" CONTENT="sådant"/>
						</TextLine>
						<TextLine ID="line_16" HPOS="39" VPOS="711" WIDTH="750" HEIGHT="28">
							<String ID="string_119" HPOS="39" VPOS="711" WIDTH="102" HEIGHT="21" WC="0.95" CONTENT="afseende"/><SP WIDTH="19" VPOS="711" HPOS="141"/>
							<String ID="string_120" HPOS="160" VPOS="711" WIDTH="66" HEIGHT="21" WC="0.96" CONTENT="måtte"/><SP WIDTH="20" VPOS="711" HPOS="226"/>
							<String ID="string_121" HPOS="246" VPOS="712" WIDTH="63" HEIGHT="27" WC="0.96" CONTENT="göras"/><SP WIDTH="19" VPOS="712" HPOS="309"/>
							<String ID="string_122" HPOS="328" VPOS="711" WIDTH="7" HEIGHT="21" WC="0.96" CONTENT="i"/><SP WIDTH="16" VPOS="711" HPOS="335"/>
							<String ID="string_123" HPOS="351" VPOS="711" WIDTH="97" HEIGHT="28" WC="0.96" CONTENT="enlighet"/><SP WIDTH="15" VPOS="711" HPOS="448"/>
							<String ID="string_124" HPOS="463" VPOS="712" WIDTH="50" HEIGHT="20" WC="0.96" CONTENT="med"/><SP WIDTH="15" VPOS="712" HPOS="513"/>
							<String ID="string_125" HPOS="528" VPOS="711" WIDTH="117" HEIGHT="21" WC="0.96" CONTENT="statsrådet"/><SP WIDTH="15" VPOS="711" HPOS="645"/>
							<String ID="string_126" HPOS="660" VPOS="718" WIDTH="41" HEIGHT="14" WC="0.93" CONTENT="von"/><SP WIDTH="17" VPOS="718" HPOS="701"/>
							<String ID="string_127" HPOS="718" VPOS="711" WIDTH="71" HEIGHT="21" WC="0.91" CONTENT="Borns"/>
						</TextLine>
						<TextLine ID="line_17" HPOS="39" VPOS="746" WIDTH="384" HEIGHT="27">
							<String ID="string_128" HPOS="39" VPOS="746" WIDTH="6" HEIGHT="20" WC="0.95" CONTENT="i"/><SP WIDTH="16" VPOS="746" HPOS="45"/>
							<String ID="string_129" HPOS="61" VPOS="746" WIDTH="107" HEIGHT="20" WC="0.93" CONTENT="utskottet"/><SP WIDTH="15" VPOS="746" HPOS="168"/>
							<String ID="string_130" HPOS="183" VPOS="746" WIDTH="83" HEIGHT="27" WC="0.91" CONTENT="afgifna"/><SP WIDTH="15" VPOS="746" HPOS="266"/>
							<String ID="string_131" HPOS="281" VPOS="746" WIDTH="142" HEIGHT="21" WC="0.96" CONTENT="reservation."/>
						</TextLine>
					</TextBlock>
					<TextBlock ID="block_4" HPOS="40" VPOS="779" WIDTH="750" HEIGHT="167">
						<TextLine ID="line_18" HPOS="107" VPOS="779" WIDTH="682" HEIGHT="29">
							<String ID="string_132" HPOS="107" VPOS="779" WIDTH="221" HEIGHT="29" WC="0.91" CONTENT="Landtdagsmannen"/><SP WIDTH="16" VPOS="779" HPOS="328"/>
							<String ID="string_133" HPOS="344" VPOS="780" WIDTH="128" HEIGHT="21" WC="0.91" CONTENT="Heikura"/><SP WIDTH="15" VPOS="780" HPOS="472"/>
							<String ID="string_134" HPOS="487" VPOS="780" WIDTH="101" HEIGHT="21" WC="0.92" CONTENT="förmälte"/><SP WIDTH="17" VPOS="780" HPOS="588"/>
							<String ID="string_135" HPOS="605" VPOS="780" WIDTH="32" HEIGHT="28" WC="0.96" CONTENT="sig"/><SP WIDTH="16" VPOS="780" HPOS="637"/>
							<String ID="string_136" HPOS="653" VPOS="780" WIDTH="48" HEIGHT="21" WC="0.96" CONTENT="icke"/><SP WIDTH="16" VPOS="780" HPOS="701"/>
							<String ID="string_137" HPOS="717" VPOS="780" WIDTH="72" HEIGHT="22" WC="0.96" CONTENT="känna"/>
						</TextLine>
						<TextLine ID="line_19" HPOS="40" VPOS="814" WIDTH="749" HEIGHT="28">
							<String ID="string_138" HPOS="40" VPOS="814" WIDTH="175" HEIGHT="21" WC="0.89" CONTENT="förhållanderne"/><SP WIDTH="16" VPOS="814" HPOS="215"/>
							<String ID="string_139" HPOS="231" VPOS="814" WIDTH="7" HEIGHT="20" WC="0.93" CONTENT="i"/><SP WIDTH="16" VPOS="814" HPOS="238"/>
							<String ID="string_140" HPOS="254" VPOS="814" WIDTH="90" HEIGHT="28" WC="0.91" CONTENT="saltsjön"/><SP WIDTH="17" VPOS="814" HPOS="344"/>
							<String ID="string_141" HPOS="361" VPOS="814" WIDTH="40" HEIGHT="21" WC="0.97" CONTENT="och"/><SP WIDTH="16" VPOS="814" HPOS="401"/>
							<String ID="string_142" HPOS="417" VPOS="814" WIDTH="71" HEIGHT="21" WC="0.93" CONTENT="kunde"/><SP WIDTH="16" VPOS="814" HPOS="488"/>
							<String ID="string_143" HPOS="504" VPOS="814" WIDTH="86" HEIGHT="21" WC="0.91" CONTENT="derföre"/><SP WIDTH="15" VPOS="814" HPOS="590"/>
							<String ID="string_144" HPOS="605" VPOS="814" WIDTH="48" HEIGHT="21" WC="0.95" CONTENT="icke"/><SP WIDTH="15" VPOS="814" HPOS="653"/>
							<String ID="string_145" HPOS="668" VPOS="814" WIDTH="121" HEIGHT="27" WC="0.95" CONTENT="bedömma,"/>
						</TextLine>
						<TextLine ID="line_20" HPOS="41" VPOS="842" WIDTH="749" HEIGHT="34">
							<String ID="string_146" HPOS="41" VPOS="848" WIDTH="106" HEIGHT="22" WC="0.96" CONTENT="huruvida"/><SP WIDTH="20" VPOS="848" HPOS="147"/>
							<String ID="string_147" HPOS="167" VPOS="848" WIDTH="166" HEIGHT="28" WC="0.96" CONTENT="bestämningen"/><SP WIDTH="16" VPOS="848" HPOS="333"/>
							<String ID="string_148" HPOS="349" VPOS="849" WIDTH="24" HEIGHT="21" WC="0.96" CONTENT="af"/><SP WIDTH="14" VPOS="849" HPOS="373"/>
							<String ID="string_149" HPOS="387" VPOS="848" WIDTH="120" HEIGHT="22" WC="0.93" CONTENT="tvåhundra"/><SP WIDTH="16" VPOS="848" HPOS="507"/>
							<String ID="string_150" HPOS="523" VPOS="848" WIDTH="85" HEIGHT="22" WC="0.91" CONTENT="famnar"/><SP WIDTH="15" VPOS="848" HPOS="608"/>
							<String ID="string_151" HPOS="623" VPOS="849" WIDTH="48" HEIGHT="21" WC="0.93" CONTENT="med"/><SP WIDTH="16" VPOS="849" HPOS="671"/>
							<String ID="string_152" HPOS="687" VPOS="842" WIDTH="103" HEIGHT="28" WC="0.91" CONTENT="afscende"/>
						</TextLine>
						<TextLine ID="line_21" HPOS="41" VPOS="883" WIDTH="749" HEIGHT="28">
							<String ID="string_153" HPOS="41" VPOS="884" WIDTH="12" HEIGHT="21" WC="0.92" CONTENT="å"/><SP WIDTH="16" VPOS="884" HPOS="53"/>
							<String ID="string_154" HPOS="69" VPOS="883" WIDTH="75" HEIGHT="28" WC="0.91" CONTENT="saltsjö"/><SP WIDTH="21" VPOS="883" HPOS="144"/>
							<String ID="string_155" HPOS="165" VPOS="890" WIDTH="50" HEIGHT="14" WC="0.96" CONTENT="vore"/><SP WIDTH="21" VPOS="890" HPOS="215"/>
							<String ID="string_156" HPOS="236" VPOS="883" WIDTH="34" HEIGHT="21" WC="0.96" CONTENT="för"/><SP WIDTH="20" VPOS="883" HPOS="270"/>
							<String ID="string_157" HPOS="290" VPOS="883" WIDTH="87" HEIGHT="28" WC="0.96" CONTENT="mycket"/><SP WIDTH="19" VPOS="883" HPOS="377"/>
							<String ID="string_158" HPOS="396" VPOS="883" WIDTH="54" HEIGHT="21" WC="0.96" CONTENT="eller"/><SP WIDTH="15" VPOS="883" HPOS="450"/>
							<String ID="string_159" HPOS="465" VPOS="884" WIDTH="33" HEIGHT="20" WC="0.96" CONTENT="för"/><SP WIDTH="16" VPOS="884" HPOS="498"/>
							<String ID="string_160" HPOS="514" VPOS="883" WIDTH="54" HEIGHT="21" WC="0.96" CONTENT="litet."/><SP WIDTH="31" VPOS="883" HPOS="568"/>
							<String ID="string_161" HPOS="599" VPOS="884" WIDTH="50" HEIGHT="20" WC="0.96" CONTENT="Men"/><SP WIDTH="16" VPOS="884" HPOS="649"/>
							<String ID="string_162" HPOS="665" VPOS="884" WIDTH="7" HEIGHT="20" WC="0.96" CONTENT="i"/><SP WIDTH="15" VPOS="884" HPOS="672"/>
							<String ID="string_163" HPOS="687" VPOS="883" WIDTH="103" HEIGHT="22" WC="0.96" CONTENT="afseende"/>
						</TextLine>
						<TextLine ID="line_22" HPOS="41" VPOS="918" WIDTH="507" HEIGHT="28">
							<String ID="string_164" HPOS="41" VPOS="919" WIDTH="12" HEIGHT="21" WC="0.88" CONTENT="å"/><SP WIDTH="15" VPOS="919" HPOS="53"/>
							<String ID="string_165" HPOS="68" VPOS="918" WIDTH="82" HEIGHT="28" WC="0.96" CONTENT="insjöar"/><SP WIDTH="16" VPOS="918" HPOS="150"/>
							<String ID="string_166" HPOS="166" VPOS="925" WIDTH="50" HEIGHT="14" WC="0.96" CONTENT="vore"/><SP WIDTH="15" VPOS="925" HPOS="216"/>
							<String ID="string_167" HPOS="231" VPOS="918" WIDTH="105" HEIGHT="28" WC="0.96" CONTENT="förslaget"/><SP WIDTH="16" VPOS="918" HPOS="336"/>
							<String ID="string_168" HPOS="352" VPOS="918" WIDTH="48" HEIGHT="21" WC="0.96" CONTENT="icke"/><SP WIDTH="16" VPOS="918" HPOS="400"/>
							<String ID="string_169" HPOS="416" VPOS="918" WIDTH="132" HEIGHT="28" WC="0.96" CONTENT="tillämpligt."/>
						</TextLine>
					</TextBlock>
					<TextBlock ID="block_5" HPOS="41" VPOS="952" WIDTH="753" HEIGHT="235">
						<TextLine ID="line_23" HPOS="109" VPOS="952" WIDTH="685" HEIGHT="29">
							<String ID="string_170" HPOS="109" VPOS="952" WIDTH="221" HEIGHT="28" WC="0.50" CONTENT="Tandtdagsmannen"/><SP WIDTH="22" VPOS="952" HPOS="330"/>
							<String ID="string_171" HPOS="352" VPOS="952" WIDTH="113" HEIGHT="22" WC="0.91" CONTENT="Simolin"/><SP WIDTH="25" VPOS="952" HPOS="465"/>
							<String ID="string_172" HPOS="490" VPOS="952" WIDTH="68" HEIGHT="28" WC="0.95" CONTENT="ansåg"/><SP WIDTH="23" VPOS="952" HPOS="558"/>
							<String ID="string_173" HPOS="581" VPOS="952" WIDTH="166" HEIGHT="29" WC="0.94" CONTENT="bestämningen"/><SP WIDTH="23" VPOS="952" HPOS="747"/>
							<String ID="string_174" HPOS="770" VPOS="953" WIDTH="24" HEIGHT="21" WC="0.97" CONTENT="af"/>
						</TextLine>
						<TextLine ID="line_24" HPOS="41" VPOS="987" WIDTH="750" HEIGHT="29">
							<String ID="string_175" HPOS="41" VPOS="988" WIDTH="122" HEIGHT="20" WC="0.92" CONTENT="tvähundra"/><SP WIDTH="14" VPOS="988" HPOS="163"/>
							<String ID="string_176" HPOS="177" VPOS="987" WIDTH="85" HEIGHT="21" WC="0.90" CONTENT="famnar"/><SP WIDTH="15" VPOS="987" HPOS="262"/>
							<String ID="string_177" HPOS="277" VPOS="994" WIDTH="52" HEIGHT="14" WC="0.96" CONTENT="vara"/><SP WIDTH="15" VPOS="994" HPOS="329"/>
							<String ID="string_178" HPOS="344" VPOS="988" WIDTH="34" HEIGHT="20" WC="0.93" CONTENT="för"/><SP WIDTH="15" VPOS="988" HPOS="378"/>
							<String ID="string_179" HPOS="393" VPOS="988" WIDTH="81" HEIGHT="28" WC="0.92" CONTENT="knapp,"/><SP WIDTH="15" VPOS="988" HPOS="474"/>
							<String ID="string_180" HPOS="489" VPOS="988" WIDTH="7" HEIGHT="20" WC="0.96" CONTENT="i"/><SP WIDTH="16" VPOS="988" HPOS="496"/>
							<String ID="string_181" HPOS="512" VPOS="987" WIDTH="38" HEIGHT="21" WC="0.92" CONTENT="fall"/><SP WIDTH="16" VPOS="987" HPOS="550"/>
							<String ID="string_182" HPOS="566" VPOS="987" WIDTH="108" HEIGHT="21" WC="0.91" CONTENT="afständet"/><SP WIDTH="10" VPOS="987" HPOS="674"/>
							<String ID="string_183" HPOS="684" VPOS="988" WIDTH="107" HEIGHT="20" WC="0.92" CONTENT="räknades"/>
						</TextLine>
						<TextLine ID="line_25" HPOS="41" VPOS="1022" WIDTH="750" HEIGHT="27">
							<String ID="string_184" HPOS="41" VPOS="1022" WIDTH="57" HEIGHT="21" WC="0.95" CONTENT="ifrån"/><SP WIDTH="15" VPOS="1022" HPOS="98"/>
							<String ID="string_185" HPOS="113" VPOS="1022" WIDTH="57" HEIGHT="21" WC="0.96" CONTENT="fasta"/><SP WIDTH="15" VPOS="1022" HPOS="170"/>
							<String ID="string_186" HPOS="185" VPOS="1022" WIDTH="73" HEIGHT="20" WC="0.96" CONTENT="landet"/><SP WIDTH="15" VPOS="1022" HPOS="258"/>
							<String ID="string_187" HPOS="273" VPOS="1022" WIDTH="40" HEIGHT="20" WC="0.93" CONTENT="och"/><SP WIDTH="16" VPOS="1022" HPOS="313"/>
							<String ID="string_188" HPOS="329" VPOS="1022" WIDTH="76" HEIGHT="20" WC="0.96" CONTENT="trodde"/><SP WIDTH="15" VPOS="1022" HPOS="405"/>
							<String ID="string_189" HPOS="420" VPOS="1023" WIDTH="32" HEIGHT="19" WC="0.93" CONTENT="att"/><SP WIDTH="15" VPOS="1023" HPOS="452"/>
							<String ID="string_190" HPOS="467" VPOS="1022" WIDTH="133" HEIGHT="27" WC="0.95" CONTENT="Blomqvists"/><SP WIDTH="11" VPOS="1022" HPOS="600"/>
							<String ID="string_191" HPOS="611" VPOS="1022" WIDTH="81" HEIGHT="27" WC="0.96" CONTENT="förslag"/><SP WIDTH="11" VPOS="1022" HPOS="692"/>
							<String ID="string_192" HPOS="703" VPOS="1029" WIDTH="34" HEIGHT="13" WC="0.93" CONTENT="om"/><SP WIDTH="13" VPOS="1029" HPOS="737"/>
							<String ID="string_193" HPOS="750" VPOS="1023" WIDTH="41" HEIGHT="19" WC="0.90" CONTENT="tre-"/>
						</TextLine>
						<TextLine ID="line_26" HPOS="41" VPOS="1055" WIDTH="750" HEIGHT="28">
							<String ID="string_194" HPOS="41" VPOS="1056" WIDTH="84" HEIGHT="21" WC="0.92" CONTENT="hundra"/><SP WIDTH="15" VPOS="1056" HPOS="125"/>
							<String ID="string_195" HPOS="140" VPOS="1057" WIDTH="85" HEIGHT="20" WC="0.92" CONTENT="famnar"/><SP WIDTH="13" VPOS="1057" HPOS="225"/>
							<String ID="string_196" HPOS="238" VPOS="1055" WIDTH="7" HEIGHT="21" WC="0.93" CONTENT="i"/><SP WIDTH="11" VPOS="1055" HPOS="245"/>
							<String ID="string_197" HPOS="256" VPOS="1056" WIDTH="67" HEIGHT="21" WC="0.92" CONTENT="sädan"/><SP WIDTH="11" VPOS="1056" HPOS="323"/>
							<String ID="string_198" HPOS="334" VPOS="1055" WIDTH="104" HEIGHT="22" WC="0.92" CONTENT="händelse"/><SP WIDTH="10" VPOS="1055" HPOS="438"/>
							<String ID="string_199" HPOS="448" VPOS="1055" WIDTH="68" HEIGHT="22" WC="0.93" CONTENT="borde"/><SP WIDTH="10" VPOS="1055" HPOS="516"/>
							<String ID="string_200" HPOS="526" VPOS="1057" WIDTH="97" HEIGHT="26" WC="0.91" CONTENT="antagas."/><SP WIDTH="26" VPOS="1057" HPOS="623"/>
							<String ID="string_201" HPOS="649" VPOS="1055" WIDTH="50" HEIGHT="21" WC="0.93" CONTENT="Men"/><SP WIDTH="12" VPOS="1055" HPOS="699"/>
							<String ID="string_202" HPOS="711" VPOS="1055" WIDTH="80" HEIGHT="21" WC="0.91" CONTENT="skedde"/>
						</TextLine>
						<TextLine ID="line_27" HPOS="42" VPOS="1089" WIDTH="749" HEIGHT="29">
							<String ID="string_203" HPOS="42" VPOS="1091" WIDTH="150" HEIGHT="27" WC="0.93" CONTENT="beräkningen"/><SP WIDTH="21" VPOS="1091" HPOS="192"/>
							<String ID="string_204" HPOS="213" VPOS="1090" WIDTH="97" HEIGHT="21" WC="0.92" CONTENT="deremot"/><SP WIDTH="20" VPOS="1090" HPOS="310"/>
							<String ID="string_205" HPOS="330" VPOS="1090" WIDTH="48" HEIGHT="21" WC="0.96" CONTENT="från"/><SP WIDTH="18" VPOS="1090" HPOS="378"/>
							<String ID="string_206" HPOS="396" VPOS="1091" WIDTH="85" HEIGHT="20" WC="0.96" CONTENT="holmar"/><SP WIDTH="15" VPOS="1091" HPOS="481"/>
							<String ID="string_207" HPOS="496" VPOS="1089" WIDTH="40" HEIGHT="22" WC="0.96" CONTENT="och"/><SP WIDTH="16" VPOS="1089" HPOS="536"/>
							<String ID="string_208" HPOS="552" VPOS="1090" WIDTH="70" HEIGHT="27" WC="0.4" CONTENT="grund"/><SP WIDTH="9" VPOS="1090" HPOS="622"/>
							<String ID="string_209" HPOS="631" VPOS="1091" WIDTH="63" HEIGHT="20" WC="0.4" CONTENT="-utom"/><SP WIDTH="17" VPOS="1091" HPOS="694"/>
							<String ID="string_210" HPOS="711" VPOS="1089" WIDTH="80" HEIGHT="27" WC="0.96" CONTENT="strand,"/>
						</TextLine>
						<TextLine ID="line_28" HPOS="42" VPOS="1124" WIDTH="751" HEIGHT="28">
							<String ID="string_211" HPOS="42" VPOS="1125" WIDTH="83" HEIGHT="20" WC="0.92" CONTENT="hvilket"/><SP WIDTH="15" VPOS="1125" HPOS="125"/>
							<String ID="string_212" HPOS="140" VPOS="1126" WIDTH="120" HEIGHT="19" WC="0.93" CONTENT="momentet"/><SP WIDTH="14" VPOS="1126" HPOS="260"/>
							<String ID="string_213" HPOS="274" VPOS="1124" WIDTH="146" HEIGHT="28" WC="0.92" CONTENT="förmodligen"/><SP WIDTH="16" VPOS="1124" HPOS="420"/>
							<String ID="string_214" HPOS="436" VPOS="1125" WIDTH="83" HEIGHT="27" WC="0.91" CONTENT="afsäge,"/><SP WIDTH="16" VPOS="1125" HPOS="519"/>
							<String ID="string_215" HPOS="535" VPOS="1131" WIDTH="52" HEIGHT="14" WC="0.92" CONTENT="vore"/><SP WIDTH="16" VPOS="1131" HPOS="587"/>
							<String ID="string_216" HPOS="603" VPOS="1124" WIDTH="122" HEIGHT="21" WC="0.92" CONTENT="tvähundra"/><SP WIDTH="14" VPOS="1124" HPOS="725"/>
							<String ID="string_217" HPOS="739" VPOS="1124" WIDTH="54" HEIGHT="21" WC="0.91" CONTENT="fam-"/>
						</TextLine>
						<TextLine ID="line_29" HPOS="44" VPOS="1159" WIDTH="486" HEIGHT="28">
							<String ID="string_218" HPOS="44" VPOS="1167" WIDTH="38" HEIGHT="13" WC="0.96" CONTENT="nar"/><SP WIDTH="17" VPOS="1167" HPOS="82"/>
							<String ID="string_219" HPOS="99" VPOS="1159" WIDTH="68" HEIGHT="28" WC="0.93" CONTENT="enligt"/><SP WIDTH="15" VPOS="1159" HPOS="167"/>
							<String ID="string_220" HPOS="182" VPOS="1159" WIDTH="95" HEIGHT="21" WC="0.92" CONTENT="talarens"/><SP WIDTH="15" VPOS="1159" HPOS="277"/>
							<String ID="string_221" HPOS="292" VPOS="1159" WIDTH="90" HEIGHT="28" WC="0.96" CONTENT="mening"/><SP WIDTH="15" VPOS="1159" HPOS="382"/>
							<String ID="string_222" HPOS="397" VPOS="1159" WIDTH="133" HEIGHT="27" WC="0.80" CONTENT="tillräckligt."/>
						</TextLine>
					</TextBlock>
					<TextBlock ID="block_6" HPOS="44" VPOS="1193" WIDTH="751" HEIGHT="269">
						<TextLine ID="line_30" HPOS="111" VPOS="1193" WIDTH="682" HEIGHT="29">
							<String ID="string_223" HPOS="111" VPOS="1194" WIDTH="222" HEIGHT="28" WC="0.88" CONTENT="Landtdagsmannen"/><SP WIDTH="24" VPOS="1194" HPOS="333"/>
							<String ID="string_224" HPOS="357" VPOS="1193" WIDTH="86" HEIGHT="21" WC="0.93" CONTENT="Klami"/><SP WIDTH="26" VPOS="1193" HPOS="443"/>
							<String ID="string_225" HPOS="469" VPOS="1194" WIDTH="100" HEIGHT="20" WC="0.92" CONTENT="förmälte"/><SP WIDTH="24" VPOS="1194" HPOS="569"/>
							<String ID="string_226" HPOS="593" VPOS="1193" WIDTH="33" HEIGHT="28" WC="0.93" CONTENT="sig"/><SP WIDTH="22" VPOS="1193" HPOS="626"/>
							<String ID="string_227" HPOS="648" VPOS="1193" WIDTH="48" HEIGHT="21" WC="0.91" CONTENT="icke"/><SP WIDTH="24" VPOS="1193" HPOS="696"/>
							<String ID="string_228" HPOS="720" VPOS="1194" WIDTH="73" HEIGHT="20" WC="0.96" CONTENT="kunna"/>
						</TextLine>
						<TextLine ID="line_31" HPOS="44" VPOS="1227" WIDTH="749" HEIGHT="29">
							<String ID="string_229" HPOS="44" VPOS="1228" WIDTH="52" HEIGHT="28" WC="0.88" CONTENT="gilla"/><SP WIDTH="16" VPOS="1228" HPOS="96"/>
							<String ID="string_230" HPOS="112" VPOS="1236" WIDTH="27" HEIGHT="13" WC="0.93" CONTENT="en"/><SP WIDTH="15" VPOS="1236" HPOS="139"/>
							<String ID="string_231" HPOS="154" VPOS="1228" WIDTH="139" HEIGHT="28" WC="0.92" CONTENT="bestämning"/><SP WIDTH="15" VPOS="1228" HPOS="293"/>
							<String ID="string_232" HPOS="308" VPOS="1228" WIDTH="24" HEIGHT="20" WC="0.93" CONTENT="af"/><SP WIDTH="12" VPOS="1228" HPOS="332"/>
							<String ID="string_233" HPOS="344" VPOS="1228" WIDTH="98" HEIGHT="21" WC="0.93" CONTENT="hvarken"/><SP WIDTH="16" VPOS="1228" HPOS="442"/>
							<String ID="string_234" HPOS="458" VPOS="1234" WIDTH="60" HEIGHT="15" WC="0.96" CONTENT="mera"/><SP WIDTH="16" VPOS="1234" HPOS="518"/>
							<String ID="string_235" HPOS="534" VPOS="1228" WIDTH="52" HEIGHT="20" WC="0.96" CONTENT="eller"/><SP WIDTH="17" VPOS="1228" HPOS="586"/>
							<String ID="string_236" HPOS="603" VPOS="1227" WIDTH="84" HEIGHT="21" WC="0.96" CONTENT="mindre"/><SP WIDTH="16" VPOS="1227" HPOS="687"/>
							<String ID="string_237" HPOS="703" VPOS="1228" WIDTH="26" HEIGHT="20" WC="0.96" CONTENT="än"/><SP WIDTH="16" VPOS="1228" HPOS="729"/>
							<String ID="string_238" HPOS="745" VPOS="1227" WIDTH="48" HEIGHT="27" WC="0.96" CONTENT="den,"/>
						</TextLine>
						<TextLine ID="line_32" HPOS="45" VPOS="1262" WIDTH="749" HEIGHT="28">
							<String ID="string_239" HPOS="45" VPOS="1270" WIDTH="45" HEIGHT="14" WC="0.93" CONTENT="som"/><SP WIDTH="20" VPOS="1270" HPOS="90"/>
							<String ID="string_240" HPOS="110" VPOS="1263" WIDTH="107" HEIGHT="21" WC="0.95" CONTENT="utskottet"/><SP WIDTH="20" VPOS="1263" HPOS="217"/>
							<String ID="string_241" HPOS="237" VPOS="1262" WIDTH="119" HEIGHT="28" WC="0.94" CONTENT="föreslagit."/><SP WIDTH="30" VPOS="1262" HPOS="356"/>
							<String ID="string_242" HPOS="386" VPOS="1262" WIDTH="65" HEIGHT="21" WC="0.84" CONTENT="Hvad"/><SP WIDTH="18" VPOS="1262" HPOS="451"/>
							<String ID="string_243" HPOS="469" VPOS="1262" WIDTH="120" HEIGHT="21" WC="0.90" CONTENT="beträffade"/><SP WIDTH="15" VPOS="1262" HPOS="589"/>
							<String ID="string_244" HPOS="604" VPOS="1262" WIDTH="132" HEIGHT="28" WC="0.93" CONTENT="Blomqvists"/><SP WIDTH="17" VPOS="1262" HPOS="736"/>
							<String ID="string_245" HPOS="753" VPOS="1263" WIDTH="41" HEIGHT="26" WC="0.92" CONTENT="ytt-"/>
						</TextLine>
						<TextLine ID="line_33" HPOS="44" VPOS="1296" WIDTH="751" HEIGHT="28">
							<String ID="string_246" HPOS="44" VPOS="1296" WIDTH="51" HEIGHT="22" WC="0.93" CONTENT="rade"/><SP WIDTH="16" VPOS="1296" HPOS="95"/>
							<String ID="string_247" HPOS="111" VPOS="1297" WIDTH="91" HEIGHT="27" WC="0.91" CONTENT="farhåga"/><SP WIDTH="15" VPOS="1297" HPOS="202"/>
							<String ID="string_248" HPOS="217" VPOS="1297" WIDTH="107" HEIGHT="26" WC="0.90" CONTENT="deröfver,"/><SP WIDTH="14" VPOS="1297" HPOS="324"/>
							<String ID="string_249" HPOS="338" VPOS="1298" WIDTH="32" HEIGHT="19" WC="0.96" CONTENT="att"/><SP WIDTH="15" VPOS="1298" HPOS="370"/>
							<String ID="string_250" HPOS="385" VPOS="1297" WIDTH="88" HEIGHT="27" WC="0.96" CONTENT="intrång"/><SP WIDTH="14" VPOS="1297" HPOS="473"/>
							<String ID="string_251" HPOS="487" VPOS="1296" WIDTH="87" HEIGHT="21" WC="0.96" CONTENT="komme"/><SP WIDTH="16" VPOS="1296" HPOS="574"/>
							<String ID="string_252" HPOS="590" VPOS="1297" WIDTH="32" HEIGHT="19" WC="0.96" CONTENT="att"/><SP WIDTH="15" VPOS="1297" HPOS="622"/>
							<String ID="string_253" HPOS="637" VPOS="1296" WIDTH="38" HEIGHT="20" WC="0.96" CONTENT="ske"/><SP WIDTH="14" VPOS="1296" HPOS="675"/>
							<String ID="string_254" HPOS="689" VPOS="1296" WIDTH="32" HEIGHT="20" WC="0.96" CONTENT="uti"/><SP WIDTH="11" VPOS="1296" HPOS="721"/>
							<String ID="string_255" HPOS="732" VPOS="1296" WIDTH="63" HEIGHT="21" WC="0.95" CONTENT="deras"/>
						</TextLine>
						<TextLine ID="line_34" HPOS="45" VPOS="1330" WIDTH="750" HEIGHT="28">
							<String ID="string_256" HPOS="45" VPOS="1333" WIDTH="51" HEIGHT="24" WC="0.96" CONTENT="rätt,"/><SP WIDTH="19" VPOS="1333" HPOS="96"/>
							<String ID="string_257" HPOS="115" VPOS="1331" WIDTH="89" HEIGHT="21" WC="0.58" CONTENT="hvilkas"/><SP WIDTH="21" VPOS="1331" HPOS="204"/>
							<String ID="string_258" HPOS="225" VPOS="1333" WIDTH="91" HEIGHT="25" WC="0.91" CONTENT="notvarp"/><SP WIDTH="21" VPOS="1333" HPOS="316"/>
							<String ID="string_259" HPOS="337" VPOS="1330" WIDTH="59" HEIGHT="22" WC="0.96" CONTENT="förut"/><SP WIDTH="21" VPOS="1330" HPOS="396"/>
							<String ID="string_260" HPOS="417" VPOS="1331" WIDTH="81" HEIGHT="20" WC="0.96" CONTENT="sträckt"/><SP WIDTH="22" VPOS="1331" HPOS="498"/>
							<String ID="string_261" HPOS="520" VPOS="1331" WIDTH="33" HEIGHT="25" WC="0.93" CONTENT="sig"/><SP WIDTH="20" VPOS="1331" HPOS="553"/>
							<String ID="string_262" HPOS="573" VPOS="1330" WIDTH="86" HEIGHT="20" WC="0.92" CONTENT="utöfver"/><SP WIDTH="15" VPOS="1330" HPOS="659"/>
							<String ID="string_263" HPOS="674" VPOS="1330" WIDTH="121" HEIGHT="21" WC="0.95" CONTENT="tvåhundra"/>
						</TextLine>
						<TextLine ID="line_35" HPOS="45" VPOS="1363" WIDTH="750" HEIGHT="28">
							<String ID="string_264" HPOS="45" VPOS="1364" WIDTH="91" HEIGHT="27" WC="0.92" CONTENT="famnar,"/><SP WIDTH="21" VPOS="1364" HPOS="136"/>
							<String ID="string_265" HPOS="157" VPOS="1365" WIDTH="24" HEIGHT="20" WC="0.93" CONTENT="så"/><SP WIDTH="19" VPOS="1365" HPOS="181"/>
							<String ID="string_266" HPOS="200" VPOS="1364" WIDTH="106" HEIGHT="21" WC="0.91" CONTENT="befunnes"/><SP WIDTH="20" VPOS="1364" HPOS="306"/>
							<String ID="string_267" HPOS="326" VPOS="1364" WIDTH="36" HEIGHT="21" WC="0.93" CONTENT="vid"/><SP WIDTH="17" VPOS="1364" HPOS="362"/>
							<String ID="string_268" HPOS="379" VPOS="1363" WIDTH="128" HEIGHT="28" WC="0.90" CONTENT="jemförelse"/><SP WIDTH="16" VPOS="1363" HPOS="507"/>
							<String ID="string_269" HPOS="523" VPOS="1363" WIDTH="47" HEIGHT="20" WC="0.96" CONTENT="af"/><SP WIDTH="-7" VPOS="1363" HPOS="570"/>
							<String ID="string_270" HPOS="563" VPOS="1359" WIDTH="14" HEIGHT="36" WC="0.96" CONTENT="1"/><SP WIDTH="12" VPOS="1359" HPOS="577"/>
							<String ID="string_271" HPOS="589" VPOS="1363" WIDTH="39" HEIGHT="20" WC="0.95" CONTENT="och"/><SP WIDTH="16" VPOS="1363" HPOS="628"/>
							<String ID="string_272" HPOS="644" VPOS="1364" WIDTH="12" HEIGHT="19" WC="0.93" CONTENT="2"/><SP WIDTH="15" VPOS="1364" HPOS="656"/>
							<String ID="string_273" HPOS="671" VPOS="1363" WIDTH="124" HEIGHT="27" WC="0.91" CONTENT="punkterne"/>
						</TextLine>
						<TextLine ID="line_36" HPOS="45" VPOS="1396" WIDTH="750" HEIGHT="30">
							<String ID="string_274" HPOS="45" VPOS="1401" WIDTH="32" HEIGHT="18" WC="0.93" CONTENT="att"/><SP WIDTH="20" VPOS="1401" HPOS="77"/>
							<String ID="string_275" HPOS="97" VPOS="1399" WIDTH="66" HEIGHT="27" WC="0.90" CONTENT="sagde"/><SP WIDTH="20" VPOS="1399" HPOS="163"/>
							<String ID="string_276" HPOS="183" VPOS="1398" WIDTH="90" HEIGHT="28" WC="0.92" CONTENT="farhåga"/><SP WIDTH="15" VPOS="1398" HPOS="273"/>
							<String ID="string_277" HPOS="288" VPOS="1397" WIDTH="48" HEIGHT="22" WC="0.93" CONTENT="icke"/><SP WIDTH="16" VPOS="1397" HPOS="336"/>
							<String ID="string_278" HPOS="352" VPOS="1397" WIDTH="123" HEIGHT="28" WC="0.91" CONTENT="förtjenade"/><SP WIDTH="16" VPOS="1397" HPOS="475"/>
							<String ID="string_279" HPOS="491" VPOS="1397" WIDTH="66" HEIGHT="28" WC="0.96" CONTENT="något"/><SP WIDTH="15" VPOS="1397" HPOS="557"/>
							<String ID="string_280" HPOS="572" VPOS="1397" WIDTH="110" HEIGHT="21" WC="0.96" CONTENT="afseende."/><SP WIDTH="30" VPOS="1397" HPOS="682"/>
							<String ID="string_281" HPOS="712" VPOS="1397" WIDTH="31" HEIGHT="27" WC="0.94" CONTENT="Ty"/><SP WIDTH="16" VPOS="1397" HPOS="743"/>
							<String ID="string_282" HPOS="759" VPOS="1396" WIDTH="36" HEIGHT="21" WC="0.96" CONTENT="det"/>
						</TextLine>
						<TextLine ID="line_37" HPOS="46" VPOS="1431" WIDTH="749" HEIGHT="31">
							<String ID="string_283" HPOS="46" VPOS="1433" WIDTH="115" HEIGHT="29" WC="0.96" CONTENT="stadgades"/><SP WIDTH="16" VPOS="1433" HPOS="161"/>
							<String ID="string_284" HPOS="177" VPOS="1433" WIDTH="154" HEIGHT="28" WC="0.96" CONTENT="uttryckligen,"/><SP WIDTH="16" VPOS="1433" HPOS="331"/>
							<String ID="string_285" HPOS="347" VPOS="1433" WIDTH="31" HEIGHT="21" WC="0.96" CONTENT="att"/><SP WIDTH="16" VPOS="1433" HPOS="378"/>
							<String ID="string_286" HPOS="394" VPOS="1431" WIDTH="37" HEIGHT="22" WC="0.96" CONTENT="der"/><SP WIDTH="16" VPOS="1431" HPOS="431"/>
							<String ID="string_287" HPOS="447" VPOS="1431" WIDTH="93" HEIGHT="28" WC="0.95" CONTENT="gammal"/><SP WIDTH="11" VPOS="1431" HPOS="540"/>
							<String ID="string_288" HPOS="551" VPOS="1431" WIDTH="104" HEIGHT="29" WC="0.96" CONTENT="rättighet"/><SP WIDTH="10" VPOS="1431" HPOS="655"/>
							<String ID="string_289" HPOS="665" VPOS="1431" WIDTH="59" HEIGHT="21" WC="0.96" CONTENT="förut"/><SP WIDTH="11" VPOS="1431" HPOS="724"/>
							<String ID="string_290" HPOS="735" VPOS="1431" WIDTH="60" HEIGHT="28" WC="0.95" CONTENT="gällt,"/>
						</TextLine>
					</TextBlock>
				</ComposedBlock>
			</PrintSpace>
		</Page>
	</Layout>
</alto>
