<?xml version="1.0" encoding="UTF-8"?>
<alto xmlns="http://www.loc.gov/standards/alto/ns-v3#" xmlns:xlink="http://www.w3.org/1999/xlink" xmlns:xsi="http://www.w3.org/2001/XMLSchema-instance" xsi:schemaLocation="http://www.loc.gov/standards/alto/ns-v3# http://www.loc.gov/alto/v3/alto-3-0.xsd">
	<Description>
		<MeasurementUnit>pixel</MeasurementUnit>
		<sourceImageInformation>
			<fileName>/tmp/tess_nbhxw1e1_input.PNG</fileName>
		</sourceImageInformation>
		<OCRProcessing ID="OCR_0">
			<ocrProcessingStep>
				<processingSoftware>
					<softwareName>tesseract 5.3.4</softwareName>
				</processingSoftware>
			</ocrProcessingStep>
		</OCRProcessing>
	</Description>
	<Layout>
		<Page WIDTH="981" HEIGHT="1700" PHYSICAL_IMG_NR="0" ID="page_0">
			<PrintSpace HPOS="0" VPOS="0" WIDTH="981" HEIGHT="1700">
				<ComposedBlock ID="cblock_0" HPOS="353" VPOS="123" WIDTH="405" HEIGHT="30">
					<TextBlock ID="block_0" HPOS="353" VPOS="123" WIDTH="405" HEIGHT="30">
						<TextLine ID="line_0" HPOS="353" VPOS="123" WIDTH="405" HEIGHT="30">
							<String ID="string_0" HPOS="353" VPOS="130" WIDTH="38" HEIGHT="18" WC="0.96" CONTENT="Den"/><SP WIDTH="12" VPOS="130" HPOS="391"/>
							<String ID="string_1" HPOS="403" VPOS="129" WIDTH="22" HEIGHT="19" WC="0.77" CONTENT="95"/><SP WIDTH="10" VPOS="129" HPOS="425"/>
							<String ID="string_2" HPOS="435" VPOS="128" WIDTH="36" HEIGHT="25" WC="0.95" CONTENT="jan."/><SP WIDTH="262" VPOS="128" HPOS="471"/>
							<String ID="string_3" HPOS="733" VPOS="123" WIDTH="25" HEIGHT="23" WC="0.67" CONTENT="17"/>
						</TextLine>
					</TextBlock>
				</ComposedBlock>
				<ComposedBlock ID="cblock_1" HPOS="32" VPOS="188" WIDTH="758" HEIGHT="1272">
					<TextBlock ID="block_1" HPOS="42" VPOS="188" WIDTH="748" HEIGHT="133">
						<TextLine ID="line_1" HPOS="112" VPOS="188" WIDTH="678" HEIGHT="31">
							<String ID="string_4" HPOS="112" VPOS="188" WIDTH="167" HEIGHT="30" WC="0.92" CONTENT="Propositionen"/><SP WIDTH="21" VPOS="188" HPOS="279"/>
							<String ID="string_5" HPOS="300" VPOS="190" WIDTH="40" HEIGHT="21" WC="0.93" CONTENT="och"/><SP WIDTH="20" VPOS="190" HPOS="340"/>
							<String ID="string_6" HPOS="360" VPOS="191" WIDTH="242" HEIGHT="28" WC="0.92" CONTENT="kontrapropositionen"/><SP WIDTH="20" VPOS="191" HPOS="602"/>
							<String ID="string_7" HPOS="622" VPOS="190" WIDTH="125" HEIGHT="28" WC="0.92" CONTENT="godkändes"/><SP WIDTH="19" VPOS="190" HPOS="747"/>
							<String ID="string_8" HPOS="766" VPOS="190" WIDTH="24" HEIGHT="22" WC="0.96" CONTENT="af"/>
						</TextLine>
						<TextLine ID="line_2" HPOS="43" VPOS="224" WIDTH="744" HEIGHT="28">
							<String ID="string_9" HPOS="43" VPOS="224" WIDTH="95" HEIGHT="27" WC="0.92" CONTENT="ständet;"/><SP WIDTH="16" VPOS="224" HPOS="138"/>
							<String ID="string_10" HPOS="154" VPOS="224" WIDTH="40" HEIGHT="21" WC="0.96" CONTENT="och"/><SP WIDTH="16" VPOS="224" HPOS="194"/>
							<String ID="string_11" HPOS="210" VPOS="225" WIDTH="26" HEIGHT="20" WC="0.92" CONTENT="dä"/><SP WIDTH="15" VPOS="225" HPOS="236"/>
							<String ID="string_12" HPOS="251" VPOS="224" WIDTH="96" HEIGHT="22" WC="0.92" CONTENT="härefter"/><SP WIDTH="16" VPOS="224" HPOS="347"/>
							<String ID="string_13" HPOS="363" VPOS="225" WIDTH="74" HEIGHT="21" WC="0.92" CONTENT="skreds"/><SP WIDTH="10" VPOS="225" HPOS="437"/>
							<String ID="string_14" HPOS="447" VPOS="226" WIDTH="34" HEIGHT="20" WC="0.93" CONTENT="till"/><SP WIDTH="9" VPOS="226" HPOS="481"/>
							<String ID="string_15" HPOS="490" VPOS="225" WIDTH="101" HEIGHT="27" WC="0.93" CONTENT="votering"/><SP WIDTH="9" VPOS="225" HPOS="591"/>
							<String ID="string_16" HPOS="600" VPOS="225" WIDTH="77" HEIGHT="21" WC="0.91" CONTENT="utföllo"/><SP WIDTH="11" VPOS="225" HPOS="677"/>
							<String ID="string_17" HPOS="688" VPOS="226" WIDTH="99" HEIGHT="20" WC="0.92" CONTENT="rösterne"/>
						</TextLine>
						<TextLine ID="line_3" HPOS="42" VPOS="258" WIDTH="745" HEIGHT="29">
							<String ID="string_18" HPOS="42" VPOS="258" WIDTH="50" HEIGHT="21" WC="0.93" CONTENT="med"/><SP WIDTH="14" VPOS="258" HPOS="92"/>
							<String ID="string_19" HPOS="106" VPOS="259" WIDTH="44" HEIGHT="21" WC="0.91" CONTENT="tolf"/><SP WIDTH="10" VPOS="259" HPOS="150"/>
							<String ID="string_20" HPOS="160" VPOS="259" WIDTH="24" HEIGHT="27" WC="0.96" CONTENT="ja"/><SP WIDTH="15" VPOS="259" HPOS="184"/>
							<String ID="string_21" HPOS="199" VPOS="260" WIDTH="59" HEIGHT="19" WC="0.96" CONTENT="emot"/><SP WIDTH="15" VPOS="260" HPOS="258"/>
							<String ID="string_22" HPOS="273" VPOS="260" WIDTH="26" HEIGHT="20" WC="0.96" CONTENT="28"/><SP WIDTH="15" VPOS="260" HPOS="299"/>
							<String ID="string_23" HPOS="314" VPOS="259" WIDTH="47" HEIGHT="27" WC="0.93" CONTENT="nej,"/><SP WIDTH="15" VPOS="259" HPOS="361"/>
							<String ID="string_24" HPOS="376" VPOS="259" WIDTH="141" HEIGHT="28" WC="0.92" CONTENT="hvarigenom"/><SP WIDTH="16" VPOS="259" HPOS="517"/>
							<String ID="string_25" HPOS="533" VPOS="258" WIDTH="85" HEIGHT="22" WC="0.92" CONTENT="ständet"/><SP WIDTH="10" VPOS="258" HPOS="618"/>
							<String ID="string_26" HPOS="628" VPOS="258" WIDTH="84" HEIGHT="22" WC="0.92" CONTENT="säledes"/><SP WIDTH="15" VPOS="258" HPOS="712"/>
							<String ID="string_27" HPOS="727" VPOS="260" WIDTH="60" HEIGHT="20" WC="0.92" CONTENT="anta-"/>
						</TextLine>
						<TextLine ID="line_4" HPOS="43" VPOS="292" WIDTH="295" HEIGHT="29">
							<String ID="string_28" HPOS="43" VPOS="292" WIDTH="32" HEIGHT="28" WC="0.91" CONTENT="git"/><SP WIDTH="14" VPOS="292" HPOS="75"/>
							<String ID="string_29" HPOS="89" VPOS="292" WIDTH="249" HEIGHT="29" WC="0.90" CONTENT="kontrapropositionen."/>
						</TextLine>
					</TextBlock>
					<TextBlock ID="block_2" HPOS="40" VPOS="326" WIDTH="746" HEIGHT="202">
						<TextLine ID="line_5" HPOS="110" VPOS="326" WIDTH="676" HEIGHT="29">
							<String ID="string_30" HPOS="110" VPOS="326" WIDTH="221" HEIGHT="29" WC="0.90" CONTENT="Landtdagsmannen"/><SP WIDTH="15" VPOS="326" HPOS="331"/>
							<String ID="string_31" HPOS="346" VPOS="327" WIDTH="86" HEIGHT="21" WC="0.93" CONTENT="Klami"/><SP WIDTH="20" VPOS="327" HPOS="432"/>
							<String ID="string_32" HPOS="452" VPOS="328" WIDTH="73" HEIGHT="21" WC="0.91" CONTENT="anhöll"/><SP WIDTH="14" VPOS="328" HPOS="525"/>
							<String ID="string_33" HPOS="539" VPOS="329" WIDTH="32" HEIGHT="20" WC="0.96" CONTENT="att"/><SP WIDTH="14" VPOS="329" HPOS="571"/>
							<String ID="string_34" HPOS="585" VPOS="326" WIDTH="54" HEIGHT="22" WC="0.96" CONTENT="hans"/><SP WIDTH="15" VPOS="326" HPOS="639"/>
							<String ID="string_35" HPOS="654" VPOS="326" WIDTH="83" HEIGHT="28" WC="0.96" CONTENT="förslag"/><SP WIDTH="15" VPOS="326" HPOS="737"/>
							<String ID="string_36" HPOS="752" VPOS="333" WIDTH="34" HEIGHT="15" WC="0.96" CONTENT="om"/>
						</TextLine>
						<TextLine ID="line_6" HPOS="42" VPOS="361" WIDTH="744" HEIGHT="29">
							<String ID="string_37" HPOS="42" VPOS="362" WIDTH="105" HEIGHT="28" WC="0.93" CONTENT="rättighet"/><SP WIDTH="15" VPOS="362" HPOS="147"/>
							<String ID="string_38" HPOS="162" VPOS="362" WIDTH="33" HEIGHT="20" WC="0.93" CONTENT="för"/><SP WIDTH="19" VPOS="362" HPOS="195"/>
							<String ID="string_39" HPOS="214" VPOS="362" WIDTH="93" HEIGHT="27" WC="0.92" CONTENT="jägaren"/><SP WIDTH="15" VPOS="362" HPOS="307"/>
							<String ID="string_40" HPOS="322" VPOS="364" WIDTH="32" HEIGHT="19" WC="0.93" CONTENT="att"/><SP WIDTH="23" VPOS="364" HPOS="354"/>
							<String ID="string_41" HPOS="377" VPOS="361" WIDTH="73" HEIGHT="29" WC="0.93" CONTENT="skjuta"/><SP WIDTH="18" VPOS="361" HPOS="450"/>
							<String ID="string_42" HPOS="468" VPOS="362" WIDTH="61" HEIGHT="21" WC="0.93" CONTENT="öfver"/><SP WIDTH="22" VPOS="362" HPOS="529"/>
							<String ID="string_43" HPOS="551" VPOS="362" WIDTH="52" HEIGHT="21" WC="0.93" CONTENT="räen"/><SP WIDTH="20" VPOS="362" HPOS="603"/>
							<String ID="string_44" HPOS="623" VPOS="362" WIDTH="23" HEIGHT="20" WC="0.96" CONTENT="in"/><SP WIDTH="14" VPOS="362" HPOS="646"/>
							<String ID="string_45" HPOS="660" VPOS="362" WIDTH="28" HEIGHT="27" WC="0.93" CONTENT="pä"/><SP WIDTH="15" VPOS="362" HPOS="688"/>
							<String ID="string_46" HPOS="703" VPOS="367" WIDTH="83" HEIGHT="15" WC="0.92" CONTENT="annans"/>
						</TextLine>
						<TextLine ID="line_7" HPOS="42" VPOS="396" WIDTH="743" HEIGHT="28">
							<String ID="string_47" HPOS="42" VPOS="396" WIDTH="96" HEIGHT="27" WC="0.92" CONTENT="omräde,"/><SP WIDTH="17" VPOS="396" HPOS="138"/>
							<String ID="string_48" HPOS="155" VPOS="398" WIDTH="55" HEIGHT="19" WC="0.93" CONTENT="samt"/><SP WIDTH="15" VPOS="398" HPOS="210"/>
							<String ID="string_49" HPOS="225" VPOS="396" WIDTH="79" HEIGHT="22" WC="0.93" CONTENT="förbud"/><SP WIDTH="15" VPOS="396" HPOS="304"/>
							<String ID="string_50" HPOS="319" VPOS="398" WIDTH="31" HEIGHT="19" WC="0.93" CONTENT="att"/><SP WIDTH="15" VPOS="398" HPOS="350"/>
							<String ID="string_51" HPOS="365" VPOS="396" WIDTH="112" HEIGHT="22" WC="0.93" CONTENT="derstädes"/><SP WIDTH="15" VPOS="396" HPOS="477"/>
							<String ID="string_52" HPOS="492" VPOS="396" WIDTH="135" HEIGHT="22" WC="0.92" CONTENT="annorlunda"/><SP WIDTH="14" VPOS="396" HPOS="627"/>
							<String ID="string_53" HPOS="641" VPOS="396" WIDTH="90" HEIGHT="28" WC="0.92" CONTENT="förfölja"/><SP WIDTH="15" VPOS="396" HPOS="731"/>
							<String ID="string_54" HPOS="746" VPOS="396" WIDTH="39" HEIGHT="21" WC="0.96" CONTENT="och"/>
						</TextLine>
						<TextLine ID="line_8" HPOS="42" VPOS="430" WIDTH="744" HEIGHT="28">
							<String ID="string_55" HPOS="42" VPOS="430" WIDTH="56" HEIGHT="22" WC="0.91" CONTENT="döda"/><SP WIDTH="16" VPOS="430" HPOS="98"/>
							<String ID="string_56" HPOS="114" VPOS="431" WIDTH="72" HEIGHT="21" WC="0.92" CONTENT="säradt"/><SP WIDTH="15" VPOS="431" HPOS="186"/>
							<String ID="string_57" HPOS="201" VPOS="430" WIDTH="116" HEIGHT="27" WC="0.90" CONTENT="villebräd,"/><SP WIDTH="20" VPOS="430" HPOS="317"/>
							<String ID="string_58" HPOS="337" VPOS="431" WIDTH="66" HEIGHT="21" WC="0.92" CONTENT="mätte"/><SP WIDTH="16" VPOS="431" HPOS="403"/>
							<String ID="string_59" HPOS="419" VPOS="431" WIDTH="130" HEIGHT="21" WC="0.90" CONTENT="framställas"/><SP WIDTH="16" VPOS="431" HPOS="549"/>
							<String ID="string_60" HPOS="565" VPOS="430" WIDTH="32" HEIGHT="22" WC="0.93" CONTENT="till"/><SP WIDTH="20" VPOS="430" HPOS="597"/>
							<String ID="string_61" HPOS="617" VPOS="430" WIDTH="95" HEIGHT="22" WC="0.93" CONTENT="ständets"/><SP WIDTH="15" VPOS="430" HPOS="712"/>
							<String ID="string_62" HPOS="727" VPOS="430" WIDTH="59" HEIGHT="28" WC="0.92" CONTENT="pröf-"/>
						</TextLine>
						<TextLine ID="line_9" HPOS="40" VPOS="464" WIDTH="746" HEIGHT="30">
							<String ID="string_63" HPOS="40" VPOS="465" WIDTH="54" HEIGHT="29" WC="0.96" CONTENT="ning"/><SP WIDTH="16" VPOS="465" HPOS="94"/>
							<String ID="string_64" HPOS="110" VPOS="467" WIDTH="54" HEIGHT="19" WC="0.93" CONTENT="samt"/><SP WIDTH="15" VPOS="467" HPOS="164"/>
							<String ID="string_65" HPOS="179" VPOS="465" WIDTH="76" HEIGHT="28" WC="0.93" CONTENT="läggas"/><SP WIDTH="15" VPOS="465" HPOS="255"/>
							<String ID="string_66" HPOS="270" VPOS="465" WIDTH="33" HEIGHT="21" WC="0.96" CONTENT="till"/><SP WIDTH="16" VPOS="465" HPOS="303"/>
							<String ID="string_67" HPOS="319" VPOS="464" WIDTH="48" HEIGHT="23" WC="0.96" CONTENT="dess"/><SP WIDTH="20" VPOS="464" HPOS="367"/>
							<String ID="string_68" HPOS="387" VPOS="465" WIDTH="52" HEIGHT="21" WC="0.96" CONTENT="sista"/><SP WIDTH="20" VPOS="465" HPOS="439"/>
							<String ID="string_69" HPOS="459" VPOS="466" WIDTH="72" HEIGHT="20" WC="0.93" CONTENT="beslut"/><SP WIDTH="22" VPOS="466" HPOS="531"/>
							<String ID="string_70" HPOS="553" VPOS="465" WIDTH="70" HEIGHT="21" WC="0.93" CONTENT="säsom"/><SP WIDTH="20" VPOS="465" HPOS="623"/>
							<String ID="string_71" HPOS="643" VPOS="472" WIDTH="28" HEIGHT="14" WC="0.93" CONTENT="en"/><SP WIDTH="15" VPOS="472" HPOS="671"/>
							<String ID="string_72" HPOS="686" VPOS="466" WIDTH="100" HEIGHT="20" WC="0.92" CONTENT="närmare"/>
						</TextLine>
						<TextLine ID="line_10" HPOS="42" VPOS="499" WIDTH="223" HEIGHT="29">
							<String ID="string_73" HPOS="42" VPOS="499" WIDTH="140" HEIGHT="29" WC="0.91" CONTENT="bestämning"/><SP WIDTH="15" VPOS="499" HPOS="182"/>
							<String ID="string_74" HPOS="197" VPOS="500" WIDTH="68" HEIGHT="21" WC="0.91" CONTENT="deraf."/>
						</TextLine>
					</TextBlock>
					<TextBlock ID="block_3" HPOS="40" VPOS="534" WIDTH="746" HEIGHT="133">
						<TextLine ID="line_11" HPOS="108" VPOS="534" WIDTH="678" HEIGHT="29">
							<String ID="string_75" HPOS="108" VPOS="534" WIDTH="221" HEIGHT="28" WC="0.92" CONTENT="Landtdagsmannen"/><SP WIDTH="12" VPOS="534" HPOS="329"/>
							<String ID="string_76" HPOS="341" VPOS="534" WIDTH="98" HEIGHT="22" WC="0.93" CONTENT="Simula"/><SP WIDTH="9" VPOS="534" HPOS="439"/>
							<String ID="string_77" HPOS="448" VPOS="535" WIDTH="84" HEIGHT="28" WC="0.93" CONTENT="yttrade"/><SP WIDTH="11" VPOS="535" HPOS="532"/>
							<String ID="string_78" HPOS="543" VPOS="536" WIDTH="31" HEIGHT="20" WC="0.93" CONTENT="att"/><SP WIDTH="11" VPOS="536" HPOS="574"/>
							<String ID="string_79" HPOS="585" VPOS="534" WIDTH="96" HEIGHT="22" WC="0.92" CONTENT="ständets"/><SP WIDTH="10" VPOS="534" HPOS="681"/>
							<String ID="string_80" HPOS="691" VPOS="534" WIDTH="95" HEIGHT="21" WC="0.96" CONTENT="nämnda"/>
						</TextLine>
						<TextLine ID="line_12" HPOS="41" VPOS="568" WIDTH="743" HEIGHT="30">
							<String ID="string_81" HPOS="41" VPOS="568" WIDTH="71" HEIGHT="23" WC="0.93" CONTENT="beslut"/><SP WIDTH="14" VPOS="568" HPOS="112"/>
							<String ID="string_82" HPOS="126" VPOS="576" WIDTH="52" HEIGHT="15" WC="0.92" CONTENT="vore"/><SP WIDTH="20" VPOS="576" HPOS="178"/>
							<String ID="string_83" HPOS="198" VPOS="569" WIDTH="34" HEIGHT="22" WC="0.93" CONTENT="för"/><SP WIDTH="20" VPOS="569" HPOS="232"/>
							<String ID="string_84" HPOS="252" VPOS="569" WIDTH="123" HEIGHT="22" WC="0.91" CONTENT="ändamälet"/><SP WIDTH="21" VPOS="569" HPOS="375"/>
							<String ID="string_85" HPOS="396" VPOS="570" WIDTH="136" HEIGHT="28" WC="0.93" CONTENT="fullständigt"/><SP WIDTH="19" VPOS="570" HPOS="532"/>
							<String ID="string_86" HPOS="551" VPOS="571" WIDTH="52" HEIGHT="20" WC="0.93" CONTENT="utan"/><SP WIDTH="16" VPOS="571" HPOS="603"/>
							<String ID="string_87" HPOS="619" VPOS="569" WIDTH="66" HEIGHT="29" WC="0.92" CONTENT="nägot"/><SP WIDTH="13" VPOS="569" HPOS="685"/>
							<String ID="string_88" HPOS="698" VPOS="569" WIDTH="86" HEIGHT="28" WC="0.88" CONTENT="tillägg,"/>
						</TextLine>
						<TextLine ID="line_13" HPOS="41" VPOS="604" WIDTH="743" HEIGHT="29">
							<String ID="string_89" HPOS="41" VPOS="605" WIDTH="39" HEIGHT="20" WC="0.93" CONTENT="och"/><SP WIDTH="16" VPOS="605" HPOS="80"/>
							<String ID="string_90" HPOS="96" VPOS="604" WIDTH="112" HEIGHT="21" WC="0.93" CONTENT="anmärkte"/><SP WIDTH="16" VPOS="604" HPOS="208"/>
							<String ID="string_91" HPOS="224" VPOS="605" WIDTH="34" HEIGHT="20" WC="0.93" CONTENT="för"/><SP WIDTH="21" VPOS="605" HPOS="258"/>
							<String ID="string_92" HPOS="279" VPOS="604" WIDTH="66" HEIGHT="28" WC="0.89" CONTENT="öfrigt"/><SP WIDTH="15" VPOS="604" HPOS="345"/>
							<String ID="string_93" HPOS="360" VPOS="605" WIDTH="31" HEIGHT="20" WC="0.96" CONTENT="att"/><SP WIDTH="15" VPOS="605" HPOS="391"/>
							<String ID="string_94" HPOS="406" VPOS="604" WIDTH="73" HEIGHT="22" WC="0.96" CONTENT="Klami"/><SP WIDTH="15" VPOS="604" HPOS="479"/>
							<String ID="string_95" HPOS="494" VPOS="611" WIDTH="78" HEIGHT="22" WC="0.96" CONTENT="genom"/><SP WIDTH="16" VPOS="611" HPOS="572"/>
							<String ID="string_96" HPOS="588" VPOS="604" WIDTH="47" HEIGHT="21" WC="0.93" CONTENT="sina"/><SP WIDTH="15" VPOS="604" HPOS="635"/>
							<String ID="string_97" HPOS="650" VPOS="604" WIDTH="79" HEIGHT="28" WC="0.92" CONTENT="mänga"/><SP WIDTH="15" VPOS="604" HPOS="729"/>
							<String ID="string_98" HPOS="744" VPOS="604" WIDTH="40" HEIGHT="21" WC="0.97" CONTENT="och"/>
						</TextLine>
						<TextLine ID="line_14" HPOS="40" VPOS="639" WIDTH="647" HEIGHT="28">
							<String ID="string_99" HPOS="40" VPOS="639" WIDTH="64" HEIGHT="28" WC="0.96" CONTENT="långa"/><SP WIDTH="16" VPOS="639" HPOS="104"/>
							<String ID="string_100" HPOS="120" VPOS="639" WIDTH="133" HEIGHT="21" WC="0.96" CONTENT="anföranden"/><SP WIDTH="17" VPOS="639" HPOS="253"/>
							<String ID="string_101" HPOS="270" VPOS="639" WIDTH="89" HEIGHT="28" WC="0.93" CONTENT="onödigt"/><SP WIDTH="15" VPOS="639" HPOS="359"/>
							<String ID="string_102" HPOS="374" VPOS="639" WIDTH="98" HEIGHT="28" WC="0.78" CONTENT="uttänjde"/><SP WIDTH="15" VPOS="639" HPOS="472"/>
							<String ID="string_103" HPOS="487" VPOS="639" WIDTH="200" HEIGHT="27" WC="0.91" CONTENT="förhandlingarne."/>
						</TextLine>
					</TextBlock>
					<TextBlock ID="block_4" HPOS="39" VPOS="667" WIDTH="745" HEIGHT="104">
						<TextLine ID="line_15" HPOS="107" VPOS="667" WIDTH="677" HEIGHT="35">
							<String ID="string_104" HPOS="107" VPOS="673" WIDTH="221" HEIGHT="29" WC="0.92" CONTENT="Landtdagsmannen"/><SP WIDTH="16" VPOS="673" HPOS="328"/>
							<String ID="string_105" HPOS="344" VPOS="667" WIDTH="108" HEIGHT="35" WC="0.93" CONTENT="Östring"/><SP WIDTH="14" VPOS="667" HPOS="452"/>
							<String ID="string_106" HPOS="466" VPOS="673" WIDTH="107" HEIGHT="22" WC="0.92" CONTENT="instämde"/><SP WIDTH="16" VPOS="673" HPOS="573"/>
							<String ID="string_107" HPOS="589" VPOS="673" WIDTH="45" HEIGHT="21" WC="0.92" CONTENT="deri"/><SP WIDTH="11" VPOS="673" HPOS="634"/>
							<String ID="string_108" HPOS="645" VPOS="675" WIDTH="31" HEIGHT="19" WC="0.93" CONTENT="att"/><SP WIDTH="15" VPOS="675" HPOS="676"/>
							<String ID="string_109" HPOS="691" VPOS="673" WIDTH="93" HEIGHT="22" WC="0.92" CONTENT="bestäm-"/>
						</TextLine>
						<TextLine ID="line_16" HPOS="39" VPOS="707" WIDTH="745" HEIGHT="30">
							<String ID="string_110" HPOS="39" VPOS="707" WIDTH="53" HEIGHT="29" WC="0.96" CONTENT="ning"/><SP WIDTH="16" VPOS="707" HPOS="92"/>
							<String ID="string_111" HPOS="108" VPOS="709" WIDTH="23" HEIGHT="20" WC="0.93" CONTENT="af"/><SP WIDTH="13" VPOS="709" HPOS="131"/>
							<String ID="string_112" HPOS="144" VPOS="709" WIDTH="123" HEIGHT="26" WC="0.92" CONTENT="famntalet,"/><SP WIDTH="24" VPOS="709" HPOS="267"/>
							<String ID="string_113" HPOS="291" VPOS="708" WIDTH="55" HEIGHT="21" WC="0.93" CONTENT="huru"/><SP WIDTH="22" VPOS="708" HPOS="346"/>
							<String ID="string_114" HPOS="368" VPOS="708" WIDTH="61" HEIGHT="28" WC="0.92" CONTENT="längt"/><SP WIDTH="18" VPOS="708" HPOS="429"/>
							<String ID="string_115" HPOS="447" VPOS="709" WIDTH="23" HEIGHT="21" WC="0.96" CONTENT="in"/><SP WIDTH="19" VPOS="709" HPOS="470"/>
							<String ID="string_116" HPOS="489" VPOS="709" WIDTH="28" HEIGHT="28" WC="0.93" CONTENT="pä"/><SP WIDTH="15" VPOS="709" HPOS="517"/>
							<String ID="string_117" HPOS="532" VPOS="715" WIDTH="83" HEIGHT="14" WC="0.91" CONTENT="annans"/><SP WIDTH="16" VPOS="715" HPOS="615"/>
							<String ID="string_118" HPOS="631" VPOS="707" WIDTH="86" HEIGHT="22" WC="0.92" CONTENT="omräde"/><SP WIDTH="16" VPOS="707" HPOS="717"/>
							<String ID="string_119" HPOS="733" VPOS="714" WIDTH="51" HEIGHT="15" WC="0.96" CONTENT="man"/>
						</TextLine>
						<TextLine ID="line_17" HPOS="39" VPOS="743" WIDTH="623" HEIGHT="28">
							<String ID="string_120" HPOS="39" VPOS="743" WIDTH="57" HEIGHT="28" WC="0.96" CONTENT="finge"/><SP WIDTH="16" VPOS="743" HPOS="96"/>
							<String ID="string_121" HPOS="112" VPOS="743" WIDTH="88" HEIGHT="28" WC="0.93" CONTENT="förfölja"/><SP WIDTH="14" VPOS="743" HPOS="200"/>
							<String ID="string_122" HPOS="214" VPOS="743" WIDTH="73" HEIGHT="21" WC="0.92" CONTENT="säradt"/><SP WIDTH="14" VPOS="743" HPOS="287"/>
							<String ID="string_123" HPOS="301" VPOS="743" WIDTH="116" HEIGHT="27" WC="0.95" CONTENT="villebråd,"/><SP WIDTH="14" VPOS="743" HPOS="417"/>
							<String ID="string_124" HPOS="431" VPOS="743" WIDTH="48" HEIGHT="21" WC="0.96" CONTENT="icke"/><SP WIDTH="15" VPOS="743" HPOS="479"/>
							<String ID="string_125" HPOS="494" VPOS="749" WIDTH="52" HEIGHT="15" WC="0.93" CONTENT="vore"/><SP WIDTH="15" VPOS="749" HPOS="546"/>
							<String ID="string_126" HPOS="561" VPOS="743" WIDTH="101" HEIGHT="28" WC="0.36" CONTENT="behöflig."/>
						</TextLine>
					</TextBlock>
					<TextBlock ID="block_5" HPOS="38" VPOS="777" WIDTH="745" HEIGHT="167">
						<TextLine ID="line_18" HPOS="106" VPOS="777" WIDTH="677" HEIGHT="28">
							<String ID="string_127" HPOS="106" VPOS="777" WIDTH="221" HEIGHT="28" WC="0.91" CONTENT="Landtdagsmannen"/><SP WIDTH="15" VPOS="777" HPOS="327"/>
							<String ID="string_128" HPOS="342" VPOS="777" WIDTH="137" HEIGHT="28" WC="0.91" CONTENT="Paajanen"/><SP WIDTH="11" VPOS="777" HPOS="479"/>
							<String ID="string_129" HPOS="490" VPOS="777" WIDTH="103" HEIGHT="22" WC="0.96" CONTENT="förenade"/><SP WIDTH="11" VPOS="777" HPOS="593"/>
							<String ID="string_130" HPOS="604" VPOS="777" WIDTH="33" HEIGHT="28" WC="0.96" CONTENT="sig"/><SP WIDTH="13" VPOS="777" HPOS="637"/>
							<String ID="string_131" HPOS="650" VPOS="777" WIDTH="50" HEIGHT="21" WC="0.93" CONTENT="med"/><SP WIDTH="9" VPOS="777" HPOS="700"/>
							<String ID="string_132" HPOS="709" VPOS="777" WIDTH="74" HEIGHT="21" WC="0.92" CONTENT="Klami"/>
						</TextLine>
						<TextLine ID="line_19" HPOS="40" VPOS="811" WIDTH="742" HEIGHT="29">
							<String ID="string_133" HPOS="40" VPOS="812" WIDTH="39" HEIGHT="21" WC="0.96" CONTENT="och"/><SP WIDTH="15" VPOS="812" HPOS="79"/>
							<String ID="string_134" HPOS="94" VPOS="811" WIDTH="124" HEIGHT="22" WC="0.96" CONTENT="förklarade"/><SP WIDTH="16" VPOS="811" HPOS="218"/>
							<String ID="string_135" HPOS="234" VPOS="813" WIDTH="31" HEIGHT="20" WC="0.96" CONTENT="att"/><SP WIDTH="16" VPOS="813" HPOS="265"/>
							<String ID="string_136" HPOS="281" VPOS="811" WIDTH="40" HEIGHT="22" WC="0.92" CONTENT="den"/><SP WIDTH="13" VPOS="811" HPOS="321"/>
							<String ID="string_137" HPOS="334" VPOS="812" WIDTH="123" HEIGHT="28" WC="0.91" CONTENT="jordegare,"/><SP WIDTH="15" VPOS="812" HPOS="457"/>
							<String ID="string_138" HPOS="472" VPOS="812" WIDTH="88" HEIGHT="21" WC="0.96" CONTENT="hvilken"/><SP WIDTH="11" VPOS="812" HPOS="560"/>
							<String ID="string_139" HPOS="571" VPOS="811" WIDTH="55" HEIGHT="21" WC="0.96" CONTENT="hade"/><SP WIDTH="11" VPOS="811" HPOS="626"/>
							<String ID="string_140" HPOS="637" VPOS="811" WIDTH="63" HEIGHT="22" WC="0.96" CONTENT="smalt"/><SP WIDTH="11" VPOS="811" HPOS="700"/>
							<String ID="string_141" HPOS="711" VPOS="812" WIDTH="71" HEIGHT="27" WC="0.96" CONTENT="skifte,"/>
						</TextLine>
						<TextLine ID="line_20" HPOS="38" VPOS="846" WIDTH="745" HEIGHT="29">
							<String ID="string_142" HPOS="38" VPOS="846" WIDTH="72" HEIGHT="21" WC="0.96" CONTENT="kunde"/><SP WIDTH="15" VPOS="846" HPOS="110"/>
							<String ID="string_143" HPOS="125" VPOS="853" WIDTH="79" HEIGHT="22" WC="0.96" CONTENT="genom"/><SP WIDTH="15" VPOS="853" HPOS="204"/>
							<String ID="string_144" HPOS="219" VPOS="847" WIDTH="48" HEIGHT="20" WC="0.93" CONTENT="sina"/><SP WIDTH="13" VPOS="847" HPOS="267"/>
							<String ID="string_145" HPOS="280" VPOS="847" WIDTH="129" HEIGHT="27" WC="0.92" CONTENT="rågrannars"/><SP WIDTH="16" VPOS="847" HPOS="409"/>
							<String ID="string_146" HPOS="425" VPOS="847" WIDTH="71" HEIGHT="28" WC="0.96" CONTENT="skytte"/><SP WIDTH="16" VPOS="847" HPOS="496"/>
							<String ID="string_147" HPOS="512" VPOS="847" WIDTH="27" HEIGHT="27" WC="0.96" CONTENT="gå"/><SP WIDTH="15" VPOS="847" HPOS="539"/>
							<String ID="string_148" HPOS="554" VPOS="846" WIDTH="101" HEIGHT="28" WC="0.96" CONTENT="förlustig"/><SP WIDTH="13" VPOS="846" HPOS="655"/>
							<String ID="string_149" HPOS="668" VPOS="846" WIDTH="39" HEIGHT="21" WC="0.93" CONTENT="allt"/><SP WIDTH="14" VPOS="846" HPOS="707"/>
							<String ID="string_150" HPOS="721" VPOS="846" WIDTH="62" HEIGHT="21" WC="0.91" CONTENT="ville-"/>
						</TextLine>
						<TextLine ID="line_21" HPOS="38" VPOS="881" WIDTH="744" HEIGHT="28">
							<String ID="string_151" HPOS="38" VPOS="881" WIDTH="53" HEIGHT="21" WC="0.93" CONTENT="bråd"/><SP WIDTH="15" VPOS="881" HPOS="91"/>
							<String ID="string_152" HPOS="106" VPOS="882" WIDTH="12" HEIGHT="20" WC="0.92" CONTENT="&amp;"/><SP WIDTH="16" VPOS="882" HPOS="118"/>
							<String ID="string_153" HPOS="134" VPOS="888" WIDTH="54" HEIGHT="21" WC="0.96" CONTENT="egen"/><SP WIDTH="16" VPOS="888" HPOS="188"/>
							<String ID="string_154" HPOS="204" VPOS="881" WIDTH="68" HEIGHT="26" WC="0.93" CONTENT="mark,"/><SP WIDTH="16" VPOS="881" HPOS="272"/>
							<String ID="string_155" HPOS="288" VPOS="881" WIDTH="73" HEIGHT="21" WC="0.92" CONTENT="derest"/><SP WIDTH="14" VPOS="881" HPOS="361"/>
							<String ID="string_156" HPOS="375" VPOS="881" WIDTH="43" HEIGHT="21" WC="0.96" CONTENT="han"/><SP WIDTH="16" VPOS="881" HPOS="418"/>
							<String ID="string_157" HPOS="434" VPOS="881" WIDTH="47" HEIGHT="22" WC="0.93" CONTENT="icke"/><SP WIDTH="20" VPOS="881" HPOS="481"/>
							<String ID="string_158" HPOS="501" VPOS="881" WIDTH="146" HEIGHT="28" WC="0.92" CONTENT="berättigades"/><SP WIDTH="16" VPOS="881" HPOS="647"/>
							<String ID="string_159" HPOS="663" VPOS="882" WIDTH="32" HEIGHT="20" WC="0.96" CONTENT="att"/><SP WIDTH="15" VPOS="882" HPOS="695"/>
							<String ID="string_160" HPOS="710" VPOS="881" WIDTH="72" HEIGHT="28" WC="0.96" CONTENT="skjuta"/>
						</TextLine>
						<TextLine ID="line_22" HPOS="39" VPOS="915" WIDTH="555" HEIGHT="29">
							<String ID="string_161" HPOS="39" VPOS="916" WIDTH="59" HEIGHT="21" WC="0.93" CONTENT="öfver"/><SP WIDTH="15" VPOS="916" HPOS="98"/>
							<String ID="string_162" HPOS="113" VPOS="916" WIDTH="59" HEIGHT="26" WC="0.92" CONTENT="råen,"/><SP WIDTH="16" VPOS="916" HPOS="172"/>
							<String ID="string_163" HPOS="188" VPOS="915" WIDTH="48" HEIGHT="22" WC="0.96" CONTENT="icke"/><SP WIDTH="15" VPOS="915" HPOS="236"/>
							<String ID="string_164" HPOS="251" VPOS="915" WIDTH="57" HEIGHT="22" WC="0.93" CONTENT="blott"/><SP WIDTH="14" VPOS="915" HPOS="308"/>
							<String ID="string_165" HPOS="322" VPOS="915" WIDTH="62" HEIGHT="29" WC="0.92" CONTENT="långs"/><SP WIDTH="16" VPOS="915" HPOS="384"/>
							<String ID="string_166" HPOS="400" VPOS="915" WIDTH="55" HEIGHT="22" WC="0.96" CONTENT="efter"/><SP WIDTH="16" VPOS="915" HPOS="455"/>
							<String ID="string_167" HPOS="471" VPOS="916" WIDTH="37" HEIGHT="21" WC="0.96" CONTENT="sitt"/><SP WIDTH="15" VPOS="916" HPOS="508"/>
							<String ID="string_168" HPOS="523" VPOS="915" WIDTH="71" HEIGHT="22" WC="0.96" CONTENT="skifte."/>
						</TextLine>
					</TextBlock>
					<TextBlock ID="block_6" HPOS="36" VPOS="949" WIDTH="745" HEIGHT="98">
						<TextLine ID="line_23" HPOS="104" VPOS="949" WIDTH="677" HEIGHT="30">
							<String ID="string_169" HPOS="104" VPOS="950" WIDTH="222" HEIGHT="28" WC="0.90" CONTENT="Landtdagsmannen"/><SP WIDTH="16" VPOS="950" HPOS="326"/>
							<String ID="string_170" HPOS="342" VPOS="949" WIDTH="86" HEIGHT="22" WC="0.91" CONTENT="Slotte"/><SP WIDTH="15" VPOS="949" HPOS="428"/>
							<String ID="string_171" HPOS="443" VPOS="951" WIDTH="68" HEIGHT="28" WC="0.96" CONTENT="ansåg"/><SP WIDTH="14" VPOS="951" HPOS="511"/>
							<String ID="string_172" HPOS="525" VPOS="951" WIDTH="74" HEIGHT="21" WC="0.96" CONTENT="vidare"/><SP WIDTH="14" VPOS="951" HPOS="599"/>
							<String ID="string_173" HPOS="613" VPOS="950" WIDTH="122" HEIGHT="21" WC="0.96" CONTENT="diskussion"/><SP WIDTH="12" VPOS="950" HPOS="735"/>
							<String ID="string_174" HPOS="747" VPOS="957" WIDTH="34" HEIGHT="15" WC="0.96" CONTENT="om"/>
						</TextLine>
						<TextLine ID="line_24" HPOS="38" VPOS="984" WIDTH="743" HEIGHT="29">
							<String ID="string_175" HPOS="38" VPOS="985" WIDTH="71" HEIGHT="21" WC="0.95" CONTENT="denna"/><SP WIDTH="14" VPOS="985" HPOS="109"/>
							<String ID="string_176" HPOS="123" VPOS="984" WIDTH="69" HEIGHT="29" WC="0.96" CONTENT="punkt"/><SP WIDTH="16" VPOS="984" HPOS="192"/>
							<String ID="string_177" HPOS="208" VPOS="985" WIDTH="20" HEIGHT="28" WC="0.96" CONTENT="ej"/><SP WIDTH="21" VPOS="985" HPOS="228"/>
							<String ID="string_178" HPOS="249" VPOS="985" WIDTH="54" HEIGHT="21" WC="0.96" CONTENT="böra"/><SP WIDTH="14" VPOS="985" HPOS="303"/>
							<String ID="string_179" HPOS="317" VPOS="985" WIDTH="22" HEIGHT="20" WC="0.96" CONTENT="få"/><SP WIDTH="16" VPOS="985" HPOS="339"/>
							<String ID="string_180" HPOS="355" VPOS="985" WIDTH="47" HEIGHT="27" WC="0.95" CONTENT="ske,"/><SP WIDTH="24" VPOS="985" HPOS="402"/>
							<String ID="string_181" HPOS="426" VPOS="985" WIDTH="90" HEIGHT="21" WC="0.96" CONTENT="emedan"/><SP WIDTH="23" VPOS="985" HPOS="516"/>
							<String ID="string_182" HPOS="539" VPOS="985" WIDTH="77" HEIGHT="28" WC="0.96" CONTENT="frågan"/><SP WIDTH="22" VPOS="985" HPOS="616"/>
							<String ID="string_183" HPOS="638" VPOS="991" WIDTH="78" HEIGHT="22" WC="0.96" CONTENT="genom"/><SP WIDTH="23" VPOS="991" HPOS="716"/>
							<String ID="string_184" HPOS="739" VPOS="985" WIDTH="42" HEIGHT="21" WC="0.96" CONTENT="den"/>
						</TextLine>
						<TextLine ID="line_25" HPOS="36" VPOS="1019" WIDTH="554" HEIGHT="28">
							<String ID="string_185" HPOS="36" VPOS="1019" WIDTH="156" HEIGHT="28" WC="0.90" CONTENT="försiggångna"/><SP WIDTH="14" VPOS="1019" HPOS="192"/>
							<String ID="string_186" HPOS="206" VPOS="1019" WIDTH="129" HEIGHT="28" WC="0.91" CONTENT="voteringen"/><SP WIDTH="15" VPOS="1019" HPOS="335"/>
							<String ID="string_187" HPOS="350" VPOS="1026" WIDTH="51" HEIGHT="15" WC="0.96" CONTENT="vore"/><SP WIDTH="16" VPOS="1026" HPOS="401"/>
							<String ID="string_188" HPOS="417" VPOS="1020" WIDTH="66" HEIGHT="21" WC="0.92" CONTENT="redan"/><SP WIDTH="15" VPOS="1020" HPOS="483"/>
							<String ID="string_189" HPOS="498" VPOS="1019" WIDTH="92" HEIGHT="28" WC="0.90" CONTENT="afgjord."/>
						</TextLine>
					</TextBlock>
					<TextBlock ID="block_7" HPOS="34" VPOS="1053" WIDTH="746" HEIGHT="165">
						<TextLine ID="line_26" HPOS="103" VPOS="1053" WIDTH="677" HEIGHT="29">
							<String ID="string_190" HPOS="103" VPOS="1053" WIDTH="221" HEIGHT="28" WC="0.90" CONTENT="Landtdagsmannen"/><SP WIDTH="15" VPOS="1053" HPOS="324"/>
							<String ID="string_191" HPOS="339" VPOS="1054" WIDTH="112" HEIGHT="21" WC="0.92" CONTENT="Tiainen"/><SP WIDTH="16" VPOS="1054" HPOS="451"/>
							<String ID="string_192" HPOS="467" VPOS="1054" WIDTH="51" HEIGHT="21" WC="0.96" CONTENT="fann"/><SP WIDTH="11" VPOS="1054" HPOS="518"/>
							<String ID="string_193" HPOS="529" VPOS="1054" WIDTH="36" HEIGHT="21" WC="0.96" CONTENT="det"/><SP WIDTH="10" VPOS="1054" HPOS="565"/>
							<String ID="string_194" HPOS="575" VPOS="1053" WIDTH="124" HEIGHT="28" WC="0.93" CONTENT="föreslagna"/><SP WIDTH="10" VPOS="1053" HPOS="699"/>
							<String ID="string_195" HPOS="709" VPOS="1053" WIDTH="71" HEIGHT="29" WC="0.92" CONTENT="tilläg-"/>
						</TextLine>
						<TextLine ID="line_27" HPOS="36" VPOS="1088" WIDTH="744" HEIGHT="27">
							<String ID="string_196" HPOS="36" VPOS="1089" WIDTH="37" HEIGHT="26" WC="0.96" CONTENT="get"/><SP WIDTH="15" VPOS="1089" HPOS="73"/>
							<String ID="string_197" HPOS="88" VPOS="1088" WIDTH="99" HEIGHT="27" WC="0.95" CONTENT="onödigt,"/><SP WIDTH="21" VPOS="1088" HPOS="187"/>
							<String ID="string_198" HPOS="208" VPOS="1088" WIDTH="91" HEIGHT="21" WC="0.96" CONTENT="emedan"/><SP WIDTH="18" VPOS="1088" HPOS="299"/>
							<String ID="string_199" HPOS="317" VPOS="1088" WIDTH="55" HEIGHT="21" WC="0.96" CONTENT="intet"/><SP WIDTH="22" VPOS="1088" HPOS="372"/>
							<String ID="string_200" HPOS="394" VPOS="1088" WIDTH="104" HEIGHT="21" WC="0.93" CONTENT="villebråd"/><SP WIDTH="22" VPOS="1088" HPOS="498"/>
							<String ID="string_201" HPOS="520" VPOS="1088" WIDTH="82" HEIGHT="21" WC="0.91" CONTENT="förblef"/><SP WIDTH="19" VPOS="1088" HPOS="602"/>
							<String ID="string_202" HPOS="621" VPOS="1088" WIDTH="28" HEIGHT="27" WC="0.96" CONTENT="på"/><SP WIDTH="15" VPOS="1088" HPOS="649"/>
							<String ID="string_203" HPOS="664" VPOS="1090" WIDTH="31" HEIGHT="19" WC="0.96" CONTENT="ett"/><SP WIDTH="15" VPOS="1090" HPOS="695"/>
							<String ID="string_204" HPOS="710" VPOS="1088" WIDTH="70" HEIGHT="21" WC="0.96" CONTENT="ställe."/>
						</TextLine>
						<TextLine ID="line_28" HPOS="35" VPOS="1121" WIDTH="744" HEIGHT="30">
							<String ID="string_205" HPOS="35" VPOS="1121" WIDTH="44" HEIGHT="22" WC="0.96" CONTENT="Det"/><SP WIDTH="14" VPOS="1121" HPOS="79"/>
							<String ID="string_206" HPOS="93" VPOS="1121" WIDTH="67" HEIGHT="22" WC="0.92" CONTENT="borde"/><SP WIDTH="16" VPOS="1121" HPOS="160"/>
							<String ID="string_207" HPOS="176" VPOS="1122" WIDTH="86" HEIGHT="21" WC="0.91" CONTENT="derföre"/><SP WIDTH="15" VPOS="1122" HPOS="262"/>
							<String ID="string_208" HPOS="277" VPOS="1122" WIDTH="81" HEIGHT="21" WC="0.96" CONTENT="tillåtas"/><SP WIDTH="18" VPOS="1122" HPOS="358"/>
							<String ID="string_209" HPOS="376" VPOS="1123" WIDTH="102" HEIGHT="27" WC="0.92" CONTENT="jägaren,"/><SP WIDTH="20" VPOS="1123" HPOS="478"/>
							<String ID="string_210" HPOS="498" VPOS="1122" WIDTH="127" HEIGHT="29" WC="0.91" CONTENT="isynnerhet"/><SP WIDTH="18" VPOS="1122" HPOS="625"/>
							<String ID="string_211" HPOS="643" VPOS="1122" WIDTH="42" HEIGHT="21" WC="0.93" CONTENT="den"/><SP WIDTH="19" VPOS="1122" HPOS="685"/>
							<String ID="string_212" HPOS="704" VPOS="1122" WIDTH="75" HEIGHT="21" WC="0.92" CONTENT="behöf-"/>
						</TextLine>
						<TextLine ID="line_29" HPOS="34" VPOS="1156" WIDTH="746" HEIGHT="29">
							<String ID="string_213" HPOS="34" VPOS="1156" WIDTH="77" HEIGHT="28" WC="0.95" CONTENT="vande,"/><SP WIDTH="16" VPOS="1156" HPOS="111"/>
							<String ID="string_214" HPOS="127" VPOS="1158" WIDTH="32" HEIGHT="19" WC="0.96" CONTENT="att"/><SP WIDTH="9" VPOS="1158" HPOS="159"/>
							<String ID="string_215" HPOS="168" VPOS="1156" WIDTH="89" HEIGHT="28" WC="0.93" CONTENT="förfölja"/><SP WIDTH="10" VPOS="1156" HPOS="257"/>
							<String ID="string_216" HPOS="267" VPOS="1156" WIDTH="72" HEIGHT="22" WC="0.93" CONTENT="såradt"/><SP WIDTH="10" VPOS="1156" HPOS="339"/>
							<String ID="string_217" HPOS="349" VPOS="1156" WIDTH="106" HEIGHT="22" WC="0.96" CONTENT="villebråd"/><SP WIDTH="15" VPOS="1156" HPOS="455"/>
							<String ID="string_218" HPOS="470" VPOS="1157" WIDTH="54" HEIGHT="21" WC="0.96" CONTENT="huru"/><SP WIDTH="15" VPOS="1157" HPOS="524"/>
							<String ID="string_219" HPOS="539" VPOS="1157" WIDTH="62" HEIGHT="28" WC="0.96" CONTENT="långt"/><SP WIDTH="10" VPOS="1157" HPOS="601"/>
							<String ID="string_220" HPOS="611" VPOS="1164" WIDTH="46" HEIGHT="13" WC="0.96" CONTENT="som"/><SP WIDTH="10" VPOS="1164" HPOS="657"/>
							<String ID="string_221" HPOS="667" VPOS="1156" WIDTH="66" HEIGHT="27" WC="0.95" CONTENT="helst,"/><SP WIDTH="12" VPOS="1156" HPOS="733"/>
							<String ID="string_222" HPOS="745" VPOS="1163" WIDTH="35" HEIGHT="15" WC="0.96" CONTENT="om"/>
						</TextLine>
						<TextLine ID="line_30" HPOS="34" VPOS="1190" WIDTH="528" HEIGHT="28">
							<String ID="string_223" HPOS="34" VPOS="1190" WIDTH="42" HEIGHT="22" WC="0.96" CONTENT="han"/><SP WIDTH="16" VPOS="1190" HPOS="76"/>
							<String ID="string_224" HPOS="92" VPOS="1190" WIDTH="77" HEIGHT="22" WC="0.96" CONTENT="endast"/><SP WIDTH="15" VPOS="1190" HPOS="169"/>
							<String ID="string_225" HPOS="184" VPOS="1190" WIDTH="48" HEIGHT="21" WC="0.96" CONTENT="icke"/><SP WIDTH="16" VPOS="1190" HPOS="232"/>
							<String ID="string_226" HPOS="248" VPOS="1190" WIDTH="94" HEIGHT="22" WC="0.97" CONTENT="skadade"/><SP WIDTH="15" VPOS="1190" HPOS="342"/>
							<String ID="string_227" HPOS="357" VPOS="1193" WIDTH="68" HEIGHT="25" WC="0.96" CONTENT="ängar"/><SP WIDTH="15" VPOS="1193" HPOS="425"/>
							<String ID="string_228" HPOS="440" VPOS="1192" WIDTH="53" HEIGHT="20" WC="0.96" CONTENT="eller"/><SP WIDTH="15" VPOS="1192" HPOS="493"/>
							<String ID="string_229" HPOS="508" VPOS="1191" WIDTH="54" HEIGHT="21" WC="0.96" CONTENT="träd."/>
						</TextLine>
					</TextBlock>
					<TextBlock ID="block_8" HPOS="32" VPOS="1224" WIDTH="747" HEIGHT="236">
						<TextLine ID="line_31" HPOS="101" VPOS="1224" WIDTH="677" HEIGHT="30">
							<String ID="string_230" HPOS="101" VPOS="1224" WIDTH="221" HEIGHT="28" WC="0.92" CONTENT="Landtdagsmannen"/><SP WIDTH="19" VPOS="1224" HPOS="322"/>
							<String ID="string_231" HPOS="341" VPOS="1225" WIDTH="88" HEIGHT="21" WC="0.93" CONTENT="Klami"/><SP WIDTH="20" VPOS="1225" HPOS="429"/>
							<String ID="string_232" HPOS="449" VPOS="1226" WIDTH="85" HEIGHT="28" WC="0.95" CONTENT="yttrade"/><SP WIDTH="19" VPOS="1226" HPOS="534"/>
							<String ID="string_233" HPOS="553" VPOS="1225" WIDTH="34" HEIGHT="21" WC="0.93" CONTENT="till"/><SP WIDTH="15" VPOS="1225" HPOS="587"/>
							<String ID="string_234" HPOS="602" VPOS="1225" WIDTH="100" HEIGHT="29" WC="0.93" CONTENT="genmäle"/><SP WIDTH="15" VPOS="1225" HPOS="702"/>
							<String ID="string_235" HPOS="717" VPOS="1225" WIDTH="13" HEIGHT="21" WC="0.92" CONTENT="&amp;"/><SP WIDTH="16" VPOS="1225" HPOS="730"/>
							<String ID="string_236" HPOS="746" VPOS="1225" WIDTH="32" HEIGHT="21" WC="0.92" CONTENT="Si-"/>
						</TextLine>
						<TextLine ID="line_32" HPOS="34" VPOS="1258" WIDTH="745" HEIGHT="30">
							<String ID="string_237" HPOS="34" VPOS="1258" WIDTH="70" HEIGHT="23" WC="0.91" CONTENT="mulas"/><SP WIDTH="15" VPOS="1258" HPOS="104"/>
							<String ID="string_238" HPOS="119" VPOS="1259" WIDTH="145" HEIGHT="29" WC="0.92" CONTENT="anmärkning"/><SP WIDTH="15" VPOS="1259" HPOS="264"/>
							<String ID="string_239" HPOS="279" VPOS="1261" WIDTH="32" HEIGHT="19" WC="0.93" CONTENT="att"/><SP WIDTH="14" VPOS="1261" HPOS="311"/>
							<String ID="string_240" HPOS="325" VPOS="1260" WIDTH="84" HEIGHT="21" WC="0.93" CONTENT="talaren"/><SP WIDTH="14" VPOS="1260" HPOS="409"/>
							<String ID="string_241" HPOS="423" VPOS="1260" WIDTH="92" HEIGHT="22" WC="0.93" CONTENT="rörande"/><SP WIDTH="16" VPOS="1260" HPOS="515"/>
							<String ID="string_242" HPOS="531" VPOS="1260" WIDTH="66" HEIGHT="21" WC="0.93" CONTENT="andra"/><SP WIDTH="15" VPOS="1260" HPOS="597"/>
							<String ID="string_243" HPOS="612" VPOS="1260" WIDTH="98" HEIGHT="28" WC="0.92" CONTENT="punkten"/><SP WIDTH="16" VPOS="1260" HPOS="710"/>
							<String ID="string_244" HPOS="726" VPOS="1260" WIDTH="53" HEIGHT="21" WC="0.92" CONTENT="talat"/>
						</TextLine>
						<TextLine ID="line_33" HPOS="34" VPOS="1294" WIDTH="744" HEIGHT="29">
							<String ID="string_245" HPOS="34" VPOS="1294" WIDTH="76" HEIGHT="21" WC="0.96" CONTENT="endast"/><SP WIDTH="15" VPOS="1294" HPOS="110"/>
							<String ID="string_246" HPOS="125" VPOS="1296" WIDTH="33" HEIGHT="19" WC="0.93" CONTENT="tre"/><SP WIDTH="16" VPOS="1296" HPOS="158"/>
							<String ID="string_247" HPOS="174" VPOS="1294" WIDTH="89" HEIGHT="28" WC="0.90" CONTENT="gänger."/><SP WIDTH="36" VPOS="1294" HPOS="263"/>
							<String ID="string_248" HPOS="299" VPOS="1294" WIDTH="50" HEIGHT="22" WC="0.93" CONTENT="Den"/><SP WIDTH="22" VPOS="1294" HPOS="349"/>
							<String ID="string_249" HPOS="371" VPOS="1294" WIDTH="62" HEIGHT="28" WC="0.92" CONTENT="fräga"/><SP WIDTH="22" VPOS="1294" HPOS="433"/>
							<String ID="string_250" HPOS="455" VPOS="1294" WIDTH="35" HEIGHT="22" WC="0.96" CONTENT="det"/><SP WIDTH="23" VPOS="1294" HPOS="490"/>
							<String ID="string_251" HPOS="513" VPOS="1295" WIDTH="26" HEIGHT="21" WC="0.92" CONTENT="dä"/><SP WIDTH="23" VPOS="1295" HPOS="539"/>
							<String ID="string_252" HPOS="562" VPOS="1295" WIDTH="53" HEIGHT="28" WC="0.92" CONTENT="gällt"/><SP WIDTH="17" VPOS="1295" HPOS="615"/>
							<String ID="string_253" HPOS="632" VPOS="1301" WIDTH="52" HEIGHT="14" WC="0.93" CONTENT="vore"/><SP WIDTH="16" VPOS="1301" HPOS="684"/>
							<String ID="string_254" HPOS="700" VPOS="1301" WIDTH="78" HEIGHT="21" WC="0.96" CONTENT="genom"/>
						</TextLine>
						<TextLine ID="line_34" HPOS="33" VPOS="1328" WIDTH="745" HEIGHT="28">
							<String ID="string_255" HPOS="33" VPOS="1328" WIDTH="129" HEIGHT="27" WC="0.91" CONTENT="voteringen"/><SP WIDTH="23" VPOS="1328" HPOS="162"/>
							<String ID="string_256" HPOS="185" VPOS="1328" WIDTH="86" HEIGHT="28" WC="0.91" CONTENT="afgjord"/><SP WIDTH="21" VPOS="1328" HPOS="271"/>
							<String ID="string_257" HPOS="292" VPOS="1330" WIDTH="39" HEIGHT="19" WC="0.96" CONTENT="och"/><SP WIDTH="16" VPOS="1330" HPOS="331"/>
							<String ID="string_258" HPOS="347" VPOS="1329" WIDTH="48" HEIGHT="20" WC="0.93" CONTENT="slut."/><SP WIDTH="36" VPOS="1329" HPOS="395"/>
							<String ID="string_259" HPOS="431" VPOS="1329" WIDTH="64" HEIGHT="21" WC="0.89" CONTENT="Hvad"/><SP WIDTH="23" VPOS="1329" HPOS="495"/>
							<String ID="string_260" HPOS="518" VPOS="1328" WIDTH="83" HEIGHT="21" WC="0.92" CONTENT="talaren"/><SP WIDTH="24" VPOS="1328" HPOS="601"/>
							<String ID="string_261" HPOS="625" VPOS="1328" WIDTH="65" HEIGHT="20" WC="0.93" CONTENT="sedan"/><SP WIDTH="23" VPOS="1328" HPOS="690"/>
							<String ID="string_262" HPOS="713" VPOS="1328" WIDTH="65" HEIGHT="21" WC="0.93" CONTENT="fram-"/>
						</TextLine>
						<TextLine ID="line_35" HPOS="32" VPOS="1362" WIDTH="747" HEIGHT="28">
							<String ID="string_263" HPOS="32" VPOS="1362" WIDTH="60" HEIGHT="21" WC="0.93" CONTENT="ställt"/><SP WIDTH="21" VPOS="1362" HPOS="92"/>
							<String ID="string_264" HPOS="113" VPOS="1368" WIDTH="52" HEIGHT="14" WC="0.91" CONTENT="vore"/><SP WIDTH="16" VPOS="1368" HPOS="165"/>
							<String ID="string_265" HPOS="181" VPOS="1368" WIDTH="27" HEIGHT="14" WC="0.96" CONTENT="en"/><SP WIDTH="18" VPOS="1368" HPOS="208"/>
							<String ID="string_266" HPOS="226" VPOS="1368" WIDTH="30" HEIGHT="22" WC="0.96" CONTENT="ny"/><SP WIDTH="18" VPOS="1368" HPOS="256"/>
							<String ID="string_267" HPOS="274" VPOS="1363" WIDTH="45" HEIGHT="20" WC="0.96" CONTENT="sak."/><SP WIDTH="36" VPOS="1363" HPOS="319"/>
							<String ID="string_268" HPOS="355" VPOS="1362" WIDTH="52" HEIGHT="21" WC="0.90" CONTENT="Man"/><SP WIDTH="22" VPOS="1362" HPOS="407"/>
							<String ID="string_269" HPOS="429" VPOS="1363" WIDTH="76" HEIGHT="27" WC="0.90" CONTENT="gjorde"/><SP WIDTH="23" VPOS="1363" HPOS="505"/>
							<String ID="string_270" HPOS="528" VPOS="1362" WIDTH="84" HEIGHT="21" WC="0.92" CONTENT="talaren"/><SP WIDTH="22" VPOS="1362" HPOS="612"/>
							<String ID="string_271" HPOS="634" VPOS="1362" WIDTH="145" HEIGHT="21" WC="0.92" CONTENT="förebräelser"/>
						</TextLine>
						<TextLine ID="line_36" HPOS="32" VPOS="1395" WIDTH="745" HEIGHT="30">
							<String ID="string_272" HPOS="32" VPOS="1395" WIDTH="85" HEIGHT="22" WC="0.92" CONTENT="derföre"/><SP WIDTH="15" VPOS="1395" HPOS="117"/>
							<String ID="string_273" HPOS="132" VPOS="1398" WIDTH="32" HEIGHT="19" WC="0.96" CONTENT="att"/><SP WIDTH="14" VPOS="1398" HPOS="164"/>
							<String ID="string_274" HPOS="178" VPOS="1396" WIDTH="43" HEIGHT="22" WC="0.93" CONTENT="han"/><SP WIDTH="15" VPOS="1396" HPOS="221"/>
							<String ID="string_275" HPOS="236" VPOS="1395" WIDTH="71" HEIGHT="23" WC="0.93" CONTENT="talade"/><SP WIDTH="16" VPOS="1395" HPOS="307"/>
							<String ID="string_276" HPOS="323" VPOS="1396" WIDTH="45" HEIGHT="21" WC="0.96" CONTENT="ofta"/><SP WIDTH="15" VPOS="1396" HPOS="368"/>
							<String ID="string_277" HPOS="383" VPOS="1396" WIDTH="40" HEIGHT="22" WC="0.96" CONTENT="och"/><SP WIDTH="16" VPOS="1396" HPOS="423"/>
							<String ID="string_278" HPOS="439" VPOS="1396" WIDTH="74" HEIGHT="29" WC="0.93" CONTENT="länge,"/><SP WIDTH="16" VPOS="1396" HPOS="513"/>
							<String ID="string_279" HPOS="529" VPOS="1396" WIDTH="48" HEIGHT="22" WC="0.89" CONTENT="icke"/><SP WIDTH="11" VPOS="1396" HPOS="577"/>
							<String ID="string_280" HPOS="588" VPOS="1396" WIDTH="33" HEIGHT="21" WC="0.96" CONTENT="för"/><SP WIDTH="15" VPOS="1396" HPOS="621"/>
							<String ID="string_281" HPOS="636" VPOS="1396" WIDTH="37" HEIGHT="21" WC="0.96" CONTENT="det"/><SP WIDTH="14" VPOS="1396" HPOS="673"/>
							<String ID="string_282" HPOS="687" VPOS="1396" WIDTH="43" HEIGHT="21" WC="0.93" CONTENT="han"/><SP WIDTH="15" VPOS="1396" HPOS="730"/>
							<String ID="string_283" HPOS="745" VPOS="1398" WIDTH="32" HEIGHT="19" WC="0.91" CONTENT="ta-"/>
						</TextLine>
						<TextLine ID="line_37" HPOS="32" VPOS="1430" WIDTH="744" HEIGHT="30">
							<String ID="string_284" HPOS="32" VPOS="1430" WIDTH="31" HEIGHT="23" WC="0.93" CONTENT="lat"/><SP WIDTH="15" VPOS="1430" HPOS="63"/>
							<String ID="string_285" HPOS="78" VPOS="1431" WIDTH="43" HEIGHT="22" WC="0.80" CONTENT="illa,"/><SP WIDTH="31" VPOS="1431" HPOS="121"/>
							<String ID="string_286" HPOS="152" VPOS="1431" WIDTH="104" HEIGHT="29" WC="0.83" CONTENT="Talaren,"/><SP WIDTH="21" VPOS="1431" HPOS="256"/>
							<String ID="string_287" HPOS="277" VPOS="1438" WIDTH="46" HEIGHT="15" WC="0.92" CONTENT="som"/><SP WIDTH="19" VPOS="1438" HPOS="323"/>
							<String ID="string_288" HPOS="342" VPOS="1431" WIDTH="66" HEIGHT="22" WC="0.96" CONTENT="visste"/><SP WIDTH="20" VPOS="1431" HPOS="408"/>
							<String ID="string_289" HPOS="428" VPOS="1432" WIDTH="35" HEIGHT="28" WC="0.93" CONTENT="sig"/><SP WIDTH="12" VPOS="1432" HPOS="463"/>
							<String ID="string_290" HPOS="475" VPOS="1432" WIDTH="48" HEIGHT="21" WC="0.96" CONTENT="icke"/><SP WIDTH="17" VPOS="1432" HPOS="523"/>
							<String ID="string_291" HPOS="540" VPOS="1431" WIDTH="65" HEIGHT="23" WC="0.93" CONTENT="hafva"/><SP WIDTH="19" VPOS="1431" HPOS="605"/>
							<String ID="string_292" HPOS="624" VPOS="1430" WIDTH="101" HEIGHT="22" WC="0.91" CONTENT="klandrat"/><SP WIDTH="15" VPOS="1430" HPOS="725"/>
							<String ID="string_293" HPOS="740" VPOS="1431" WIDTH="36" HEIGHT="22" WC="0.92" CONTENT="nä-"/>
						</TextLine>
					</TextBlock>
				</ComposedBlock>
			</PrintSpace>
		</Page>
	</Layout>
</alto>
