964 1703
204 140 40 19 516
486 145 35 16 Den
535 146 19 15 41
569 149 50 12 mars.

176 204 44 26 der,
235 203 89 21 hvarest
339 202 36 21 det
389 202 60 21 hette
465 204 31 19 att
513 203 106 28 ,gvinnan
636 202 49 21 med
701 202 138 21 sannolikhet
855 200 72 22 kunde

176 238 66 20 vänta
257 238 37 20 det
309 238 80 19 utsatta
406 236 87 21 barnets
509 237 127 27 räddning.”

245 271 221 27 Landtdagsmannen
480 271 91 21 Uotila
587 270 114 28 godkände
717 271 19 28 8.

246 305 91 22 Ståndet
353 305 79 28 gillade
448 305 53 21 härå
516 306 11 27 $
543 306 13 20 9
571 307 53 19 utan
640 305 106 27 votering.

521 369 11 26 s
550 369 32 19 10.

245 408 222 27 Landtdagsmannen
487 407 107 21 Brusila
614 408 68 27 ansåg
700 409 31 19 att
751 407 36 21 det
807 407 7 20 i
830 407 71 20 denna
917 407 11 27 &

177 443 125 28 föreslagna
322 442 84 21 straffet
426 443 35 20 väl
482 442 53 21 tälte
555 443 32 20 att
603 441 121 28 nedsättas,
748 442 131 21 ätminstone
895 441 33 21 till

177 477 90 22 hälften.
297 477 44 20 Det
354 476 71 21 hände
442 477 110 27 nemligen
568 476 46 21 ofta
629 478 31 19 att
676 475 108 24 föräldrar
794 475 86 28 släppte
891 475 38 21 sitt

177 513 53 20 barn
251 513 24 19 ut
295 512 52 20 utan
368 511 71 28 nägon
456 511 43 20 ond
513 511 74 27 afsigt.
619 510 75 22 Skulle
710 517 29 14 nu
754 510 78 21 barnet
847 509 82 22 förlora

177 547 62 20 lifvet
259 546 54 21 eller
332 545 68 21 blifva
421 545 74 28 farligt
515 545 100 27 skadadt,
638 545 25 20 sä
683 551 51 14 vore
755 544 36 21 det
804 545 26 27 ju
845 544 83 28 ganska

177 581 63 20 härdt
260 582 32 19 att
312 580 24 20 sä
356 581 84 26 strängt
461 579 73 22 straffa
555 579 135 21 föräldrarna
706 579 33 21 för
755 579 42 20 den
813 578 114 21 inträffade

177 614 202 29 olyckshändelsen.

244 648 223 28 Landtdagsmannen
495 647 125 21 Kartano
651 647 80 28 gillade
760 647 56 21 hvad
841 647 88 21 Brusila

177 683 79 21 anfört.

246 716 71 22 Sedan
334 716 87 28 upplyst
437 716 81 26 blifvit,
534 718 32 18 att
581 716 42 21 den
639 715 135 21 framställda
789 714 140 22 anmärknin-

178 759 42 21 gen
235 750 95 22 berodde
345 751 28 27 pä
389 752 30 19 ett
435 750 160 27 missförständ,
620 750 108 21 föranledt
748 749 62 22 deraf
824 751 31 19 att
870 750 7 20 i
893 748 36 22 det

178 786 70 20 finska
268 784 148 22 betänkandet
437 784 61 21 ordet
515 786 117 24 ,utsattes*
648 784 73 21 blifvit
737 784 120 28 oegentligt
873 784 56 20 äter-

179 820 68 28 gifvet
267 819 49 21 med
333 819 125 26 ,laskettiin
473 818 68 27 ulos*,
565 818 81 21 beslöts
660 820 32 19 att
707 818 59 21 detta
781 818 40 21 ord
835 818 93 21 likasom

178 854 40 21 ock
234 860 82 14 samma
332 853 39 21 ord
386 853 7 20 i
409 853 131 27 föregående
557 854 12 19 9
585 854 11 26 &
612 853 67 20 borde
694 852 96 29 utbytas,
806 853 7 20 i
824 852 37 21 det
871 852 59 21 förra

179 890 57 18 emot
252 887 120 29 ,pantiin*,
387 887 7 20 i
409 887 36 21 det
461 894 76 14 senare
554 888 59 20 emot
629 888 115 26 ,pannut.*

246 922 12 20 I
273 922 66 27 öfrigt
354 921 127 28 godkändes
497 922 11 27 $
525 922 32 20 10.

344 984 24 27 88
386 985 32 24 11,
435 985 32 25 12,
485 985 32 26 13,
535 985 32 25 14,
585 984 32 26 15,
636 984 24 20 16
676 984 40 20 och
734 985 31 19 17.

248 1024 107 27 Antogos,
372 1023 6 20 i
395 1023 97 28 enlighet
507 1023 49 21 med
567 1023 117 21 utskottets
696 1023 92 28 förslag,
804 1023 65 21 äfven
880 1024 48 20 med

178 1058 103 21 afseende
302 1058 12 21 &
333 1057 210 28 tidsbestämningen
559 1057 34 20 för
608 1057 42 20 den
666 1057 124 28 föreslagna
805 1057 123 21 förordnin-

178 1099 54 20 gens
248 1091 120 21 införande.

246 1159 123 27 Föredrogs
385 1161 31 19 ett
431 1160 24 20 af
469 1159 209 28 landtdagsmannen
693 1159 86 21 Brusila
789 1159 92 27 ingifvet
892 1167 37 20 pe-

178 1194 168 26 titionsförslag,
362 1193 113 27 äsyftande
490 1195 99 19 närmare
605 1193 199 27 lagbestämningar
815 1193 113 28 angäende

179 1227 184 27 stoekflötningen
379 1227 7 20 i
402 1227 71 20 Kumo
489 1227 34 20 elf.

247 1260 219 27 Landtdagsmannen
477 1260 195 27 Kumpulainen
686 1260 124 21 förklarade
819 1262 32 18 att
859 1260 70 21 stock-

179 1296 138 26 transporten
334 1294 101 28 utgjorde
451 1301 26 13 en
493 1294 34 20 för
542 1294 74 20 landet
630 1294 70 28 vigtig
716 1294 39 20 och
770 1294 112 28 indrägtig
892 1296 37 19 nä-

179 1329 122 28 ringsgren.
332 1328 48 21 Den
401 1328 66 21 borde
487 1328 39 21 och
541 1328 73 21 kunde
631 1328 85 21 derföre
732 1328 48 21 icke
794 1328 90 21 hindras
900 1328 29 22 el-

179 1363 32 21 ler
230 1362 136 22 inskränkas.
396 1362 51 27 Om,
471 1363 70 21 såsom
557 1362 6 21 i
579 1363 122 28 petitionen
720 1362 140 28 framhållits,
881 1363 48 21 ska-

181 1398 38 21 dor
235 1398 125 27 derigenom
378 1397 124 28 tillfogades
514 1397 145 28 jordbrukare
670 1398 12 21 &
693 1397 54 21 hans
758 1403 58 22 egor,
832 1398 24 20 sä
867 1397 62 22 fanns

182 1433 35 20 det
232 1433 62 20 äfven
311 1439 26 14 en
353 1433 46 27 lag,
421 1439 45 14 som
487 1432 162 21 tillförsäkrade
664 1433 80 20 honom
761 1433 122 28 ersättning
898 1433 33 20 för
