964 1703
199 119 40 19 518
481 125 36 15 Den
531 124 21 16 14
565 128 51 12 mars.

239 182 224 27 Landtdagsmannen
478 182 196 27 Kumpulainen
690 183 103 27 uppläste
809 189 27 14 en
853 183 70 26 skrift,

171 216 62 21 hvari
253 216 43 20 han
312 223 121 20 uppmanar
451 217 86 20 ståndet
552 218 32 18 att
599 217 39 20 hos
654 216 28 21 H.
696 216 27 21 K.
739 217 39 20 M:t
794 217 7 20 i
816 217 106 20 underdå-

170 250 77 28 nighet
269 250 134 27 petitionera
423 256 35 15 om
477 250 124 21 inrättande
622 251 23 20 af
658 257 28 14 en
701 251 171 27 pensionskassa
888 251 35 20 för

171 285 69 20 enkor
256 285 40 20 och
311 285 54 20 barn
381 284 56 21 efter
453 285 119 47 KIMOgEN
588 285 54 20 eller
652 292 104 21 personer
772 286 5 19 i
795 285 128 26 allmänhet,

170 319 74 22 hvilka
259 319 48 21 icke
323 321 37 19 äro
375 319 117 33 delaktige
501 320 8 20 i
524 319 72 27 någon
612 327 72 13 annan
699 320 177 26 pensionskassa.

238 353 223 27 Landtdagsmannen
479 347 109 33 Östring
608 354 68 26 ansåg
690 353 175 28 Kumpulainens
879 354 43 20 för-

171 388 47 28 slag
238 395 52 14 vara
309 388 92 20 alldeles
422 388 122 27 opraktiskt
559 388 40 20 och
615 387 87 21 derföre
717 387 49 21 icke
781 388 53 21 böra
850 387 73 21 föran-

171 422 50 20 leda
239 422 33 21 till
290 422 72 27 någon
379 421 82 28 åtgärd.
490 422 49 20 Den
555 422 56 20 enda
626 422 104 28 lämpliga
746 423 66 26 utväg
826 422 35 21 för
876 422 47 20 vin-

172 456 70 20 nande
263 456 24 21 af
304 456 37 20 det
356 456 101 21 ändamål
472 463 46 13 som
533 456 164 27 Kumpulainen
713 456 81 27 åsyftat
809 456 68 27 ansåg
893 458 30 18 ta-

171 490 61 21 laren
252 498 52 13 vara
325 490 124 21 inrättande
469 490 24 20 af
510 490 141 28 sparbanker,
674 490 195 28 lifassuransbolag
884 491 39 20 och

171 524 203 22 lifränteanstalter.
405 524 40 22 Om
461 524 116 28 pensioner
593 524 33 20 till
642 525 43 20 alla
699 525 49 21 från
764 526 71 20 staten
851 525 73 21 kunde

172 559 20 28 ej
210 566 38 14 ens
268 559 68 21 blifva
356 559 62 27 fråga
439 566 40 14 om.
511 559 117 21 Dessutom
644 560 68 27 ansåg
726 559 83 21 talaren
826 559 97 21 ståndets

170 594 174 20 besvärsutskott
358 594 49 20 icke
422 600 52 14 vara
489 593 128 28 kompetent
632 595 31 19 att
678 595 100 27 uppgöra
793 594 130 29 detaljeradt

169 628 83 27 förslag
266 629 7 20 i
289 630 80 25 ämnet,
384 628 101 21 hvarföre
501 628 83 21 talaren
601 628 81 29 yrkade
697 630 32 19 att
740 628 104 28 förslaget
855 629 68 21 måtte

171 663 83 20 lemnas
270 664 52 19 utan
338 662 111 21 afseende.

238 696 223 28 Landtdagsmannen
476 696 90 21 Akola
581 704 39 13 var
634 696 24 21 af
672 703 83 15 samma
770 697 91 28 mening
876 704 47 14 som

172 720 96 42 Östring.

238 764 223 28 Landtdagsmannen
477 764 111 21 Simolin
604 771 38 14 var
658 771 51 14 ense
725 764 50 22 med
790 759 97 34 Östring.

238 798 222 28 Landtdagsmannen
476 798 194 28 Kumpulainen
686 798 124 22 förklarade
826 801 32 19 att
869 800 55 20 hans

172 832 67 28 ufsigt
254 832 48 21 icke
312 840 52 13 vore
376 834 31 19 att
418 833 165 27 ifrågavarande
594 833 170 27 pensionskassa
775 834 70 20 skulle
857 834 68 21 blifva

172 874 27 13 en
220 867 169 28 tvängsanstalt,
412 869 52 20 utan
485 870 31 18 att
537 874 27 14 en
580 868 60 26 hvar,
656 874 48 14 som
720 868 36 20 det
772 867 95 22 önskade
884 869 40 20 och

170 901 52 21 ville
237 901 65 21 hafva
318 908 86 20 omsorg
420 901 34 21 för
470 902 47 21 sina
532 901 169 27 efterlefvande,
722 902 58 27 finge
797 902 66 21 blifva
879 902 45 22 del-

171 936 61 27 aktig
252 936 32 20 uti
304 935 49 21 den.
384 936 113 27 Styrelsen
517 936 66 20 borde
603 936 57 21 dock
675 936 66 20 hafva
756 936 58 21 hand
829 943 35 14 om
880 937 44 21 för-

171 970 129 27 valtningen
315 970 24 20 af
352 970 132 20 densamma.

240 1004 223 27 Landtdagsmannen
483 1004 139 20 Pelkonen
641 1004 69 27 ansåg
726 1004 78 27 sjelfva
819 1004 120 28 förslaget
929 1000 12 36 -

173 1045 51 13 vara
244 1038 52 27 godt
316 1038 39 20 och
375 1037 74 21 tillade
465 1039 32 19 att
513 1037 80 22 sädana
609 1038 146 27 inrättningar
770 1038 67 21 borde
853 1039 72 20 ästad-

172 1072 98 20 kommas
293 1071 132 21 åtminstone
449 1071 6 21 i
477 1072 75 27 hvarje
573 1071 36 21 län
630 1079 34 14 om
684 1072 20 27 ej
720 1072 7 20 i
742 1072 76 27 hvarje
834 1073 90 26 socken;

173 1112 50 14 men
240 1105 27 21 då
282 1105 133 28 landtdagen
431 1105 66 21 redan
512 1105 104 22 nalkades
633 1106 37 21 sitt
686 1106 53 27 slut,
760 1107 67 27 ansåg
840 1106 84 21 talaren

173 1139 106 28 förslaget
295 1139 71 21 denna
381 1140 58 27 gång
454 1140 53 20 böra
522 1140 93 21 förfalla.

240 1174 115 27 Förslaget
371 1174 142 21 förkastades.

240 1242 56 20 Vice
317 1242 145 20 ordföranden
477 1243 6 18 i
499 1243 55 26 kejs.
571 1244 101 18 senatens
686 1243 239 26 justitiedepartement

174 1276 50 19 herr
244 1275 163 27 gcheimerädet
425 1275 92 20 friherre
535 1275 117 27 Sackleen,
673 1276 89 21 hvilken
778 1276 6 19 i
801 1277 123 20 vestibulen

173 1310 107 27 emottogs
304 1308 39 21 och
367 1309 93 21 derifrän
483 1309 179 28 inheledsagades
682 1310 24 21 af
724 1311 45 20 åtta
789 1310 24 21 af
826 1310 97 22 ständets

172 1343 148 28 medlemmar,
340 1343 109 27 förekom,
470 1344 77 28 åtföljd
562 1344 24 21 af
599 1344 301 23 referendariesekreteraren
917 1346 7 20 i

171 1379 55 28 kejs.
250 1381 102 18 senatens
374 1378 34 21 för
431 1378 93 21 Finland
547 1379 109 21 allmänna
680 1379 72 22 kansli
772 1379 57 22 John
854 1380 70 21 Snell-

172 1421 49 15 man
242 1413 40 21 och
303 1413 100 29 upplästo
424 1413 54 22 både
498 1414 27 27 pä
541 1413 68 22 finska
626 1414 41 21 och
684 1415 91 20 svenska
792 1415 88 28 språket
895 1415 28 21 H.
