973 1711
353 147 36 16 Den
402 146 11 17 2
425 146 38 18 febr
718 137 40 24 129

111 207 102 27 Ståndet,
228 207 64 22 hvars
307 207 139 21 medlemmar
456 207 150 26 härförinnan,
622 206 47 22 från
679 206 110 21 allmänna

44 241 70 21 medel
135 241 7 20 i
167 241 97 28 Nylands
287 241 47 21 läns
356 241 91 27 ränteri,
467 241 86 22 erhållit
575 241 25 21 de
623 241 48 21 dem
693 240 95 21 tillkom-

44 275 77 21 mande
141 275 272 28 landtdagsmansarvoden
432 276 34 21 för
493 276 58 21 tiden
576 275 49 21 från
646 275 142 28 landtdagens

45 309 76 28 början
138 309 34 21 till
187 310 41 20 den
245 311 26 20 15
291 310 132 21 sistförlidne
443 310 122 27 december,
586 309 97 29 uppdrog
699 309 22 21 åt
736 310 52 20 tale-

45 351 92 14 mannen
153 345 87 28 August
259 344 128 29 Mäkipeska
408 346 55 20 samt
482 344 209 29 landtdagsmännen
706 343 83 22 Pousar

46 379 40 21 och
100 378 112 23 Pelkonen
227 381 33 19 att
279 380 40 21 hos
339 380 28 21 H.
387 379 27 22 K.
435 380 39 21 M:t
494 379 7 22 i
516 379 172 29 underdånighet
707 379 82 21 ansöka

45 416 31 18 att
99 414 97 22 ståndets
222 414 139 22 medlemmar
386 415 76 27 måtte,
485 415 48 21 från
559 415 108 21 allmänna
689 414 71 22 medel
781 414 8 21 i

45 448 93 22 nämnda
154 449 91 27 ränteri,
261 450 22 20 få
298 450 97 28 uppbära
411 450 61 21 äfven
488 450 26 21 de
530 450 49 21 dem
594 450 47 21 från
656 448 65 30 sagde
737 449 52 27 dag,

46 484 32 20 till
99 484 40 21 den
165 485 24 19 15
212 484 195 21 nästinstundande
426 492 67 20 mars,
515 484 129 21 tillhörande
665 484 124 27 landtdags-

46 518 166 28 mansarvoden,
235 518 110 22 äfvensom
362 519 120 28 ersättning
498 519 33 21 för
546 519 119 28 skjutslega
677 519 34 21 för
725 524 65 15 resan

46 552 33 21 till
95 553 38 20 och
150 553 47 20 från
213 553 139 28 Helsingfors
368 556 55 18 samt
437 553 189 28 dagtraktamente
641 553 68 21 under
719 558 70 21 resan,

46 586 68 29 enligt
129 587 100 28 räkning,
245 588 40 20 och
297 589 31 20 att
339 587 81 22 kronan
437 587 93 22 derefter
543 587 72 22 kunde
630 587 33 22 för
678 587 56 22 hvad
749 587 41 21 den

47 621 91 21 sålunda
160 621 123 22 utbetalade
305 622 44 21 låta
371 622 98 29 uppbära
491 622 136 29 godtgörelse
647 622 24 21 af
687 622 104 21 vederbö-

47 655 67 22 rande
130 656 136 22 häradsboer.

608 693 19 16 In
641 691 58 18 fidem:

581 719 19 20 V.
613 720 110 20 Ekström.

232 841 48 22 Den
295 843 14 21 2
319 842 106 28 februari,
441 842 90 22 klockan
547 840 26 24 10
583 842 50 28 före
649 840 114 31 middagen.

117 898 43 22 Vid
178 899 132 28 protokollet
328 900 171 27 undertecknad,
518 900 89 21 hist.-fil.
626 900 108 21 kandidat.

120 968 127 22 Justerades
261 969 132 28 protokollet
408 970 33 21 för
456 970 42 21 den
515 970 60 21 15:de
587 969 94 28 januari.

118 1003 221 28 Landtdagsmannen
362 1004 86 22 Klami
470 1004 123 22 inlemnade
613 1004 5 21 i
640 1002 117 30 anledning
772 1003 23 23 af

51 1038 96 22 ständets
163 1038 71 21 beslut
248 1038 93 22 rörande
356 1040 12 20 3
384 1040 11 27 &
411 1039 24 21 af
443 1039 158 28 lagutskottets
611 1038 137 22 betänkande
759 1045 34 15 n:o

53 1074 25 20 10
97 1080 34 14 om
150 1072 235 22 häradsnämndemäns
403 1073 123 29 antagande
545 1074 39 21 och
599 1072 114 23 aflönande
728 1081 25 13 en
770 1072 24 22 så

50 1107 93 28 lydande
159 1108 139 21 reservation.

119 1142 42 28 Jag
177 1142 41 21 kan
235 1142 33 21 för
283 1142 45 22 min
343 1142 35 21 del
393 1142 48 22 icke
455 1143 116 21 instämma
586 1143 6 21 i
607 1142 151 28 pluralitetens
773 1141 24 22 af

54 1177 85 21 ståndet
154 1176 81 22 fattade
251 1176 81 22 beslut:

122 1211 32 20 1:0
174 1210 11 21 I
205 1210 118 29 anledning
341 1211 23 21 af
382 1211 36 21 det
437 1211 8 21 i
466 1211 97 29 enlighet
578 1211 49 21 med
641 1210 154 29 lagutskottets

53 1245 136 21 betänkande
212 1245 82 21 fattade
316 1245 71 21 beslut
409 1246 112 28 angående
544 1246 7 20 i
572 1245 98 22 bemälde
692 1245 103 22 utskotts-

52 1280 137 21 betänkande
209 1287 35 14 n:o
266 1280 27 21 10
313 1281 11 20 3
345 1280 11 28 &
376 1280 177 22 förekommande
577 1280 65 22 orden
661 1287 62 21 ,eger
742 1280 53 21 eller

52 1315 92 21 besitter
158 1314 119 22 hemman”.

120 1348 43 27 Jag
176 1348 81 21 förmår
273 1349 20 27 ej
309 1349 47 20 inse
372 1350 32 19 att
418 1349 67 27 något
496 1348 108 28 grundadt
614 1349 46 20 skäl
671 1349 125 26 förefinnes,

53 1381 101 23 hvarföre
175 1382 48 21 icke
242 1383 75 27 hvarje
337 1382 71 28 redlig
427 1390 60 20 man,
511 1390 33 14 om
559 1383 43 21 han
617 1383 55 21 blott
687 1382 108 22 bedrifver

54 1418 66 27 något
135 1418 50 27 eget
200 1417 63 28 yrke,
281 1417 64 21 borde
364 1416 57 29 duga
436 1417 33 21 till
483 1417 144 22 nämndeman
642 1416 45 22 lika
701 1416 34 22 väl
751 1423 46 14 som

54 1451 41 22 den
114 1451 88 22 hvilken
223 1458 62 21 ,eger
304 1451 52 22 eller
376 1451 90 23 besitter
485 1452 119 22 hemman".
638 1451 161 22 Erfarenheten

100 1495 71 17 Hederv.
185 1495 122 18 bondeståndets
317 1495 64 22 protok.
394 1495 23 16 II.
720 1496 11 16 9
