964 1703
347 133 38 23 Hen
397 134 22 22 22
432 132 41 24 febr.
712 126 41 28 353

33 196 7 23 1
56 198 135 22 närvarande
211 198 119 29 lagförslag
348 198 86 29 belagts
453 198 50 22 med
521 199 68 27 högre
605 198 63 22 straff
682 200 27 20 än
726 199 56 21 stöld

33 233 24 21 af
70 240 26 14 en
112 233 97 21 höstack.

102 267 51 21 Men
172 267 74 28 dylika
264 267 140 28 evangeliska
423 267 86 27 stadgar
524 267 85 21 kränka
623 268 43 26 2:0)
681 267 47 21 helt
742 267 40 21 och

33 301 67 21 hållet
115 301 38 20 det
167 301 71 21 finska
252 302 81 20 folkets
348 301 110 21 allmänha
473 302 56 27 åsigt
545 308 33 14 om
595 302 101 27 kristliga
710 302 72 27 lagars

33 335 74 27 heliga
129 335 120 27 anseende,
272 335 38 21 der
332 335 26 21 de
379 336 46 20 afse
445 336 39 20 och
498 336 77 20 beröra
590 335 61 21 Guds
666 337 44 19 ära.
740 335 44 21 Det

34 371 23 18 är
73 369 86 21 derföre
178 369 69 28 enligt
265 369 45 21 min
326 369 66 22 tanke
407 370 64 27 högst
487 371 55 20 orätt
557 369 83 28 gjordt,
656 377 35 14 om
707 371 75 20 närva-

34 403 67 21 rande
125 404 183 27 statsförsamling
330 404 38 21 vill
389 411 78 21 genom
491 404 116 21 efterlätna
628 404 156 28 författningar

34 438 100 21 nedsätta
154 439 41 20 och
210 438 144 28 tillintetgöra
369 439 36 20 det
420 438 69 22 finska
504 439 79 20 folkets
599 439 115 28 allvarliga
729 445 53 22 upp-

35 473 96 28 fattning
151 473 24 20 af
192 473 59 22 Guds
270 473 53 29 dyra
338 480 72 15 namn.
439 473 50 22 Med
505 474 63 21 dessa
582 473 40 21 och
638 473 74 28 dylika
727 473 56 21 stad-

34 515 39 20 gar
87 507 43 22 blir
145 507 59 22 detta
219 508 47 21 folk
280 508 119 28 ingalunda
415 509 122 27 upplyftadt
547 508 29 28 pä
587 508 139 28 bildningens
736 508 47 28 höj-

35 542 48 27 der;
104 544 93 19 tvertom
216 542 42 21 blir
274 542 36 22 det
324 543 28 27 pä
368 542 71 22 denna
453 544 42 27 väg
509 542 100 21 försänkt
623 543 7 19 i
645 542 91 28 köttslig
751 543 33 20 rä-

35 576 48 28 het,
104 576 27 21 då
151 577 49 21 från
220 577 50 21 dess
289 576 104 29 politiska
407 578 28 20 lif
447 577 122 21 försvinner
585 577 29 20 all
629 577 99 27 kunskap
745 577 40 21 och

35 611 92 28 aktning
142 611 34 21 för
192 611 60 21 Guds
267 611 161 28 rättfärdighet.

103 645 12 21 I
134 646 71 21 denna
224 646 133 21 reservation
378 646 76 21 förena
473 647 32 27 sig
524 646 175 21 undertecknade
714 645 70 21 landt-

37 680 201 29 dagsfullmäktige:

36 715 66 21 Matts
117 714 87 22 Holma.
230 710 14 39 —
248 715 80 22 Michel
343 715 104 22 Heikura.
512 715 54 22 Paul
581 714 111 29 Nyrönen.

38 749 70 22 Johan
125 749 93 22 Brusila.
247 749 55 22 Lars
317 749 98 22 Tiainen.
509 750 80 22 Gustaf
600 749 184 30 Wanhaseppälä.

36 784 67 21 Matts
118 784 76 22 Leino.
223 780 14 39 —
247 785 70 22 Johan
333 785 150 29 Pohjalainen.
511 785 71 22 Johan
599 785 88 21 Simula.

37 819 54 22 Lars
106 819 89 22 Määttä.
226 815 13 38 —
245 820 86 21 Henrik
346 820 110 21 Punttala.
485 815 14 38 =
510 820 25 21 L.
551 820 26 21 G.
593 820 120 21 Pelkonen.

105 889 221 29 Landtdagsmannen
346 889 120 22 Mansten
483 889 74 22 anhöll
576 896 35 14 om
625 889 97 28 ledighet
738 889 47 21 frän

36 923 242 29 landtdagsgöromälen
293 925 28 28 pä
336 925 12 20 8
365 925 72 28 dagar,
452 924 83 21 hvilket
549 923 125 29 beviljades.

106 992 176 24 Sammanträdet
297 984 84 30 slutade
397 993 39 21 och
451 993 70 21 skulle
532 992 151 22 diskussionen
695 999 34 13 om
739 993 46 25 lag-

37 1027 118 22 utskottets
176 1028 166 27 ifrågavarande
364 1027 138 21 betänkande
527 1027 111 21 fortsättas
660 1026 93 21 klockan
774 1026 12 20 5

39 1070 18 13 e.
73 1069 36 20 m.,
124 1062 28 21 då
166 1061 86 22 ståndet
266 1063 47 21 åter
328 1061 55 29 egde
399 1061 165 32 sammanträda.

569 1119 19 16 In
601 1119 60 16 fidem:

541 1146 54 20 Karl
614 1143 81 22 Lim6n.

221 1251 48 23 Den
282 1253 30 21 22
321 1253 107 28 februari,
445 1250 88 24 klockan
546 1251 14 22 5
575 1249 53 30 efter
642 1249 118 29 middagen.

109 1308 44 23 Vid
168 1308 132 29 protokollet
315 1308 168 23 underskrifven
497 1307 90 23 hist.-fil.
603 1307 111 22 kandidat.

109 1370 122 23 Fortsattes
254 1371 152 21 diskussionen
426 1378 35 14 om
480 1369 155 29 lagutskottets
653 1366 137 24 betänkande

41 1412 35 15 n:o
94 1406 33 27 15,
143 1406 112 28 angående
270 1404 146 23 afskaffandet
431 1405 24 21 af
468 1406 57 20 vissa
538 1403 143 22 härförinnan
692 1402 97 29 nyttjade

42 1441 63 22 straff
117 1448 29 14 m.
162 1449 28 13 m.
