<?xml version="1.0" encoding="UTF-8"?>
<alto xmlns="http://www.loc.gov/standards/alto/ns-v3#" xmlns:xlink="http://www.w3.org/1999/xlink" xmlns:xsi="http://www.w3.org/2001/XMLSchema-instance" xsi:schemaLocation="http://www.loc.gov/standards/alto/ns-v3# http://www.loc.gov/alto/v3/alto-3-0.xsd">
	<Description>
		<MeasurementUnit>pixel</MeasurementUnit>
		<sourceImageInformation>
			<fileName>/tmp/tess_0sbpexob_input.PNG</fileName>
		</sourceImageInformation>
		<OCRProcessing ID="OCR_0">
			<ocrProcessingStep>
				<processingSoftware>
					<softwareName>tesseract 5.3.4</softwareName>
				</processingSoftware>
			</ocrProcessingStep>
		</OCRProcessing>
	</Description>
	<Layout>
		<Page WIDTH="986" HEIGHT="1703" PHYSICAL_IMG_NR="0" ID="page_0">
			<PrintSpace HPOS="0" VPOS="0" WIDTH="986" HEIGHT="1703">
				<ComposedBlock ID="cblock_0" HPOS="361" VPOS="124" WIDTH="403" HEIGHT="21">
					<TextBlock ID="block_0" HPOS="361" VPOS="124" WIDTH="403" HEIGHT="21">
						<TextLine ID="line_0" HPOS="361" VPOS="124" WIDTH="403" HEIGHT="21">
							<String ID="string_0" HPOS="361" VPOS="129" WIDTH="37" HEIGHT="16" WC="0.96" CONTENT="Den"/><SP WIDTH="15" VPOS="129" HPOS="398"/>
							<String ID="string_1" HPOS="413" VPOS="129" WIDTH="19" HEIGHT="16" WC="0.94" CONTENT="19"/><SP WIDTH="14" VPOS="129" HPOS="432"/>
							<String ID="string_2" HPOS="446" VPOS="129" WIDTH="40" HEIGHT="16" WC="0.94" CONTENT="febr."/><SP WIDTH="237" VPOS="129" HPOS="486"/>
							<String ID="string_3" HPOS="723" VPOS="124" WIDTH="41" HEIGHT="20" WC="0.96" CONTENT="303"/>
						</TextLine>
					</TextBlock>
				</ComposedBlock>
				<ComposedBlock ID="cblock_1" HPOS="51" VPOS="187" WIDTH="749" HEIGHT="1224">
					<TextBlock ID="block_1" HPOS="51" VPOS="187" WIDTH="743" HEIGHT="62">
						<TextLine ID="line_1" HPOS="53" VPOS="187" WIDTH="741" HEIGHT="29">
							<String ID="string_4" HPOS="53" VPOS="187" WIDTH="108" HEIGHT="28" WC="0.79" CONTENT="iakttagas"/><SP WIDTH="21" VPOS="187" HPOS="161"/>
							<String ID="string_5" HPOS="182" VPOS="194" WIDTH="45" HEIGHT="14" WC="0.96" CONTENT="som"/><SP WIDTH="21" VPOS="194" HPOS="227"/>
							<String ID="string_6" HPOS="248" VPOS="188" WIDTH="7" HEIGHT="19" WC="0.95" CONTENT="i"/><SP WIDTH="16" VPOS="188" HPOS="255"/>
							<String ID="string_7" HPOS="271" VPOS="188" WIDTH="12" HEIGHT="26" WC="0.45" CONTENT="8"/><SP WIDTH="16" VPOS="188" HPOS="283"/>
							<String ID="string_8" HPOS="299" VPOS="189" WIDTH="32" HEIGHT="24" WC="0.96" CONTENT="13,"/><SP WIDTH="23" VPOS="189" HPOS="331"/>
							<String ID="string_9" HPOS="354" VPOS="195" WIDTH="48" HEIGHT="13" WC="0.96" CONTENT="men"/><SP WIDTH="16" VPOS="195" HPOS="402"/>
							<String ID="string_10" HPOS="418" VPOS="189" WIDTH="7" HEIGHT="19" WC="0.96" CONTENT="i"/><SP WIDTH="15" VPOS="189" HPOS="425"/>
							<String ID="string_11" HPOS="440" VPOS="189" WIDTH="65" HEIGHT="27" WC="0.96" CONTENT="ingen"/><SP WIDTH="20" VPOS="189" HPOS="505"/>
							<String ID="string_12" HPOS="525" VPOS="188" WIDTH="102" HEIGHT="21" WC="0.93" CONTENT="händelse"/><SP WIDTH="15" VPOS="188" HPOS="627"/>
							<String ID="string_13" HPOS="642" VPOS="189" WIDTH="104" HEIGHT="20" WC="0.93" CONTENT="mantalet"/><SP WIDTH="16" VPOS="189" HPOS="746"/>
							<String ID="string_14" HPOS="762" VPOS="189" WIDTH="32" HEIGHT="20" WC="0.93" CONTENT="sä-"/>
						</TextLine>
						<TextLine ID="line_2" HPOS="51" VPOS="222" WIDTH="212" HEIGHT="27">
							<String ID="string_15" HPOS="51" VPOS="229" WIDTH="47" HEIGHT="14" WC="0.96" CONTENT="som"/><SP WIDTH="15" VPOS="229" HPOS="98"/>
							<String ID="string_16" HPOS="113" VPOS="222" WIDTH="65" HEIGHT="20" WC="0.94" CONTENT="sådan"/><SP WIDTH="16" VPOS="222" HPOS="178"/>
							<String ID="string_17" HPOS="194" VPOS="222" WIDTH="69" HEIGHT="27" WC="0.94" CONTENT="gillas."/>
						</TextLine>
					</TextBlock>
					<TextBlock ID="block_2" HPOS="51" VPOS="251" WIDTH="743" HEIGHT="163">
						<TextLine ID="line_3" HPOS="119" VPOS="251" WIDTH="674" HEIGHT="34">
							<String ID="string_18" HPOS="119" VPOS="255" WIDTH="218" HEIGHT="28" WC="0.90" CONTENT="Landtdagsmannen"/><SP WIDTH="23" VPOS="255" HPOS="337"/>
							<String ID="string_19" HPOS="360" VPOS="256" WIDTH="119" HEIGHT="21" WC="0.92" CONTENT="Heikura"/><SP WIDTH="19" VPOS="256" HPOS="479"/>
							<String ID="string_20" HPOS="498" VPOS="256" WIDTH="103" HEIGHT="22" WC="0.96" CONTENT="förenade"/><SP WIDTH="21" VPOS="256" HPOS="601"/>
							<String ID="string_21" HPOS="622" VPOS="257" WIDTH="33" HEIGHT="28" WC="0.96" CONTENT="sig"/><SP WIDTH="19" VPOS="257" HPOS="655"/>
							<String ID="string_22" HPOS="674" VPOS="257" WIDTH="50" HEIGHT="20" WC="0.93" CONTENT="med"/><SP WIDTH="20" VPOS="257" HPOS="724"/>
							<String ID="string_23" HPOS="744" VPOS="251" WIDTH="49" HEIGHT="26" WC="0.92" CONTENT="Öst-"/>
						</TextLine>
						<TextLine ID="line_4" HPOS="51" VPOS="290" WIDTH="743" HEIGHT="29">
							<String ID="string_24" HPOS="51" VPOS="290" WIDTH="50" HEIGHT="27" WC="0.96" CONTENT="ring"/><SP WIDTH="16" VPOS="290" HPOS="101"/>
							<String ID="string_25" HPOS="117" VPOS="290" WIDTH="40" HEIGHT="21" WC="0.96" CONTENT="och"/><SP WIDTH="15" VPOS="290" HPOS="157"/>
							<String ID="string_26" HPOS="172" VPOS="290" WIDTH="96" HEIGHT="27" WC="0.95" CONTENT="föreslog"/><SP WIDTH="15" VPOS="290" HPOS="268"/>
							<String ID="string_27" HPOS="283" VPOS="291" WIDTH="32" HEIGHT="20" WC="0.96" CONTENT="att"/><SP WIDTH="18" VPOS="291" HPOS="315"/>
							<String ID="string_28" HPOS="333" VPOS="290" WIDTH="8" HEIGHT="20" WC="0.96" CONTENT="i"/><SP WIDTH="16" VPOS="290" HPOS="341"/>
							<String ID="string_29" HPOS="357" VPOS="290" WIDTH="71" HEIGHT="21" WC="0.96" CONTENT="stället"/><SP WIDTH="20" VPOS="290" HPOS="428"/>
							<String ID="string_30" HPOS="448" VPOS="291" WIDTH="33" HEIGHT="20" WC="0.96" CONTENT="för"/><SP WIDTH="19" VPOS="291" HPOS="481"/>
							<String ID="string_31" HPOS="500" VPOS="290" WIDTH="26" HEIGHT="21" WC="0.97" CONTENT="de"/><SP WIDTH="20" VPOS="290" HPOS="526"/>
							<String ID="string_32" HPOS="546" VPOS="291" WIDTH="24" HEIGHT="20" WC="0.93" CONTENT="af"/><SP WIDTH="13" VPOS="291" HPOS="570"/>
							<String ID="string_33" HPOS="583" VPOS="291" WIDTH="73" HEIGHT="21" WC="0.92" CONTENT="Klami"/><SP WIDTH="14" VPOS="291" HPOS="656"/>
							<String ID="string_34" HPOS="670" VPOS="291" WIDTH="124" HEIGHT="28" WC="0.95" CONTENT="föreslagna"/>
						</TextLine>
						<TextLine ID="line_5" HPOS="51" VPOS="324" WIDTH="743" HEIGHT="28">
							<String ID="string_35" HPOS="51" VPOS="324" WIDTH="92" HEIGHT="20" WC="0.95" CONTENT="böterna"/><SP WIDTH="21" VPOS="324" HPOS="143"/>
							<String ID="string_36" HPOS="164" VPOS="324" WIDTH="60" HEIGHT="20" WC="0.95" CONTENT="tiden"/><SP WIDTH="23" VPOS="324" HPOS="224"/>
							<String ID="string_37" HPOS="247" VPOS="324" WIDTH="34" HEIGHT="20" WC="0.95" CONTENT="för"/><SP WIDTH="24" VPOS="324" HPOS="281"/>
							<String ID="string_38" HPOS="305" VPOS="324" WIDTH="151" HEIGHT="27" WC="0.95" CONTENT="skyldigheten"/><SP WIDTH="25" VPOS="324" HPOS="456"/>
							<String ID="string_39" HPOS="481" VPOS="326" WIDTH="31" HEIGHT="18" WC="0.96" CONTENT="att"/><SP WIDTH="26" VPOS="326" HPOS="512"/>
							<String ID="string_40" HPOS="538" VPOS="325" WIDTH="127" HEIGHT="20" WC="0.93" CONTENT="underhålla"/><SP WIDTH="22" VPOS="325" HPOS="665"/>
							<String ID="string_41" HPOS="687" VPOS="325" WIDTH="107" HEIGHT="27" WC="0.92" CONTENT="hägnads-"/>
						</TextLine>
						<TextLine ID="line_6" HPOS="52" VPOS="358" WIDTH="742" HEIGHT="27">
							<String ID="string_42" HPOS="52" VPOS="358" WIDTH="100" HEIGHT="26" WC="0.95" CONTENT="andelen,"/><SP WIDTH="16" VPOS="358" HPOS="152"/>
							<String ID="string_43" HPOS="168" VPOS="358" WIDTH="89" HEIGHT="20" WC="0.96" CONTENT="hvilken"/><SP WIDTH="15" VPOS="358" HPOS="257"/>
							<String ID="string_44" HPOS="272" VPOS="358" WIDTH="7" HEIGHT="20" WC="0.93" CONTENT="i"/><SP WIDTH="15" VPOS="358" HPOS="279"/>
							<String ID="string_45" HPOS="294" VPOS="358" WIDTH="12" HEIGHT="27" WC="0.74" CONTENT="&amp;"/><SP WIDTH="15" VPOS="358" HPOS="306"/>
							<String ID="string_46" HPOS="321" VPOS="358" WIDTH="106" HEIGHT="27" WC="0.96" CONTENT="föreslogs"/><SP WIDTH="14" VPOS="358" HPOS="427"/>
							<String ID="string_47" HPOS="441" VPOS="358" WIDTH="33" HEIGHT="21" WC="0.96" CONTENT="till"/><SP WIDTH="11" VPOS="358" HPOS="474"/>
							<String ID="string_48" HPOS="485" VPOS="358" WIDTH="43" HEIGHT="21" WC="0.96" CONTENT="fem"/><SP WIDTH="10" VPOS="358" HPOS="528"/>
							<String ID="string_49" HPOS="538" VPOS="358" WIDTH="30" HEIGHT="27" WC="0.96" CONTENT="år,"/><SP WIDTH="16" VPOS="358" HPOS="568"/>
							<String ID="string_50" HPOS="584" VPOS="358" WIDTH="70" HEIGHT="21" WC="0.96" CONTENT="skulle"/><SP WIDTH="10" VPOS="358" HPOS="654"/>
							<String ID="string_51" HPOS="664" VPOS="359" WIDTH="130" HEIGHT="21" WC="0.96" CONTENT="bestämmas"/>
						</TextLine>
						<TextLine ID="line_7" HPOS="52" VPOS="392" WIDTH="175" HEIGHT="22">
							<String ID="string_52" HPOS="52" VPOS="392" WIDTH="33" HEIGHT="21" WC="0.95" CONTENT="till"/><SP WIDTH="15" VPOS="392" HPOS="85"/>
							<String ID="string_53" HPOS="100" VPOS="392" WIDTH="82" HEIGHT="22" WC="0.96" CONTENT="femton"/><SP WIDTH="16" VPOS="392" HPOS="182"/>
							<String ID="string_54" HPOS="198" VPOS="392" WIDTH="29" HEIGHT="21" WC="0.96" CONTENT="år."/>
						</TextLine>
					</TextBlock>
					<TextBlock ID="block_3" HPOS="52" VPOS="427" WIDTH="745" HEIGHT="371">
						<TextLine ID="line_8" HPOS="119" VPOS="427" WIDTH="675" HEIGHT="28">
							<String ID="string_55" HPOS="119" VPOS="427" WIDTH="220" HEIGHT="27" WC="0.87" CONTENT="Landtdagsmannen"/><SP WIDTH="20" VPOS="427" HPOS="339"/>
							<String ID="string_56" HPOS="359" VPOS="427" WIDTH="123" HEIGHT="28" WC="0.95" CONTENT="Hagman"/><SP WIDTH="16" VPOS="427" HPOS="482"/>
							<String ID="string_57" HPOS="498" VPOS="427" WIDTH="54" HEIGHT="21" WC="0.96" CONTENT="hade"/><SP WIDTH="16" VPOS="427" HPOS="552"/>
							<String ID="string_58" HPOS="568" VPOS="428" WIDTH="73" HEIGHT="20" WC="0.96" CONTENT="ämnat"/><SP WIDTH="15" VPOS="428" HPOS="641"/>
							<String ID="string_59" HPOS="656" VPOS="428" WIDTH="68" HEIGHT="20" WC="0.93" CONTENT="uttala"/><SP WIDTH="15" VPOS="428" HPOS="724"/>
							<String ID="string_60" HPOS="739" VPOS="434" WIDTH="55" HEIGHT="14" WC="0.92" CONTENT="sam-"/>
						</TextLine>
						<TextLine ID="line_9" HPOS="52" VPOS="451" WIDTH="743" HEIGHT="42">
							<String ID="string_61" HPOS="52" VPOS="468" WIDTH="35" HEIGHT="14" WC="0.93" CONTENT="ma"/><SP WIDTH="16" VPOS="468" HPOS="87"/>
							<String ID="string_62" HPOS="103" VPOS="462" WIDTH="57" HEIGHT="27" WC="0.90" CONTENT="åsigt"/><SP WIDTH="14" VPOS="462" HPOS="160"/>
							<String ID="string_63" HPOS="174" VPOS="468" WIDTH="46" HEIGHT="14" WC="0.96" CONTENT="som"/><SP WIDTH="16" VPOS="468" HPOS="220"/>
							<String ID="string_64" HPOS="236" VPOS="451" WIDTH="100" HEIGHT="42" WC="0.91" CONTENT="Östring,"/><SP WIDTH="23" VPOS="451" HPOS="336"/>
							<String ID="string_65" HPOS="359" VPOS="468" WIDTH="49" HEIGHT="14" WC="0.96" CONTENT="men"/><SP WIDTH="15" VPOS="468" HPOS="408"/>
							<String ID="string_66" HPOS="423" VPOS="462" WIDTH="72" HEIGHT="20" WC="0.96" CONTENT="blifvit"/><SP WIDTH="15" VPOS="462" HPOS="495"/>
							<String ID="string_67" HPOS="510" VPOS="462" WIDTH="22" HEIGHT="20" WC="0.96" CONTENT="af"/><SP WIDTH="13" VPOS="462" HPOS="532"/>
							<String ID="string_68" HPOS="545" VPOS="462" WIDTH="79" HEIGHT="20" WC="0.96" CONTENT="honom"/><SP WIDTH="16" VPOS="462" HPOS="624"/>
							<String ID="string_69" HPOS="640" VPOS="462" WIDTH="155" HEIGHT="27" WC="0.96" CONTENT="förekommen,"/>
						</TextLine>
						<TextLine ID="line_10" HPOS="53" VPOS="496" WIDTH="742" HEIGHT="28">
							<String ID="string_70" HPOS="53" VPOS="496" WIDTH="100" HEIGHT="20" WC="0.92" CONTENT="hvarföre"/><SP WIDTH="15" VPOS="496" HPOS="153"/>
							<String ID="string_71" HPOS="168" VPOS="496" WIDTH="102" HEIGHT="27" WC="0.93" CONTENT="Hagman"/><SP WIDTH="18" VPOS="496" HPOS="270"/>
							<String ID="string_72" HPOS="288" VPOS="496" WIDTH="92" HEIGHT="20" WC="0.91" CONTENT="allenast"/><SP WIDTH="15" VPOS="496" HPOS="380"/>
							<String ID="string_73" HPOS="395" VPOS="496" WIDTH="50" HEIGHT="20" WC="0.96" CONTENT="ville"/><SP WIDTH="15" VPOS="496" HPOS="445"/>
							<String ID="string_74" HPOS="460" VPOS="496" WIDTH="90" HEIGHT="28" WC="0.96" CONTENT="tillägga"/><SP WIDTH="15" VPOS="496" HPOS="550"/>
							<String ID="string_75" HPOS="565" VPOS="497" WIDTH="31" HEIGHT="19" WC="0.96" CONTENT="ett"/><SP WIDTH="15" VPOS="497" HPOS="596"/>
							<String ID="string_76" HPOS="611" VPOS="496" WIDTH="99" HEIGHT="28" WC="0.96" CONTENT="exempel"/><SP WIDTH="14" VPOS="496" HPOS="710"/>
							<String ID="string_77" HPOS="724" VPOS="496" WIDTH="71" HEIGHT="21" WC="0.96" CONTENT="såsom"/>
						</TextLine>
						<TextLine ID="line_11" HPOS="53" VPOS="530" WIDTH="742" HEIGHT="28">
							<String ID="string_78" HPOS="53" VPOS="530" WIDTH="60" HEIGHT="20" WC="0.96" CONTENT="bevis"/><SP WIDTH="20" VPOS="530" HPOS="113"/>
							<String ID="string_79" HPOS="133" VPOS="530" WIDTH="28" HEIGHT="27" WC="0.93" CONTENT="på"/><SP WIDTH="20" VPOS="530" HPOS="161"/>
							<String ID="string_80" HPOS="181" VPOS="530" WIDTH="170" HEIGHT="28" WC="0.92" CONTENT="olämpligheten"/><SP WIDTH="20" VPOS="530" HPOS="351"/>
							<String ID="string_81" HPOS="371" VPOS="530" WIDTH="70" HEIGHT="26" WC="0.96" CONTENT="deraf,"/><SP WIDTH="23" VPOS="530" HPOS="441"/>
							<String ID="string_82" HPOS="464" VPOS="532" WIDTH="31" HEIGHT="19" WC="0.93" CONTENT="att"/><SP WIDTH="18" VPOS="532" HPOS="495"/>
							<String ID="string_83" HPOS="513" VPOS="530" WIDTH="104" HEIGHT="20" WC="0.91" CONTENT="mantalet"/><SP WIDTH="19" VPOS="530" HPOS="617"/>
							<String ID="string_84" HPOS="636" VPOS="530" WIDTH="99" HEIGHT="28" WC="0.93" CONTENT="utgjorde"/><SP WIDTH="16" VPOS="530" HPOS="735"/>
							<String ID="string_85" HPOS="751" VPOS="530" WIDTH="44" HEIGHT="20" WC="0.92" CONTENT="del-"/>
						</TextLine>
						<TextLine ID="line_12" HPOS="53" VPOS="564" WIDTH="743" HEIGHT="28">
							<String ID="string_86" HPOS="53" VPOS="564" WIDTH="136" HEIGHT="28" WC="0.92" CONTENT="ningsgrund"/><SP WIDTH="18" VPOS="564" HPOS="189"/>
							<String ID="string_87" HPOS="207" VPOS="564" WIDTH="33" HEIGHT="21" WC="0.93" CONTENT="för"/><SP WIDTH="15" VPOS="564" HPOS="240"/>
							<String ID="string_88" HPOS="255" VPOS="564" WIDTH="92" HEIGHT="28" WC="0.91" CONTENT="hägnad."/><SP WIDTH="30" VPOS="564" HPOS="347"/>
							<String ID="string_89" HPOS="377" VPOS="564" WIDTH="89" HEIGHT="21" WC="0.92" CONTENT="Tvenne"/><SP WIDTH="13" VPOS="564" HPOS="466"/>
							<String ID="string_90" HPOS="479" VPOS="564" WIDTH="127" HEIGHT="28" WC="0.92" CONTENT="jordegares"/><SP WIDTH="17" VPOS="564" HPOS="606"/>
							<String ID="string_91" HPOS="623" VPOS="571" WIDTH="51" HEIGHT="21" WC="0.92" CONTENT="egor"/><SP WIDTH="15" VPOS="571" HPOS="674"/>
							<String ID="string_92" HPOS="689" VPOS="564" WIDTH="107" HEIGHT="28" WC="0.96" CONTENT="gränsade"/>
						</TextLine>
						<TextLine ID="line_13" HPOS="53" VPOS="598" WIDTH="742" HEIGHT="27">
							<String ID="string_93" HPOS="53" VPOS="598" WIDTH="34" HEIGHT="21" WC="0.93" CONTENT="till"/><SP WIDTH="16" VPOS="598" HPOS="87"/>
							<String ID="string_94" HPOS="103" VPOS="598" WIDTH="130" HEIGHT="27" WC="0.96" CONTENT="hvarandra,"/><SP WIDTH="20" VPOS="598" HPOS="233"/>
							<String ID="string_95" HPOS="253" VPOS="598" WIDTH="42" HEIGHT="21" WC="0.93" CONTENT="den"/><SP WIDTH="16" VPOS="598" HPOS="295"/>
							<String ID="string_96" HPOS="311" VPOS="605" WIDTH="61" HEIGHT="20" WC="0.96" CONTENT="enes,"/><SP WIDTH="21" VPOS="605" HPOS="372"/>
							<String ID="string_97" HPOS="393" VPOS="606" WIDTH="45" HEIGHT="13" WC="0.96" CONTENT="som"/><SP WIDTH="15" VPOS="606" HPOS="438"/>
							<String ID="string_98" HPOS="453" VPOS="599" WIDTH="55" HEIGHT="21" WC="0.95" CONTENT="hade"/><SP WIDTH="16" VPOS="599" HPOS="508"/>
							<String ID="string_99" HPOS="524" VPOS="601" WIDTH="31" HEIGHT="18" WC="0.96" CONTENT="ett"/><SP WIDTH="15" VPOS="601" HPOS="555"/>
							<String ID="string_100" HPOS="570" VPOS="600" WIDTH="54" HEIGHT="19" WC="0.93" CONTENT="stort"/><SP WIDTH="14" VPOS="600" HPOS="624"/>
							<String ID="string_101" HPOS="638" VPOS="599" WIDTH="92" HEIGHT="26" WC="0.96" CONTENT="mantal,"/><SP WIDTH="15" VPOS="599" HPOS="730"/>
							<String ID="string_102" HPOS="745" VPOS="598" WIDTH="50" HEIGHT="22" WC="0.96" CONTENT="med"/>
						</TextLine>
						<TextLine ID="line_14" HPOS="53" VPOS="633" WIDTH="743" HEIGHT="28">
							<String ID="string_103" HPOS="53" VPOS="635" WIDTH="32" HEIGHT="19" WC="0.88" CONTENT="ett"/><SP WIDTH="18" VPOS="635" HPOS="85"/>
							<String ID="string_104" HPOS="103" VPOS="633" WIDTH="64" HEIGHT="20" WC="0.88" CONTENT="smalt"/><SP WIDTH="20" VPOS="633" HPOS="167"/>
							<String ID="string_105" HPOS="187" VPOS="633" WIDTH="74" HEIGHT="26" WC="0.92" CONTENT="skifte,"/><SP WIDTH="24" VPOS="633" HPOS="261"/>
							<String ID="string_106" HPOS="285" VPOS="633" WIDTH="42" HEIGHT="20" WC="0.96" CONTENT="den"/><SP WIDTH="20" VPOS="633" HPOS="327"/>
							<String ID="string_107" HPOS="347" VPOS="633" WIDTH="86" HEIGHT="26" WC="0.93" CONTENT="andras,"/><SP WIDTH="23" VPOS="633" HPOS="433"/>
							<String ID="string_108" HPOS="456" VPOS="633" WIDTH="88" HEIGHT="21" WC="0.92" CONTENT="hvilken"/><SP WIDTH="20" VPOS="633" HPOS="544"/>
							<String ID="string_109" HPOS="564" VPOS="633" WIDTH="54" HEIGHT="28" WC="0.92" CONTENT="egde"/><SP WIDTH="15" VPOS="633" HPOS="618"/>
							<String ID="string_110" HPOS="633" VPOS="633" WIDTH="55" HEIGHT="21" WC="0.92" CONTENT="blott"/><SP WIDTH="14" VPOS="633" HPOS="688"/>
							<String ID="string_111" HPOS="702" VPOS="635" WIDTH="31" HEIGHT="19" WC="0.96" CONTENT="ett"/><SP WIDTH="14" VPOS="635" HPOS="733"/>
							<String ID="string_112" HPOS="747" VPOS="633" WIDTH="49" HEIGHT="21" WC="0.96" CONTENT="litet"/>
						</TextLine>
						<TextLine ID="line_15" HPOS="54" VPOS="667" WIDTH="742" HEIGHT="28">
							<String ID="string_113" HPOS="54" VPOS="668" WIDTH="91" HEIGHT="26" WC="0.89" CONTENT="mantal,"/><SP WIDTH="15" VPOS="668" HPOS="145"/>
							<String ID="string_114" HPOS="160" VPOS="667" WIDTH="49" HEIGHT="21" WC="0.96" CONTENT="med"/><SP WIDTH="15" VPOS="667" HPOS="209"/>
							<String ID="string_115" HPOS="224" VPOS="669" WIDTH="31" HEIGHT="19" WC="0.93" CONTENT="ett"/><SP WIDTH="15" VPOS="669" HPOS="255"/>
							<String ID="string_116" HPOS="270" VPOS="667" WIDTH="62" HEIGHT="21" WC="0.92" CONTENT="bredt"/><SP WIDTH="16" VPOS="667" HPOS="332"/>
							<String ID="string_117" HPOS="348" VPOS="667" WIDTH="71" HEIGHT="21" WC="0.92" CONTENT="skifte."/><SP WIDTH="30" VPOS="667" HPOS="419"/>
							<String ID="string_118" HPOS="449" VPOS="668" WIDTH="81" HEIGHT="27" WC="0.91" CONTENT="Frägas"/><SP WIDTH="15" VPOS="668" HPOS="530"/>
							<String ID="string_119" HPOS="545" VPOS="667" WIDTH="84" HEIGHT="21" WC="0.93" CONTENT="kunde:"/><SP WIDTH="20" VPOS="667" HPOS="629"/>
							<String ID="string_120" HPOS="649" VPOS="674" WIDTH="51" HEIGHT="14" WC="0.92" CONTENT="vore"/><SP WIDTH="16" VPOS="674" HPOS="700"/>
							<String ID="string_121" HPOS="716" VPOS="667" WIDTH="36" HEIGHT="21" WC="0.96" CONTENT="det"/><SP WIDTH="15" VPOS="667" HPOS="752"/>
							<String ID="string_122" HPOS="767" VPOS="675" WIDTH="29" HEIGHT="13" WC="0.96" CONTENT="nu"/>
						</TextLine>
						<TextLine ID="line_16" HPOS="53" VPOS="701" WIDTH="743" HEIGHT="29">
							<String ID="string_123" HPOS="53" VPOS="702" WIDTH="83" HEIGHT="28" WC="0.92" CONTENT="rimligt"/><SP WIDTH="19" VPOS="702" HPOS="136"/>
							<String ID="string_124" HPOS="155" VPOS="703" WIDTH="32" HEIGHT="19" WC="0.96" CONTENT="att"/><SP WIDTH="18" VPOS="703" HPOS="187"/>
							<String ID="string_125" HPOS="205" VPOS="701" WIDTH="41" HEIGHT="21" WC="0.93" CONTENT="den"/><SP WIDTH="15" VPOS="701" HPOS="246"/>
							<String ID="string_126" HPOS="261" VPOS="701" WIDTH="59" HEIGHT="21" WC="0.92" CONTENT="förre"/><SP WIDTH="16" VPOS="701" HPOS="320"/>
							<String ID="string_127" HPOS="336" VPOS="702" WIDTH="69" HEIGHT="20" WC="0.93" CONTENT="skulle"/><SP WIDTH="16" VPOS="702" HPOS="405"/>
							<String ID="string_128" HPOS="421" VPOS="702" WIDTH="87" HEIGHT="27" WC="0.92" CONTENT="äläggas"/><SP WIDTH="16" VPOS="702" HPOS="508"/>
							<String ID="string_129" HPOS="524" VPOS="703" WIDTH="31" HEIGHT="19" WC="0.93" CONTENT="att"/><SP WIDTH="15" VPOS="703" HPOS="555"/>
							<String ID="string_130" HPOS="570" VPOS="702" WIDTH="86" HEIGHT="27" WC="0.93" CONTENT="deltaga"/><SP WIDTH="13" VPOS="702" HPOS="656"/>
							<String ID="string_131" HPOS="669" VPOS="701" WIDTH="7" HEIGHT="21" WC="0.93" CONTENT="i"/><SP WIDTH="14" VPOS="701" HPOS="676"/>
							<String ID="string_132" HPOS="690" VPOS="701" WIDTH="106" HEIGHT="28" WC="0.91" CONTENT="hägnads-"/>
						</TextLine>
						<TextLine ID="line_17" HPOS="53" VPOS="736" WIDTH="744" HEIGHT="27">
							<String ID="string_133" HPOS="53" VPOS="736" WIDTH="100" HEIGHT="20" WC="0.91" CONTENT="besväret"/><SP WIDTH="20" VPOS="736" HPOS="153"/>
							<String ID="string_134" HPOS="173" VPOS="736" WIDTH="55" HEIGHT="20" WC="0.96" CONTENT="efter"/><SP WIDTH="20" VPOS="736" HPOS="228"/>
							<String ID="string_135" HPOS="248" VPOS="736" WIDTH="37" HEIGHT="20" WC="0.93" CONTENT="sitt"/><SP WIDTH="20" VPOS="736" HPOS="285"/>
							<String ID="string_136" HPOS="305" VPOS="736" WIDTH="94" HEIGHT="20" WC="0.91" CONTENT="mantal?"/><SP WIDTH="24" VPOS="736" HPOS="399"/>
							<String ID="string_137" HPOS="423" VPOS="736" WIDTH="91" HEIGHT="20" WC="0.92" CONTENT="Talaren"/><SP WIDTH="20" VPOS="736" HPOS="514"/>
							<String ID="string_138" HPOS="534" VPOS="736" WIDTH="69" HEIGHT="27" WC="0.91" CONTENT="ansäg"/><SP WIDTH="18" VPOS="736" HPOS="603"/>
							<String ID="string_139" HPOS="621" VPOS="736" WIDTH="129" HEIGHT="27" WC="0.92" CONTENT="naturligast"/><SP WIDTH="15" VPOS="736" HPOS="750"/>
							<String ID="string_140" HPOS="765" VPOS="737" WIDTH="32" HEIGHT="19" WC="0.97" CONTENT="att"/>
						</TextLine>
						<TextLine ID="line_18" HPOS="55" VPOS="770" WIDTH="534" HEIGHT="28">
							<String ID="string_141" HPOS="55" VPOS="770" WIDTH="120" HEIGHT="28" WC="0.92" CONTENT="egovidden"/><SP WIDTH="14" VPOS="770" HPOS="175"/>
							<String ID="string_142" HPOS="189" VPOS="770" WIDTH="123" HEIGHT="20" WC="0.91" CONTENT="bestämdes"/><SP WIDTH="15" VPOS="770" HPOS="312"/>
							<String ID="string_143" HPOS="327" VPOS="770" WIDTH="71" HEIGHT="20" WC="0.92" CONTENT="säsom"/><SP WIDTH="15" VPOS="770" HPOS="398"/>
							<String ID="string_144" HPOS="413" VPOS="770" WIDTH="176" HEIGHT="28" WC="0.92" CONTENT="delningsgrund."/>
						</TextLine>
					</TextBlock>
					<TextBlock ID="block_4" HPOS="55" VPOS="798" WIDTH="745" HEIGHT="613">
						<TextLine ID="line_19" HPOS="122" VPOS="798" WIDTH="676" HEIGHT="34">
							<String ID="string_145" HPOS="122" VPOS="804" WIDTH="220" HEIGHT="28" WC="0.89" CONTENT="Landtdagsmannen"/><SP WIDTH="15" VPOS="804" HPOS="342"/>
							<String ID="string_146" HPOS="357" VPOS="804" WIDTH="85" HEIGHT="21" WC="0.93" CONTENT="Klami"/><SP WIDTH="15" VPOS="804" HPOS="442"/>
							<String ID="string_147" HPOS="457" VPOS="804" WIDTH="67" HEIGHT="28" WC="0.87" CONTENT="ansäg"/><SP WIDTH="14" VPOS="804" HPOS="524"/>
							<String ID="string_148" HPOS="538" VPOS="798" WIDTH="100" HEIGHT="34" WC="0.92" CONTENT="Östrings"/><SP WIDTH="16" VPOS="798" HPOS="638"/>
							<String ID="string_149" HPOS="654" VPOS="804" WIDTH="144" HEIGHT="28" WC="0.92" CONTENT="anmärkning"/>
						</TextLine>
						<TextLine ID="line_20" HPOS="55" VPOS="838" WIDTH="742" HEIGHT="28">
							<String ID="string_150" HPOS="55" VPOS="839" WIDTH="36" HEIGHT="21" WC="0.93" CONTENT="vid"/><SP WIDTH="14" VPOS="839" HPOS="91"/>
							<String ID="string_151" HPOS="105" VPOS="840" WIDTH="11" HEIGHT="26" WC="0.92" CONTENT="&amp;"/><SP WIDTH="17" VPOS="840" HPOS="116"/>
							<String ID="string_152" HPOS="133" VPOS="839" WIDTH="25" HEIGHT="20" WC="0.93" CONTENT="13"/><SP WIDTH="15" VPOS="839" HPOS="158"/>
							<String ID="string_153" HPOS="173" VPOS="838" WIDTH="48" HEIGHT="21" WC="0.88" CONTENT="icke"/><SP WIDTH="15" VPOS="838" HPOS="221"/>
							<String ID="string_154" HPOS="236" VPOS="838" WIDTH="66" HEIGHT="21" WC="0.92" CONTENT="hafva"/><SP WIDTH="15" VPOS="838" HPOS="302"/>
							<String ID="string_155" HPOS="317" VPOS="838" WIDTH="46" HEIGHT="21" WC="0.96" CONTENT="skäl"/><SP WIDTH="16" VPOS="838" HPOS="363"/>
							<String ID="string_156" HPOS="379" VPOS="838" WIDTH="33" HEIGHT="21" WC="0.96" CONTENT="för"/><SP WIDTH="16" VPOS="838" HPOS="412"/>
							<String ID="string_157" HPOS="428" VPOS="839" WIDTH="39" HEIGHT="27" WC="0.96" CONTENT="sig."/><SP WIDTH="29" VPOS="839" HPOS="467"/>
							<String ID="string_158" HPOS="496" VPOS="839" WIDTH="39" HEIGHT="20" WC="0.92" CONTENT="Att"/><SP WIDTH="14" VPOS="839" HPOS="535"/>
							<String ID="string_159" HPOS="549" VPOS="839" WIDTH="119" HEIGHT="27" WC="0.91" CONTENT="rägrannar"/><SP WIDTH="15" VPOS="839" HPOS="668"/>
							<String ID="string_160" HPOS="683" VPOS="839" WIDTH="70" HEIGHT="20" WC="0.96" CONTENT="skulle"/><SP WIDTH="10" VPOS="839" HPOS="753"/>
							<String ID="string_161" HPOS="763" VPOS="838" WIDTH="34" HEIGHT="21" WC="0.96" CONTENT="till"/>
						</TextLine>
						<TextLine ID="line_21" HPOS="55" VPOS="872" WIDTH="742" HEIGHT="28">
							<String ID="string_162" HPOS="55" VPOS="873" WIDTH="83" HEIGHT="21" WC="0.93" CONTENT="hälften"/><SP WIDTH="20" VPOS="873" HPOS="138"/>
							<String ID="string_163" HPOS="158" VPOS="872" WIDTH="85" HEIGHT="28" WC="0.91" CONTENT="deltaga"/><SP WIDTH="15" VPOS="872" HPOS="243"/>
							<String ID="string_164" HPOS="258" VPOS="873" WIDTH="7" HEIGHT="20" WC="0.93" CONTENT="i"/><SP WIDTH="15" VPOS="873" HPOS="265"/>
							<String ID="string_165" HPOS="280" VPOS="872" WIDTH="197" HEIGHT="28" WC="0.91" CONTENT="hägnadsbesväret"/><SP WIDTH="15" VPOS="872" HPOS="477"/>
							<String ID="string_166" HPOS="492" VPOS="880" WIDTH="51" HEIGHT="14" WC="0.92" CONTENT="vore"/><SP WIDTH="19" VPOS="880" HPOS="543"/>
							<String ID="string_167" HPOS="562" VPOS="872" WIDTH="122" HEIGHT="28" WC="0.91" CONTENT="olämpligt,"/><SP WIDTH="22" VPOS="872" HPOS="684"/>
							<String ID="string_168" HPOS="706" VPOS="872" WIDTH="91" HEIGHT="21" WC="0.91" CONTENT="emedan"/>
						</TextLine>
						<TextLine ID="line_22" HPOS="56" VPOS="906" WIDTH="741" HEIGHT="28">
							<String ID="string_169" HPOS="56" VPOS="908" WIDTH="42" HEIGHT="20" WC="0.96" CONTENT="den"/><SP WIDTH="21" VPOS="908" HPOS="98"/>
							<String ID="string_170" HPOS="119" VPOS="914" WIDTH="40" HEIGHT="14" WC="0.95" CONTENT="ena"/><SP WIDTH="19" VPOS="914" HPOS="159"/>
							<String ID="string_171" HPOS="178" VPOS="907" WIDTH="73" HEIGHT="20" WC="0.96" CONTENT="kunde"/><SP WIDTH="20" VPOS="907" HPOS="251"/>
							<String ID="string_172" HPOS="271" VPOS="907" WIDTH="28" HEIGHT="27" WC="0.96" CONTENT="pä"/><SP WIDTH="20" VPOS="907" HPOS="299"/>
							<String ID="string_173" HPOS="319" VPOS="907" WIDTH="46" HEIGHT="21" WC="0.96" CONTENT="sina"/><SP WIDTH="19" VPOS="907" HPOS="365"/>
							<String ID="string_174" HPOS="384" VPOS="907" WIDTH="33" HEIGHT="20" WC="0.96" CONTENT="till"/><SP WIDTH="20" VPOS="907" HPOS="417"/>
							<String ID="string_175" HPOS="437" VPOS="908" WIDTH="39" HEIGHT="20" WC="0.93" CONTENT="rän"/><SP WIDTH="20" VPOS="908" HPOS="476"/>
							<String ID="string_176" HPOS="496" VPOS="907" WIDTH="150" HEIGHT="27" WC="0.91" CONTENT="angränsande"/><SP WIDTH="20" VPOS="907" HPOS="646"/>
							<String ID="string_177" HPOS="666" VPOS="914" WIDTH="52" HEIGHT="20" WC="0.91" CONTENT="egor"/><SP WIDTH="14" VPOS="914" HPOS="718"/>
							<String ID="string_178" HPOS="732" VPOS="906" WIDTH="65" HEIGHT="22" WC="0.90" CONTENT="hafva"/>
						</TextLine>
						<TextLine ID="line_23" HPOS="56" VPOS="940" WIDTH="743" HEIGHT="27">
							<String ID="string_179" HPOS="56" VPOS="942" WIDTH="84" HEIGHT="20" WC="0.92" CONTENT="hundra"/><SP WIDTH="14" VPOS="942" HPOS="140"/>
							<String ID="string_180" HPOS="154" VPOS="942" WIDTH="95" HEIGHT="25" WC="0.92" CONTENT="kreatur,"/><SP WIDTH="14" VPOS="942" HPOS="249"/>
							<String ID="string_181" HPOS="263" VPOS="948" WIDTH="50" HEIGHT="14" WC="0.96" CONTENT="men"/><SP WIDTH="15" VPOS="948" HPOS="313"/>
							<String ID="string_182" HPOS="328" VPOS="941" WIDTH="42" HEIGHT="21" WC="0.96" CONTENT="den"/><SP WIDTH="16" VPOS="941" HPOS="370"/>
							<String ID="string_183" HPOS="386" VPOS="941" WIDTH="66" HEIGHT="21" WC="0.93" CONTENT="andra"/><SP WIDTH="15" VPOS="941" HPOS="452"/>
							<String ID="string_184" HPOS="467" VPOS="941" WIDTH="93" HEIGHT="21" WC="0.91" CONTENT="allenast"/><SP WIDTH="15" VPOS="941" HPOS="560"/>
							<String ID="string_185" HPOS="575" VPOS="942" WIDTH="37" HEIGHT="20" WC="0.93" CONTENT="ett."/><SP WIDTH="29" VPOS="942" HPOS="612"/>
							<String ID="string_186" HPOS="641" VPOS="940" WIDTH="90" HEIGHT="22" WC="0.91" CONTENT="Rättare"/><SP WIDTH="15" VPOS="940" HPOS="731"/>
							<String ID="string_187" HPOS="746" VPOS="947" WIDTH="53" HEIGHT="14" WC="0.91" CONTENT="vore"/>
						</TextLine>
						<TextLine ID="line_24" HPOS="57" VPOS="975" WIDTH="742" HEIGHT="28">
							<String ID="string_188" HPOS="57" VPOS="977" WIDTH="27" HEIGHT="20" WC="0.96" CONTENT="dä"/><SP WIDTH="19" VPOS="977" HPOS="84"/>
							<String ID="string_189" HPOS="103" VPOS="978" WIDTH="32" HEIGHT="19" WC="0.93" CONTENT="att"/><SP WIDTH="19" VPOS="978" HPOS="135"/>
							<String ID="string_190" HPOS="154" VPOS="976" WIDTH="104" HEIGHT="21" WC="0.92" CONTENT="mantalet"/><SP WIDTH="23" VPOS="976" HPOS="258"/>
							<String ID="string_191" HPOS="281" VPOS="976" WIDTH="101" HEIGHT="27" WC="0.93" CONTENT="utgjorde"/><SP WIDTH="23" VPOS="976" HPOS="382"/>
							<String ID="string_192" HPOS="405" VPOS="975" WIDTH="179" HEIGHT="28" WC="0.82" CONTENT="delningsgrund,"/><SP WIDTH="23" VPOS="975" HPOS="584"/>
							<String ID="string_193" HPOS="607" VPOS="975" WIDTH="40" HEIGHT="21" WC="0.90" CONTENT="och"/><SP WIDTH="21" VPOS="975" HPOS="647"/>
							<String ID="string_194" HPOS="668" VPOS="976" WIDTH="77" HEIGHT="20" WC="0.90" CONTENT="rättast"/><SP WIDTH="21" VPOS="976" HPOS="745"/>
							<String ID="string_195" HPOS="766" VPOS="976" WIDTH="33" HEIGHT="19" WC="0.96" CONTENT="att"/>
						</TextLine>
						<TextLine ID="line_25" HPOS="56" VPOS="1008" WIDTH="743" HEIGHT="30">
							<String ID="string_196" HPOS="56" VPOS="1010" WIDTH="249" HEIGHT="28" WC="0.91" CONTENT="hägnadsskyldigheten"/><SP WIDTH="16" VPOS="1010" HPOS="305"/>
							<String ID="string_197" HPOS="321" VPOS="1009" WIDTH="127" HEIGHT="28" WC="0.92" CONTENT="fullgjordes"/><SP WIDTH="16" VPOS="1009" HPOS="448"/>
							<String ID="string_198" HPOS="464" VPOS="1010" WIDTH="55" HEIGHT="20" WC="0.96" CONTENT="efter"/><SP WIDTH="15" VPOS="1010" HPOS="519"/>
							<String ID="string_199" HPOS="534" VPOS="1010" WIDTH="82" HEIGHT="20" WC="0.93" CONTENT="antalet"/><SP WIDTH="15" VPOS="1010" HPOS="616"/>
							<String ID="string_200" HPOS="631" VPOS="1010" WIDTH="97" HEIGHT="26" WC="0.93" CONTENT="kreatur;"/><SP WIDTH="16" VPOS="1010" HPOS="728"/>
							<String ID="string_201" HPOS="744" VPOS="1008" WIDTH="55" HEIGHT="21" WC="0.97" CONTENT="dock"/>
						</TextLine>
						<TextLine ID="line_26" HPOS="56" VPOS="1043" WIDTH="742" HEIGHT="28">
							<String ID="string_202" HPOS="56" VPOS="1051" WIDTH="51" HEIGHT="14" WC="0.92" CONTENT="vore"/><SP WIDTH="21" VPOS="1051" HPOS="107"/>
							<String ID="string_203" HPOS="128" VPOS="1044" WIDTH="36" HEIGHT="20" WC="0.96" CONTENT="det"/><SP WIDTH="20" VPOS="1044" HPOS="164"/>
							<String ID="string_204" HPOS="184" VPOS="1051" WIDTH="77" HEIGHT="13" WC="0.93" CONTENT="senare"/><SP WIDTH="20" VPOS="1051" HPOS="261"/>
							<String ID="string_205" HPOS="281" VPOS="1043" WIDTH="125" HEIGHT="21" WC="0.91" CONTENT="outförbart."/><SP WIDTH="33" VPOS="1043" HPOS="406"/>
							<String ID="string_206" HPOS="439" VPOS="1044" WIDTH="135" HEIGHT="27" WC="0.91" CONTENT="Lämpligast"/><SP WIDTH="19" VPOS="1044" HPOS="574"/>
							<String ID="string_207" HPOS="593" VPOS="1050" WIDTH="51" HEIGHT="14" WC="0.92" CONTENT="vore"/><SP WIDTH="15" VPOS="1050" HPOS="644"/>
							<String ID="string_208" HPOS="659" VPOS="1043" WIDTH="85" HEIGHT="21" WC="0.92" CONTENT="derföre"/><SP WIDTH="16" VPOS="1043" HPOS="744"/>
							<String ID="string_209" HPOS="760" VPOS="1045" WIDTH="38" HEIGHT="24" WC="0.96" CONTENT="att,"/>
						</TextLine>
						<TextLine ID="line_27" HPOS="57" VPOS="1077" WIDTH="742" HEIGHT="28">
							<String ID="string_210" HPOS="57" VPOS="1079" WIDTH="71" HEIGHT="20" WC="0.96" CONTENT="såsom"/><SP WIDTH="19" VPOS="1079" HPOS="128"/>
							<String ID="string_211" HPOS="147" VPOS="1077" WIDTH="101" HEIGHT="28" WC="0.93" CONTENT="Hagman"/><SP WIDTH="20" VPOS="1077" HPOS="248"/>
							<String ID="string_212" HPOS="268" VPOS="1077" WIDTH="123" HEIGHT="28" WC="0.93" CONTENT="föreslagit,"/><SP WIDTH="20" VPOS="1077" HPOS="391"/>
							<String ID="string_213" HPOS="411" VPOS="1077" WIDTH="120" HEIGHT="28" WC="0.92" CONTENT="egovidden"/><SP WIDTH="20" VPOS="1077" HPOS="531"/>
							<String ID="string_214" HPOS="551" VPOS="1077" WIDTH="121" HEIGHT="20" WC="0.96" CONTENT="bestämdes"/><SP WIDTH="21" VPOS="1077" HPOS="672"/>
							<String ID="string_215" HPOS="693" VPOS="1084" WIDTH="46" HEIGHT="13" WC="0.93" CONTENT="som"/><SP WIDTH="15" VPOS="1084" HPOS="739"/>
							<String ID="string_216" HPOS="754" VPOS="1077" WIDTH="45" HEIGHT="20" WC="0.91" CONTENT="del-"/>
						</TextLine>
						<TextLine ID="line_28" HPOS="57" VPOS="1111" WIDTH="742" HEIGHT="29">
							<String ID="string_217" HPOS="57" VPOS="1112" WIDTH="135" HEIGHT="28" WC="0.91" CONTENT="ningsgrund"/><SP WIDTH="15" VPOS="1112" HPOS="192"/>
							<String ID="string_218" HPOS="207" VPOS="1112" WIDTH="33" HEIGHT="21" WC="0.93" CONTENT="för"/><SP WIDTH="15" VPOS="1112" HPOS="240"/>
							<String ID="string_219" HPOS="255" VPOS="1111" WIDTH="91" HEIGHT="28" WC="0.91" CONTENT="hägnad."/><SP WIDTH="30" VPOS="1111" HPOS="346"/>
							<String ID="string_220" HPOS="376" VPOS="1112" WIDTH="118" HEIGHT="27" WC="0.96" CONTENT="Angående"/><SP WIDTH="12" VPOS="1112" HPOS="494"/>
							<String ID="string_221" HPOS="506" VPOS="1112" WIDTH="36" HEIGHT="20" WC="0.96" CONTENT="sitt"/><SP WIDTH="10" VPOS="1112" HPOS="542"/>
							<String ID="string_222" HPOS="552" VPOS="1111" WIDTH="37" HEIGHT="21" WC="0.93" CONTENT="vid"/><SP WIDTH="15" VPOS="1111" HPOS="589"/>
							<String ID="string_223" HPOS="604" VPOS="1112" WIDTH="12" HEIGHT="27" WC="0.93" CONTENT="$"/><SP WIDTH="17" VPOS="1112" HPOS="616"/>
							<String ID="string_224" HPOS="633" VPOS="1112" WIDTH="24" HEIGHT="20" WC="0.93" CONTENT="16"/><SP WIDTH="15" VPOS="1112" HPOS="657"/>
							<String ID="string_225" HPOS="672" VPOS="1111" WIDTH="78" HEIGHT="28" WC="0.92" CONTENT="gjorda"/><SP WIDTH="14" VPOS="1111" HPOS="750"/>
							<String ID="string_226" HPOS="764" VPOS="1118" WIDTH="35" HEIGHT="21" WC="0.92" CONTENT="yr-"/>
						</TextLine>
						<TextLine ID="line_29" HPOS="57" VPOS="1146" WIDTH="743" HEIGHT="28">
							<String ID="string_227" HPOS="57" VPOS="1147" WIDTH="71" HEIGHT="22" WC="0.95" CONTENT="kande"/><SP WIDTH="16" VPOS="1147" HPOS="128"/>
							<String ID="string_228" HPOS="144" VPOS="1154" WIDTH="34" HEIGHT="13" WC="0.90" CONTENT="om"/><SP WIDTH="15" VPOS="1154" HPOS="178"/>
							<String ID="string_229" HPOS="193" VPOS="1147" WIDTH="62" HEIGHT="20" WC="0.90" CONTENT="böter"/><SP WIDTH="14" VPOS="1147" HPOS="255"/>
							<String ID="string_230" HPOS="269" VPOS="1147" WIDTH="51" HEIGHT="20" WC="0.93" CONTENT="ville"/><SP WIDTH="16" VPOS="1147" HPOS="320"/>
							<String ID="string_231" HPOS="336" VPOS="1147" WIDTH="84" HEIGHT="20" WC="0.92" CONTENT="talaren"/><SP WIDTH="15" VPOS="1147" HPOS="420"/>
							<String ID="string_232" HPOS="435" VPOS="1147" WIDTH="126" HEIGHT="27" WC="0.93" CONTENT="ytterligare"/><SP WIDTH="15" VPOS="1147" HPOS="561"/>
							<String ID="string_233" HPOS="576" VPOS="1146" WIDTH="102" HEIGHT="27" WC="0.93" CONTENT="förklara,"/><SP WIDTH="16" VPOS="1146" HPOS="678"/>
							<String ID="string_234" HPOS="694" VPOS="1148" WIDTH="31" HEIGHT="19" WC="0.96" CONTENT="att"/><SP WIDTH="15" VPOS="1148" HPOS="725"/>
							<String ID="string_235" HPOS="740" VPOS="1146" WIDTH="60" HEIGHT="21" WC="0.95" CONTENT="detta"/>
						</TextLine>
						<TextLine ID="line_30" HPOS="58" VPOS="1180" WIDTH="742" HEIGHT="27">
							<String ID="string_236" HPOS="58" VPOS="1182" WIDTH="58" HEIGHT="20" WC="0.96" CONTENT="skett"/><SP WIDTH="15" VPOS="1182" HPOS="116"/>
							<String ID="string_237" HPOS="131" VPOS="1181" WIDTH="23" HEIGHT="20" WC="0.96" CONTENT="af"/><SP WIDTH="17" VPOS="1181" HPOS="154"/>
							<String ID="string_238" HPOS="171" VPOS="1181" WIDTH="42" HEIGHT="20" WC="0.93" CONTENT="den"/><SP WIDTH="16" VPOS="1181" HPOS="213"/>
							<String ID="string_239" HPOS="229" VPOS="1181" WIDTH="73" HEIGHT="26" WC="0.92" CONTENT="orsak,"/><SP WIDTH="20" VPOS="1181" HPOS="302"/>
							<String ID="string_240" HPOS="322" VPOS="1182" WIDTH="32" HEIGHT="19" WC="0.95" CONTENT="att"/><SP WIDTH="20" VPOS="1182" HPOS="354"/>
							<String ID="string_241" HPOS="374" VPOS="1181" WIDTH="41" HEIGHT="20" WC="0.93" CONTENT="den"/><SP WIDTH="20" VPOS="1181" HPOS="415"/>
							<String ID="string_242" HPOS="435" VPOS="1181" WIDTH="131" HEIGHT="21" WC="0.89" CONTENT="tredskande"/><SP WIDTH="20" VPOS="1181" HPOS="566"/>
							<String ID="string_243" HPOS="586" VPOS="1180" WIDTH="48" HEIGHT="21" WC="0.92" CONTENT="icke"/><SP WIDTH="15" VPOS="1180" HPOS="634"/>
							<String ID="string_244" HPOS="649" VPOS="1180" WIDTH="71" HEIGHT="21" WC="0.96" CONTENT="kunde"/><SP WIDTH="16" VPOS="1180" HPOS="720"/>
							<String ID="string_245" HPOS="736" VPOS="1187" WIDTH="64" HEIGHT="14" WC="0.96" CONTENT="anses"/>
						</TextLine>
						<TextLine ID="line_31" HPOS="57" VPOS="1215" WIDTH="743" HEIGHT="28">
							<String ID="string_246" HPOS="57" VPOS="1215" WIDTH="66" HEIGHT="22" WC="0.87" CONTENT="hafva"/><SP WIDTH="24" VPOS="1215" HPOS="123"/>
							<String ID="string_247" HPOS="147" VPOS="1215" WIDTH="144" HEIGHT="28" WC="0.87" CONTENT="undandragit"/><SP WIDTH="26" VPOS="1215" HPOS="291"/>
							<String ID="string_248" HPOS="317" VPOS="1215" WIDTH="32" HEIGHT="28" WC="0.96" CONTENT="sig"/><SP WIDTH="22" VPOS="1215" HPOS="349"/>
							<String ID="string_249" HPOS="371" VPOS="1215" WIDTH="129" HEIGHT="28" WC="0.95" CONTENT="deltagande"/><SP WIDTH="22" VPOS="1215" HPOS="500"/>
							<String ID="string_250" HPOS="522" VPOS="1215" WIDTH="7" HEIGHT="21" WC="0.93" CONTENT="i"/><SP WIDTH="23" VPOS="1215" HPOS="529"/>
							<String ID="string_251" HPOS="552" VPOS="1215" WIDTH="248" HEIGHT="28" WC="0.92" CONTENT="stängselskyldigheten"/>
						</TextLine>
						<TextLine ID="line_32" HPOS="59" VPOS="1249" WIDTH="741" HEIGHT="28">
							<String ID="string_252" HPOS="59" VPOS="1250" WIDTH="34" HEIGHT="20" WC="0.93" CONTENT="till"/><SP WIDTH="10" VPOS="1250" HPOS="93"/>
							<String ID="string_253" HPOS="103" VPOS="1249" WIDTH="53" HEIGHT="28" WC="0.93" CONTENT="följe"/><SP WIDTH="15" VPOS="1249" HPOS="156"/>
							<String ID="string_254" HPOS="171" VPOS="1249" WIDTH="24" HEIGHT="21" WC="0.93" CONTENT="af"/><SP WIDTH="13" VPOS="1249" HPOS="195"/>
							<String ID="string_255" HPOS="208" VPOS="1249" WIDTH="134" HEIGHT="28" WC="0.92" CONTENT="okunnighet"/><SP WIDTH="16" VPOS="1249" HPOS="342"/>
							<String ID="string_256" HPOS="358" VPOS="1249" WIDTH="53" HEIGHT="21" WC="0.93" CONTENT="eller"/><SP WIDTH="13" VPOS="1249" HPOS="411"/>
							<String ID="string_257" HPOS="424" VPOS="1250" WIDTH="99" HEIGHT="27" WC="0.89" CONTENT="misstag,"/><SP WIDTH="18" VPOS="1250" HPOS="523"/>
							<String ID="string_258" HPOS="541" VPOS="1251" WIDTH="52" HEIGHT="20" WC="0.96" CONTENT="utan"/><SP WIDTH="11" VPOS="1251" HPOS="593"/>
							<String ID="string_259" HPOS="604" VPOS="1249" WIDTH="24" HEIGHT="21" WC="0.93" CONTENT="af"/><SP WIDTH="7" VPOS="1249" HPOS="628"/>
							<String ID="string_260" HPOS="635" VPOS="1249" WIDTH="121" HEIGHT="28" WC="0.92" CONTENT="beräkning"/><SP WIDTH="14" VPOS="1249" HPOS="756"/>
							<String ID="string_261" HPOS="770" VPOS="1249" WIDTH="30" HEIGHT="20" WC="0.92" CONTENT="el-"/>
						</TextLine>
						<TextLine ID="line_33" HPOS="59" VPOS="1283" WIDTH="741" HEIGHT="28">
							<String ID="string_262" HPOS="59" VPOS="1285" WIDTH="32" HEIGHT="20" WC="0.92" CONTENT="ler"/><SP WIDTH="15" VPOS="1285" HPOS="91"/>
							<String ID="string_263" HPOS="106" VPOS="1283" WIDTH="94" HEIGHT="22" WC="0.90" CONTENT="tredska."/><SP WIDTH="29" VPOS="1283" HPOS="200"/>
							<String ID="string_264" HPOS="229" VPOS="1284" WIDTH="82" HEIGHT="21" WC="0.90" CONTENT="Vidare"/><SP WIDTH="17" VPOS="1284" HPOS="311"/>
							<String ID="string_265" HPOS="328" VPOS="1284" WIDTH="55" HEIGHT="21" WC="0.93" CONTENT="hade"/><SP WIDTH="15" VPOS="1284" HPOS="383"/>
							<String ID="string_266" HPOS="398" VPOS="1284" WIDTH="84" HEIGHT="21" WC="0.93" CONTENT="talaren"/><SP WIDTH="15" VPOS="1284" HPOS="482"/>
							<String ID="string_267" HPOS="497" VPOS="1284" WIDTH="51" HEIGHT="27" WC="0.92" CONTENT="sjelf"/><SP WIDTH="13" VPOS="1284" HPOS="548"/>
							<String ID="string_268" HPOS="561" VPOS="1283" WIDTH="41" HEIGHT="21" WC="0.92" CONTENT="fätt"/><SP WIDTH="15" VPOS="1283" HPOS="602"/>
							<String ID="string_269" HPOS="617" VPOS="1283" WIDTH="69" HEIGHT="21" WC="0.93" CONTENT="erfara"/><SP WIDTH="15" VPOS="1283" HPOS="686"/>
							<String ID="string_270" HPOS="701" VPOS="1284" WIDTH="32" HEIGHT="19" WC="0.93" CONTENT="att"/><SP WIDTH="15" VPOS="1284" HPOS="733"/>
							<String ID="string_271" HPOS="748" VPOS="1283" WIDTH="52" HEIGHT="28" WC="0.93" CONTENT="häg-"/>
						</TextLine>
						<TextLine ID="line_34" HPOS="60" VPOS="1317" WIDTH="740" HEIGHT="27">
							<String ID="string_272" HPOS="60" VPOS="1319" WIDTH="66" HEIGHT="20" WC="0.87" CONTENT="nader"/><SP WIDTH="21" VPOS="1319" HPOS="126"/>
							<String ID="string_273" HPOS="147" VPOS="1318" WIDTH="71" HEIGHT="21" WC="0.87" CONTENT="blifvit"/><SP WIDTH="22" VPOS="1318" HPOS="218"/>
							<String ID="string_274" HPOS="240" VPOS="1318" WIDTH="118" HEIGHT="21" WC="0.92" CONTENT="värderade"/><SP WIDTH="19" VPOS="1318" HPOS="358"/>
							<String ID="string_275" HPOS="377" VPOS="1318" WIDTH="34" HEIGHT="20" WC="0.96" CONTENT="till"/><SP WIDTH="18" VPOS="1318" HPOS="411"/>
							<String ID="string_276" HPOS="429" VPOS="1318" WIDTH="84" HEIGHT="21" WC="0.96" CONTENT="hälften"/><SP WIDTH="20" VPOS="1318" HPOS="513"/>
							<String ID="string_277" HPOS="533" VPOS="1318" WIDTH="24" HEIGHT="21" WC="0.93" CONTENT="af"/><SP WIDTH="15" VPOS="1318" HPOS="557"/>
							<String ID="string_278" HPOS="572" VPOS="1317" WIDTH="56" HEIGHT="22" WC="0.91" CONTENT="hvad"/><SP WIDTH="15" VPOS="1317" HPOS="628"/>
							<String ID="string_279" HPOS="643" VPOS="1317" WIDTH="26" HEIGHT="21" WC="0.93" CONTENT="de"/><SP WIDTH="15" VPOS="1317" HPOS="669"/>
							<String ID="string_280" HPOS="684" VPOS="1317" WIDTH="116" HEIGHT="27" WC="0.91" CONTENT="rätteligen"/>
						</TextLine>
						<TextLine ID="line_35" HPOS="59" VPOS="1350" WIDTH="741" HEIGHT="28">
							<String ID="string_281" HPOS="59" VPOS="1352" WIDTH="79" HEIGHT="20" WC="0.96" CONTENT="kostat."/><SP WIDTH="35" VPOS="1352" HPOS="138"/>
							<String ID="string_282" HPOS="173" VPOS="1351" WIDTH="78" HEIGHT="21" WC="0.78" CONTENT="Likväl"/><SP WIDTH="22" VPOS="1351" HPOS="251"/>
							<String ID="string_283" HPOS="273" VPOS="1352" WIDTH="52" HEIGHT="20" WC="0.93" CONTENT="ville"/><SP WIDTH="21" VPOS="1352" HPOS="325"/>
							<String ID="string_284" HPOS="346" VPOS="1351" WIDTH="83" HEIGHT="21" WC="0.96" CONTENT="talaren"/><SP WIDTH="22" VPOS="1351" HPOS="429"/>
							<String ID="string_285" HPOS="451" VPOS="1352" WIDTH="49" HEIGHT="20" WC="0.96" CONTENT="icke"/><SP WIDTH="21" VPOS="1352" HPOS="500"/>
							<String ID="string_286" HPOS="521" VPOS="1351" WIDTH="94" HEIGHT="21" WC="0.96" CONTENT="vidhålla"/><SP WIDTH="23" VPOS="1351" HPOS="615"/>
							<String ID="string_287" HPOS="638" VPOS="1351" WIDTH="36" HEIGHT="20" WC="0.93" CONTENT="sitt"/><SP WIDTH="21" VPOS="1351" HPOS="674"/>
							<String ID="string_288" HPOS="695" VPOS="1350" WIDTH="105" HEIGHT="28" WC="0.96" CONTENT="yrkande,"/>
						</TextLine>
						<TextLine ID="line_36" HPOS="60" VPOS="1384" WIDTH="614" HEIGHT="27">
							<String ID="string_289" HPOS="60" VPOS="1385" WIDTH="72" HEIGHT="21" WC="0.91" CONTENT="derest"/><SP WIDTH="15" VPOS="1385" HPOS="132"/>
							<String ID="string_290" HPOS="147" VPOS="1385" WIDTH="59" HEIGHT="20" WC="0.96" CONTENT="detta"/><SP WIDTH="15" VPOS="1385" HPOS="206"/>
							<String ID="string_291" HPOS="221" VPOS="1385" WIDTH="70" HEIGHT="21" WC="0.96" CONTENT="skulle"/><SP WIDTH="16" VPOS="1385" HPOS="291"/>
							<String ID="string_292" HPOS="307" VPOS="1391" WIDTH="62" HEIGHT="14" WC="0.96" CONTENT="anses"/><SP WIDTH="15" VPOS="1391" HPOS="369"/>
							<String ID="string_293" HPOS="384" VPOS="1385" WIDTH="47" HEIGHT="20" WC="0.96" CONTENT="icke"/><SP WIDTH="15" VPOS="1385" HPOS="431"/>
							<String ID="string_294" HPOS="446" VPOS="1385" WIDTH="64" HEIGHT="21" WC="0.96" CONTENT="hafva"/><SP WIDTH="15" VPOS="1385" HPOS="510"/>
							<String ID="string_295" HPOS="525" VPOS="1385" WIDTH="46" HEIGHT="20" WC="0.96" CONTENT="skäl"/><SP WIDTH="15" VPOS="1385" HPOS="571"/>
							<String ID="string_296" HPOS="586" VPOS="1384" WIDTH="34" HEIGHT="21" WC="0.96" CONTENT="för"/><SP WIDTH="16" VPOS="1384" HPOS="620"/>
							<String ID="string_297" HPOS="636" VPOS="1385" WIDTH="38" HEIGHT="26" WC="0.96" CONTENT="sig."/>
						</TextLine>
					</TextBlock>
				</ComposedBlock>
			</PrintSpace>
		</Page>
	</Layout>
</alto>
