981 1700
346 131 37 17 Den
398 131 11 17 2
421 131 49 23 april.
714 126 40 21 675

43 189 69 21 vande
133 190 201 22 bränvinsskattens
356 191 78 29 belopp
455 191 40 21 och
514 191 129 28 fördelning.
671 191 45 21 Det
733 198 51 14 vore

42 224 88 20 alldeles
151 225 119 21 detsamma
290 232 45 14 som
356 227 32 19 att
408 226 56 27 sälja
477 226 86 20 skinnet
578 225 24 21 af
615 225 41 21 den
671 226 43 26 räf,
737 232 45 14 som

41 260 57 19 ännu
115 266 79 20 sprang
209 259 7 21 i
232 259 88 28 skogen.
350 259 120 28 Uppgiften
486 261 31 19 att
532 260 26 20 de
573 266 57 21 unga
646 267 77 20 genom
734 260 50 21 hus-

41 292 212 29 behofsbränningen
277 293 69 21 vande
368 294 34 27 sig
421 294 36 20 vid
477 293 81 28 fylleri,
580 293 52 21 fann
652 294 82 21 talaren
750 294 33 21 för

40 326 86 21 ståndet
145 326 86 28 mycket
250 327 159 21 förnärmande.
439 327 58 21 Vore
518 327 70 21 denna
606 328 86 28 uppgift
707 327 76 22 verke-

40 361 58 27 ligen
119 368 63 20 sann,
202 362 23 20 så
246 362 69 20 skulle
331 363 40 19 ock
386 362 113 28 samtelige
514 362 147 21 ledamöterne
674 362 9 21 i
697 363 87 21 ståndet

40 395 48 21 icke
108 402 51 14 vara
180 397 65 19 annat
260 398 27 18 än
302 396 28 27 på
345 396 71 28 fylleri
432 396 86 27 begifna
534 403 109 21 personer,
666 404 45 13 som
728 396 55 21 intet

40 430 108 21 anseende
164 429 54 22 hade
235 430 53 21 eller
303 431 127 27 förtjenade.
461 430 92 21 Talaren
568 431 68 27 ansåg
650 431 34 28 sig
697 430 85 21 derföre

42 464 50 21 böra
114 464 136 21 tillbakavisa
270 465 64 27 sagde
353 465 125 28 påstående.
507 465 67 21 Gåfve
590 472 50 14 man
655 465 90 21 bränvin
761 465 23 21 åt

42 506 25 14 en
90 499 74 28 björn,
187 499 23 21 så
235 499 69 24 skulle
325 499 41 21 den
388 500 82 21 förtära
490 500 62 21 deraf
568 500 35 27 så,
626 501 30 20 att
676 501 42 20 den
738 499 46 22 blef

41 533 105 28 drucken,
167 534 68 21 ehuru
253 534 41 21 den
313 534 48 21 icke
378 535 29 27 på
426 535 67 28 något
510 536 42 19 sätt
567 534 71 22 blifvit
652 541 42 14 van
709 534 73 21 dertill

42 569 35 21 vid
93 568 175 29 tillverkningen.
298 569 87 21 Samma
396 570 58 26 drift,
470 576 46 14 som
527 569 73 21 dervid
611 568 63 22 ledde
684 569 99 28 björnen,
796 570 4 4 '

40 610 52 15 vore
108 604 36 20 det
160 604 39 20 ock
214 610 46 14 som
280 604 76 28 gjorde
376 604 126 26 drinkaren,
520 604 48 21 icke
583 611 70 14 vanan
668 604 36 21 vid
719 603 63 22 brän-

40 638 58 21 vinet
120 638 48 21 från
191 638 137 21 barndomen.
361 638 11 20 I
394 638 66 22 saken
483 645 51 15 vore
557 638 82 21 talaren
662 645 52 14 ense
733 638 49 21 med

40 672 93 21 Brusila.

107 706 219 28 Landtdagsmannen
343 706 125 22 Mansten
483 707 109 27 förmälte,
604 708 32 19 att
650 706 90 27 talaren,
755 706 27 21 då

40 741 140 21 förevarande
200 740 61 29 fråga
279 741 46 21 före
340 742 105 20 remissen
460 741 32 21 till
508 742 104 20 utskottet
627 741 7 20 i
650 740 86 28 ståndet
750 740 32 21 fö-

41 776 81 20 rehafts
141 776 32 20 till
193 775 132 27 diskussion,
343 776 87 28 ingifvit
444 777 31 19 ett
490 776 104 28 skriftligt
610 775 118 21 anförande
746 782 37 14 an-

40 810 82 29 gående
143 810 168 28 grundskattens
331 810 144 26 afskaffande,
497 810 82 21 hvilket
598 810 23 20 af
634 810 85 20 ståndet
734 809 48 21 icke

41 846 119 21 betraktats
180 845 70 20 såsom
270 844 91 28 petition
381 845 40 21 och
436 845 7 20 i
458 844 105 22 utskottet
578 844 92 28 spårlöst
684 844 98 21 försvun-

40 880 38 20 nit.
109 880 45 20 Och
171 879 146 21 återhemtade
333 879 82 21 talaren
430 879 57 21 hvad
500 879 43 21 han
558 879 27 21 då
600 878 70 28 yrkat,
685 879 53 20 eller
751 880 31 18 att

41 914 252 27 husbehofsbränningen
308 914 66 20 borde
390 914 129 26 bibehållas,
540 914 23 20 så
577 914 63 26 länge
654 912 128 28 jordbruka-

40 956 39 14 ren
95 948 95 28 trycktes
206 948 23 20 af
243 948 162 27 grundskatten,
421 949 55 19 samt
490 947 80 29 gillade
585 947 56 21 hvad
655 946 73 22 Klami
742 946 40 21 och

40 983 101 27 Hagman
160 982 7 20 i
188 982 65 21 saken
274 982 78 20 anfört.
386 982 140 20 Beträffande
546 982 35 20 det
603 980 178 28 förmynderskap

40 1017 26 20 de
86 1016 67 22 andre
173 1016 91 21 stånden
282 1016 7 21 i
309 1016 70 21 denna
398 1016 38 20 sak
457 1016 54 28 tagit
528 1016 32 27 sig
578 1015 60 21 öfver
652 1014 130 21 bondestån-

41 1051 43 27 det,
99 1051 52 20 fann
167 1050 81 21 talaren
264 1050 36 22 det
315 1050 95 21 hvarken
427 1050 75 28 nödigt
517 1050 53 20 eller
584 1049 105 28 lämpligt.
719 1048 63 21 Tala-

40 1092 37 14 ren
100 1085 75 21 trodde
191 1087 31 18 att
236 1084 53 22 hans
305 1086 54 25 röst,
380 1086 31 19 att
426 1084 96 21 ståndets
537 1085 45 20 röst
596 1083 48 21 icke
660 1083 69 21 skulle
745 1083 37 20 hö-

40 1127 34 14 ras
94 1120 61 27 långt
175 1121 57 19 emot
247 1118 26 22 de
289 1120 33 20 tre
337 1119 71 28 öfriga
422 1119 102 21 ståndens
538 1118 77 27 beslut,
635 1124 49 15 men
699 1117 83 21 talaren

41 1154 109 29 hoppades
171 1154 66 21 likväl
256 1156 31 19 att
302 1154 95 26 ståndet,
416 1161 34 14 om
466 1154 36 21 det
517 1153 138 27 enstämmigt
670 1151 113 22 öfverlem-

41 1189 55 21 nade
116 1189 32 20 sin
167 1189 38 20 sak
223 1188 34 21 till
272 1188 84 21 landets
372 1188 123 26 storfurste,
514 1188 29 20 H.
558 1187 40 21 M:t
612 1187 118 27 Kejsarens
745 1187 38 19 nå-

40 1224 50 27 diga
113 1223 127 28 afgörande,
262 1223 69 20 skulle
353 1223 67 20 blifva
442 1222 117 21 bibehållet
580 1221 36 21 vid
640 1221 46 20 sina
708 1221 76 26 rättig-

40 1258 68 20 heter.

107 1291 221 27 Landtdagsmannen
344 1290 67 21 Keto
425 1290 106 21 instämde
547 1289 55 27 deri,
625 1290 31 20 att
671 1288 113 22 Manstens

41 1326 129 20 omnämnda
191 1325 144 28 andragande,
355 1332 46 13 som
418 1325 109 26 bordlagts
542 1324 33 20 till
591 1324 49 20 dess
654 1322 129 29 propositio-

41 1367 41 13 nen
106 1366 34 14 om
164 1358 270 28 bränvinstillverkningen
459 1358 105 21 förehafts
589 1357 39 20 och
650 1356 134 21 remitterats

42 1394 32 21 till
90 1393 112 27 utskottet,
223 1393 73 28 åtföljt
310 1392 104 22 remissen
431 1394 50 20 utan
496 1394 32 19 att
543 1391 106 21 utskottet
664 1392 74 27 syntes
752 1390 32 21 fä-

42 1430 42 20 stat
99 1429 79 21 minsta
193 1428 102 22 afseende
310 1428 13 21 &
338 1428 36 21 det
388 1426 133 23 framställda
535 1426 106 29 yrkandet
656 1433 34 14 om
704 1424 80 30 grund-
