967 1706
342 135 38 17 Den
393 135 9 16 1
416 134 47 24 april.
712 128 39 22 657

106 193 222 29 Landtdagsmannen
347 194 96 22 Retula
457 201 38 14 var
510 194 40 22 ock
565 200 51 16 ense
629 194 49 22 med
689 194 91 22 Tiainen

40 228 38 21 och
93 228 81 28 yrkade
190 230 32 18 att
236 228 57 21 hvad
308 229 91 20 Tiainen
415 228 112 28 föreslagit
538 228 69 21 skulle
621 229 3 20 i
635 236 64 14 mom.
711 230 70 26 tilläg-

40 270 36 20 gas
92 262 96 27 sälunda,
203 264 32 20 att
251 263 54 21 efter
321 263 62 21 ordet
402 263 85 27 ,skola*
504 263 96 21 inskötes
620 262 66 22 orden
703 263 20 27 ,i
738 263 42 21 för-

40 296 98 22 hällande
153 296 34 21 till
202 297 62 21 deras
280 297 102 21 rörelse*.

104 330 222 29 Landtdagsmannen
341 331 72 21 Keto
425 332 51 21 fann
487 332 36 20 det
533 331 165 29 ifrägavarande
709 332 71 28 tilläg-

39 367 35 26 get
89 366 96 28 onödigt,
201 366 27 21 dä
243 366 36 21 det
294 373 52 14 vore
361 366 110 28 sjelffallet
487 368 31 19 att
532 366 130 21 kommunen
679 366 53 29 egde
743 366 36 22 be-

39 401 90 21 stämma
144 407 35 15 om
202 400 39 22 och
256 401 7 20 i
279 400 108 22 hurudant
409 400 135 22 förhållande
567 400 26 22 de
615 400 164 28 ifrågavarande

38 435 173 28 inrättningarna
225 435 66 22 borde
302 436 7 20 i
320 435 253 29 vägbyggnadsbesväret
589 435 92 28 deltaga.
716 435 63 22 Skat-

38 471 35 20 ten
89 471 33 20 till
138 470 83 21 kronan
236 470 72 21 kunde
324 470 74 21 dervid
411 470 48 21 icke
475 471 74 27 läggas
563 470 34 21 till
612 471 76 27 grund.

105 505 220 28 Landtdagsmannen
348 498 118 35 Östring
487 505 92 28 yttrade,
595 506 32 20 att
649 505 69 21 sävidt
736 505 43 22 han

38 539 70 21 kunde
125 539 68 21 förstä
208 539 39 21 här
263 540 19 27 ej
299 546 50 14 vore
365 539 62 28 fräga
442 546 34 14 om
492 539 58 21 skatt
564 539 33 21 till
617 539 90 27 kronan,
726 541 52 20 utan

38 581 33 14 om
95 575 31 20 ett
148 574 135 21 kommunalt
301 581 60 14 onus.
399 573 119 29 Angående
541 573 238 30 hällskjutsningsskyl-

38 608 100 29 digheten
154 615 50 15 vore
220 608 159 29 uttryekeligen
391 608 6 21 i
408 608 147 22 betänkandet
570 608 99 28 uttaladt,
681 610 32 19 att
727 608 51 22 den-

37 650 81 14 samma
133 643 70 21 skulle
218 644 52 27 utgä
284 643 7 20 i
307 643 36 21 det
357 643 146 28 förhällande,
518 643 61 22 hvari
594 643 139 21 kommunala
748 643 31 22 af-

37 678 65 27 gifter
118 677 40 21 och
172 678 76 21 besvär
263 678 119 28 utgjordes.
419 678 44 21 Det
483 685 50 14 vore
553 678 85 21 derföre
653 678 79 28 tydligt
747 680 32 19 att

38 712 162 27 delaktigheten
221 712 6 20 i
254 714 51 26 väg-
328 713 39 20 och
386 712 304 29 brobyggnadsskyldigheten
710 712 70 22 skulle

37 746 130 22 bestämmas
182 746 56 21 efter
254 747 113 21 enahanda
381 747 76 28 grund.

104 781 85 21 Genom
204 781 99 28 votering
317 781 73 21 bifölls
410 781 95 21 härefter
524 781 36 22 det
580 781 24 21 af
615 780 92 22 Tiainen
723 781 55 22 före-

38 816 76 27 slagna
128 816 78 28 tillägg
220 816 49 21 med
285 816 27 20 24
327 817 70 20 röster
413 818 57 19 emot
486 816 35 27 16;
544 816 52 21 derä
610 823 64 14 mom.
691 816 7 20 i
714 816 66 28 öfrigt

37 850 131 28 godkändes.

104 884 65 22 Emot
189 885 94 21 beslutet
304 885 139 21 reserverade
459 885 33 28 sig
514 884 209 29 landtdagsmannen
746 885 32 21 Si-

36 919 74 21 molin.

357 955 25 20 14
397 961 64 14 mom.

105 988 66 21 Detta
186 995 63 14 mom.
266 988 69 21 skulle
357 989 106 20 uteslutas
485 989 69 27 enligt
572 987 73 22 derom
661 987 7 22 i
683 988 38 29 gär
743 987 34 22 vid

38 1023 174 21 bestämmandet
227 1023 24 20 af
265 1023 206 28 skjutspenningens
485 1023 79 28 belopp
580 1022 78 21 fattadt
673 1022 77 22 beslut.

105 1057 219 28 Landtdagsmannen
347 1057 118 21 Heikura
487 1056 96 27 anförde,
599 1059 32 18 att
652 1057 53 27 alla,
727 1063 51 15 vare

38 1093 33 26 sig
86 1092 62 21 herre
165 1091 53 22 eller
232 1091 77 28 bonde,
325 1091 92 22 behöfde
433 1093 40 26 väg
489 1091 39 21 och
539 1091 86 21 derföre
633 1091 82 28 jemväl
729 1091 49 21 bor-

38 1127 25 20 de
79 1127 87 27 deltaga
181 1127 7 20 i
203 1126 149 29 vägbyggnad.
389 1127 50 20 Alla
458 1126 65 21 borde
540 1125 39 22 ock
595 1125 97 28 derföre,
708 1127 69 20 säsom

38 1161 63 21 äfven
118 1161 77 20 doktor
214 1161 100 20 Granfelt
329 1161 7 20 i
352 1161 133 21 reservation
501 1162 57 19 emot
572 1160 117 21 utskottets
704 1160 73 21 betän-

38 1195 70 21 kande
123 1195 72 27 yrkat,
211 1195 88 28 äläggas
318 1195 7 20 i
341 1195 76 28 antydt
437 1195 100 21 afseende
553 1195 71 20 betala
639 1194 70 28 afgift,
724 1194 54 21 hvil-

37 1230 43 20 ken
96 1229 72 21 kunde
191 1229 52 28 utgå
265 1229 56 21 efter
342 1229 144 28 persontalet,
501 1229 24 20 af
545 1229 178 27 ständspersoner
745 1229 33 20 för

38 1266 49 19 män
103 1263 49 21 med
167 1264 27 20 80
209 1263 38 21 och
264 1264 33 20 för
311 1263 91 28 gvinnor
417 1263 50 21 med
486 1264 27 20 40
528 1263 65 27 penni
616 1265 55 18 samt
693 1263 24 20 af
736 1262 41 22 den

38 1298 117 22 arbetande
170 1298 86 21 klassen
271 1298 34 21 för
320 1299 50 20 män
385 1297 49 21 med
451 1299 25 20 10
491 1297 40 21 och
547 1297 91 28 gvinnor
651 1298 13 20 5
679 1297 73 28 penni.

105 1332 219 27 Landtdagsmannen
354 1332 113 20 Brusila
500 1331 145 20 understödde
669 1331 109 20 Heikuras

38 1363 88 35 förslag.
350 1393 4 5 ,

106 1400 219 28 Landtdagsmannen
345 1394 108 34 Östring
473 1401 100 20 motsatte
592 1399 33 28 sig
644 1399 27 29 pä
692 1398 36 22 det
743 1399 36 22 be-

39 1435 118 23 stämdaste
173 1435 41 22 den
230 1435 123 28 föreslagna
367 1435 135 28 vägskatten.
539 1434 113 29 Förslaget
673 1434 105 22 innebure

84 1476 72 19 Hederv.
171 1477 124 17 bondeständets
305 1476 64 22 protok.
382 1475 26 18 11.
690 1475 22 17 42
