967 1709
202 125 41 20 640
488 132 37 15 Den
538 131 20 16 31
573 136 50 12 mars.

243 189 221 28 Landtdagsmannen
481 190 119 21 Mansten
616 190 93 28 yttrade,
725 192 31 20 att
772 191 26 21 då
808 190 118 22 befrielsen

175 224 48 20 från
244 224 121 27 utgörande
386 224 24 21 af
428 224 198 29 hållskjutsningen
642 225 69 28 enligt
726 225 149 22 betänkandet
890 234 36 13 en-

176 258 48 21 dast
243 258 72 28 gällde
337 258 27 21 de
383 260 125 21 nuvarande
527 258 181 28 innehafvarene,
731 260 57 28 finge
804 259 72 22 denna
891 260 36 22 be-

175 292 75 22 frielse
271 293 105 21 utseende
393 293 24 21 af
430 300 26 14 en
473 294 98 28 pension.
602 293 46 22 Och
664 300 46 15 som
726 294 84 22 talaren
825 296 54 20 utan
895 302 33 14 er-

176 327 98 28 sättning
289 327 54 21 eller
358 328 91 28 pension
466 328 75 21 afstått
556 328 49 21 från
621 328 42 22 den
678 328 86 22 förmon
780 329 7 21 i
800 329 104 21 afseende
916 331 12 19 å

176 361 163 28 skjutsningen,
361 362 44 21 han
425 362 70 22 såsom
514 362 145 22 nämndeman
675 363 63 27 hade,
761 364 67 28 ansåg
843 364 85 21 talaren

175 395 171 22 innehafvarene
365 396 24 21 af
406 397 146 21 lotshemman
572 397 74 21 kunna
661 399 54 27 göra
730 398 126 21 detsamma.
886 398 42 22 Ta-

176 430 61 21 laren
257 430 112 29 hoppades
389 433 32 19 att
440 432 23 20 så
478 432 189 21 nämndemannen
684 439 46 14 som
745 432 71 22 lotsen
831 433 98 21 härefter

176 464 71 22 blefve
264 467 67 19 ersatt
345 466 35 20 för
395 466 38 21 sitt
449 466 82 28 besvär,
547 467 24 20 så
585 468 32 19 att
633 466 50 21 dem
697 466 49 22 icke
762 467 88 27 gjordes
864 467 68 21 behof

177 499 23 20 af
212 500 68 27 några
295 500 98 21 friheter.

243 534 223 28 Landtdagsmannen
485 529 117 33 Östring
621 535 80 28 gillade
721 535 48 21 icke
786 536 142 21 redaktionen

177 568 23 21 af
214 568 166 28 ifrågavarande
396 576 64 14 mom.
491 570 102 20 Tvertom
609 569 96 21 önskade
721 569 64 21 äfven
801 570 85 22 talaren
897 572 32 19 att

178 603 41 21 den
236 599 66 37 måtte
319 603 84 21 ändras.
433 604 49 21 Den
502 603 201 29 omständigheten,
724 606 33 19 att
775 604 107 22 lotsarnes
898 605 31 20 af-

178 637 76 28 löning
270 637 74 28 utgick
359 638 57 21 ifrån
435 638 184 26 lotshemmanen,
639 638 49 21 lade
709 638 121 21 emellertid
846 641 32 19 ett
894 640 35 20 vä-

178 672 105 28 sendtligt
297 671 78 22 hinder
391 674 58 19 emot
464 672 93 28 ändring
571 672 52 21 deri.
653 672 195 28 Lotshemmanen,
864 674 65 20 bland

179 706 73 21 hvilka
267 706 78 21 funnes
361 706 127 28 lägenheter
504 706 24 22 af
538 707 55 21 bäde
606 707 85 27 krono-,
707 707 80 21 skatte-
804 708 41 20 och
855 707 75 21 frälse-

179 743 70 24 natur,
265 740 99 22 betalade
380 741 92 21 likasom
488 741 67 22 andra
565 742 101 21 hemman
678 741 136 28 grundskatt,
825 742 105 28 rotering,

179 776 73 20 tionde
264 783 27 13 m.
302 784 28 12 m.
355 775 44 21 Det
414 776 63 27 enda,
492 776 111 21 hvarifrån
619 776 26 21 de
661 776 83 28 ätnjöto
759 776 109 27 befrielse,
879 783 51 14 vore

177 810 172 28 häliskjutsning
366 810 39 21 och
420 810 168 28 vägabyggnad,
609 818 49 13 men
674 810 98 21 deremot
787 810 100 22 betalade
904 810 25 21 de

179 845 40 21 den
236 844 24 22 af
274 845 82 21 talaren
372 844 59 23 förut
447 844 130 23 omnämnda
588 844 97 29 aflöning
695 845 33 21 till
739 845 103 21 lotsarne.
867 845 63 22 Lots-

178 880 131 21 hemmanen
321 880 72 21 kunde
408 880 37 20 vid
460 879 88 22 anfördt
562 880 137 21 förhållande
714 880 105 28 billigtvis
834 880 48 21 icke
894 880 36 22 be-

180 915 64 21 lastas
265 914 50 21 med
333 914 127 28 ytterligare
476 914 69 26 skatt,
561 914 67 22 innan
644 914 26 22 de
685 914 108 22 befriades
808 914 48 22 frän
872 915 58 28 skyl-

180 949 102 28 digheten
297 950 33 19 att
342 948 73 22 betala
431 949 65 27 sagde
512 948 102 28 aflöning.

248 983 222 28 Landtdagsmannen
490 983 157 21 Kotilainen
667 984 99 20 förmälte
787 984 33 28 sig
840 990 90 14 numera

180 1026 52 13 vara
247 1025 52 14 ense
316 1018 49 20 med
380 1018 111 27 Mansten;
507 1024 50 14 men
573 1018 52 20 ville
640 1017 72 22 tillika
723 1018 78 27 erinra,
812 1019 32 20 att
854 1020 76 19 nämn-

180 1054 159 25 demännerne,
361 1046 54 27 som
429 1052 110 21 härintills
561 1052 93 28 nödgats
673 1052 94 28 fullgöra
782 1052 148 28 hvarjehanda

179 1088 108 27 uppdrag,
311 1094 46 14 som
377 1087 27 20 de
425 1086 23 21 af
467 1087 142 21 länsmannen
629 1086 96 27 erhållit,
748 1087 96 21 härefter
865 1087 65 21 också

180 1122 67 20 borde
263 1128 52 14 vara
330 1120 97 22 bofriade
443 1121 47 21 från
507 1121 116 21 desamma.
649 1121 70 28 Eljest
730 1121 86 21 komme
827 1121 104 22 nämnde-

181 1163 93 14 mannen
290 1157 32 19 att
337 1157 78 26 utgöra
431 1155 78 21 dubbel
525 1155 177 29 hällskjutsning.

247 1189 222 28 Landtdagsmannen
489 1190 197 28 Kumpulainen
706 1190 95 28 yttrade,
824 1192 32 19 att
879 1190 51 20 lots-

181 1225 81 27 ningen
283 1230 52 15 vore
351 1226 30 18 ett
396 1224 77 21 besvär
489 1224 24 21 af
525 1224 46 21 helt
586 1231 72 14 annan
673 1227 34 18 art
722 1226 27 19 än
765 1224 165 28 hällskjutsnin-

182 1265 49 21 gen.
261 1258 49 20 Den
327 1258 59 20 förra
401 1258 72 20 kunde
489 1258 50 20 med
554 1258 49 20 fullt
618 1258 47 20 skäl
680 1264 62 14 anses
759 1258 70 20 säsom
846 1264 27 14 en
888 1259 43 19 sta-

183 1297 47 15 tens
249 1291 167 28 angelägenhet.
446 1291 49 21 Den
515 1298 76 14 senare
607 1298 52 14 vore
674 1292 98 20 deremot
787 1293 31 19 ett
833 1292 98 23 kommu-

182 1326 45 21 nalt
247 1325 122 29 äliggande.
399 1325 175 22 Innehafvarene
593 1325 24 21 af
634 1326 173 21 lotshemmanen
823 1333 52 14 voro
891 1326 41 21 ock

184 1368 91 14 numera
296 1360 98 21 befriade
418 1360 48 22 frän
492 1360 268 28 lotsningsskyldigheten.
794 1360 136 28 Lotsningen

182 1395 142 21 verkställdes
340 1402 78 21 genom
435 1395 101 21 särskildt
551 1397 96 27 antagna
661 1396 74 26 lotsar,
751 1402 46 14 som
808 1396 70 27 enligt
888 1395 43 21 för-

182 1430 93 27 ordning
290 1429 23 21 af
329 1430 53 20 1857
399 1430 82 21 erhöllo
498 1430 33 20 sin
547 1430 96 26 aflöning
653 1430 23 20 af
685 1430 90 21 kronan.
806 1429 43 21 För
860 1430 71 20 denna
