992 1703
207 127 42 22 834
489 132 39 17 Den
541 131 22 18 12
576 131 48 24 april.

179 192 56 28 tagit
257 191 162 29 ridderskapets
442 191 40 21 och
504 191 76 21 adelns
599 190 132 29 inbjudning
746 192 34 20 till
795 191 137 28 underdånig

180 226 100 28 petition,
299 225 94 21 rörande
409 225 158 27 sjömätningar
583 225 35 21 vid
634 225 103 21 kusterne
753 225 39 21 och
808 226 129 27 omorgani-.

179 260 71 21 sation
270 259 24 21 af
307 260 137 28 postgången
460 259 61 21 öfver
536 252 83 28 Ålands
634 259 43 27 haf,
700 260 42 26 5:0)
758 260 87 20 nedsatt
860 260 70 20 ansla-

179 296 37 27 get
231 294 33 21 till
280 294 149 27 kanalisering
443 293 24 21 af
475 293 154 22 Walkiakoski
640 294 56 20 forss
707 293 47 21 från
767 294 92 27 700,000
870 294 61 21 mark

179 329 34 20 till
235 329 91 26 250,000
348 328 69 27 mark,
440 328 34 20 till
494 328 89 21 hvilken
602 328 92 21 sednare
710 335 83 14 summa
809 328 122 21 kostnaden

179 369 91 15 numera
288 362 83 21 utredts
389 362 118 28 rätteligen
522 363 80 28 uppgå,
624 363 42 27 6:0)
682 362 72 28 afböjt
769 363 162 28 ridderskapets

179 398 41 21 och
242 397 76 22 adelns
339 397 132 28 inbjudning
493 397 34 21 till
547 397 136 28 underdånig
702 397 100 28 petition,
818 397 113 28 angående

180 432 123 21 inrättande
319 431 22 21 af
356 431 93 22 särskild
462 431 204 29 jernvägsstyrelse,
688 431 39 22 och
751 433 42 26 7:0)
812 432 34 21 till
867 432 70 21 forss-.

179 467 130 28 rensningar
329 466 8 21 i
355 466 56 21 Uleä
431 465 32 22 elf
481 466 40 21 och
540 467 7 20 i
563 466 26 21 de
605 466 7 20 i
628 466 56 21 Uleä
699 466 61 21 träsk
775 466 96 21 fallande
886 468 45 19 vat-

180 501 92 28 tendrag
293 500 90 29 beviljat
406 501 93 26 300,000
521 501 72 26 mark;
614 500 39 22 och
676 501 76 30 inbjöd
774 501 158 28 deputationen

178 536 161 22 bondeståndet
354 537 32 20 att
400 535 136 22 beträffande
551 535 134 22 sistnämnda
699 535 70 29 punkt
784 535 77 22 förena
876 535 33 28 sig
925 535 21 24 i-

179 571 46 21 lika
241 571 70 21 beslut
327 570 49 21 med
391 569 167 29 prestaständet.
941 581 2 3 i

247 604 164 29 Deputationen
426 601 106 25 afträdde.

248 673 123 22 Fortsattes
387 673 151 21 diskussionen
554 681 35 13 om
605 668 156 26 sammansatta
774 672 45 29 lag-
831 673 40 21 och
883 673 50 21 eko-

181 708 177 22 nomiutskottets
369 707 82 29 förslag
461 708 34 20 till
506 707 212 28 sammanjemkning
728 707 24 21 af
761 708 103 20 ständens
873 708 76 28 skilj-.'

181 743 74 28 aktiga
270 743 73 21 beslut
357 742 7 21 i
380 742 119 28 anledning
514 742 24 20 af
551 742 80 28 nädiga
645 742 164 28 propositionen
826 743 107 28 om-lego-

180 778 77 27 stadga
272 777 33 21 för
320 776 125 22 husbönder
460 777 42 21 och
517 776 140 28 tjenstehjon.

248 811 223 28 Landidagsmannen
487 810 86 22 Klami
588 810 92 28 yttrade,
700 812 31 20 att
746 818 27 14 en
790 811 85 28 tjenare
890 812 42 21 vis-

181 846 95 28 serligen
287 845 56 21 hade
353 845 28 21 fri
392 845 53 28 vilja
456 845 40 21 och
504 845 73 21 kunde
586 845 64 21 äfven
659 844 53 28 följa
721 845 41 21 den
772 845 78 21 liksom
859 846 74 22 andra.

180 880 51 21 Men
243 880 36 21 det
289 886 52 14 vore
352 879 85 21 derföre
448 879 48 21 icke
507 880 43 20 rätt
560 880 32 19 att
601 881 52 19 utan
662 879 141 21 skonsamhet
811 879 73 22 inleda
893 881 40 27 tje-

180 922 68 14 naren
263 914 8 20 i
286 914 107 20 frestelse.
423 913 32 21 Pä
470 914 78 20 sädant
558 915 43 19 sätt
612 913 72 21 kunde
695 914 93 27 mängen
800 914 65 28 eljest
876 914 57 21 oför-

179 949 64 28 vitlig
263 948 58 21 falla.
351 948 58 21 Frän
430 948 42 20 slik
493 948 111 28 synpunkt
619 954 51 14 vore
686 954 50 14 man
752 948 41 20 ock
808 948 125 28 berättigad

181 985 32 19 att
226 983 61 28 yrka,
303 984 32 18 att
349 989 27 14 en
393 988 38 14 son
447 982 71 20 skulle
534 982 22 21 fä
571 982 69 20 vittna
656 982 6 20 i
678 982 46 26 sak,
740 989 47 13 som
802 982 64 21 rörde
880 983 54 21 hans

180 1017 68 21 fader.
277 1016 76 27 Enligt
373 1016 37 27 lag
429 1022 52 15 vore
502 1016 55 21 dock
572 1016 65 20 äfven
652 1016 136 27 syskonbarn
802 1016 84 28 jäfvige
902 1019 32 18 att

180 1051 70 21 vittna
265 1052 59 20 emot
339 1049 128 28 hvarandra,
489 1050 68 21 ehuru
573 1049 26 21 de
615 1050 103 27 vanligen
733 1050 58 21 lefde
807 1051 70 20 skilda
893 1051 40 21 och

181 1085 122 21 oberoende
319 1085 24 20 af
355 1083 129 22 hvarandra.
504 1084 49 21 Den
566 1085 178 26 samvetsgranne
755 1084 104 21 domaren
871 1085 62 21 sökte

181 1119 102 28 vanligen
299 1119 23 20 så
337 1118 87 28 mycket
439 1125 46 14 som
502 1119 86 27 möjligt
604 1118 96 21 undvika
720 1119 31 20 att
766 1119 79 28 bringa
859 1126 74 20 perso-

180 1160 39 14 ner
234 1154 29 27 på
277 1152 34 22 ed.
339 1151 193 22 Häradsdomaren
546 1152 120 27 Paajanen,
682 1159 46 14 som
744 1159 38 14 var
798 1159 26 14 en
839 1153 24 20 så
873 1160 60 21 gam-

179 1187 44 21 mal
238 1194 57 20 man,
311 1186 55 21 hade
381 1186 65 21 bordt
460 1186 74 21 känna
549 1186 34 21 till
598 1186 60 21 detta
674 1186 142 22 förhållande.
839 1187 46 21 Der
897 1187 35 21 ed-

179 1222 58 26 gång
253 1221 46 21 ofta
314 1220 114 27 anlitades,
444 1220 38 21 der
497 1220 141 28 försvagades
654 1220 40 21 ock
710 1220 66 21 edens
792 1221 115 21 anseende.

247 1254 222 27 Landtdagsmannen
485 1254 134 27 Paajanen
634 1254 68 27 ansåg
718 1254 36 20 det
769 1254 93 21 emellan
879 1254 53 21 barn

180 1288 40 22 och
235 1288 93 28 tjenare,
351 1288 70 20 såsom
441 1287 142 21 medlemmar
601 1287 24 21 af
638 1287 107 29 familjen,
760 1294 52 15 vara
827 1288 45 21 lika
888 1289 45 20 stor

180 1322 93 28 skilnad,
289 1329 46 14 som
351 1322 94 21 emellan
460 1323 48 20 natt
524 1322 40 21 och
579 1322 49 28 dag.
654 1322 44 21 Det
708 1324 33 19 att
751 1322 89 22 tillhöra
851 1325 31 19 ett
893 1323 40 21 och

180 1364 82 15 samma
277 1356 92 28 hushåll,
385 1356 73 21 kunde
474 1356 119 29 omöjligen
604 1356 108 29 jemföras
722 1357 50 22 med
783 1357 150 22 blodsbandet.

180 1391 157 22 Förhållandet
357 1391 23 21 af
397 1391 113 22 husbonde
530 1391 39 21 och
585 1392 85 27 tjenare
685 1391 103 29 utgjorde
803 1392 48 21 icke
867 1393 67 28 något

180 1427 77 21 hinder
273 1428 59 20 emot
347 1427 31 22 att
393 1427 52 28 ingå
459 1426 129 29 äktenskap,
603 1433 51 15 men
669 1427 36 21 två
716 1429 52 20 nära
778 1427 156 22 anförvandter
