992 1698
372 124 37 16 Den
423 123 21 16 19
457 123 41 17 febr.
741 119 41 20 299

68 182 32 21 ler
118 183 25 20 af
159 182 61 22 ålder
239 182 107 28 gällande.
375 183 45 21 Det
435 182 163 29 ifrågavarande
612 183 130 28 lagrummet
757 183 55 22 hade

67 217 40 20 ock
127 217 125 21 tillkommit
271 217 70 20 under
360 217 45 21 helt
425 217 67 21 andra
511 217 149 21 förhållanden
678 218 27 19 än
721 217 26 21 de
762 219 48 19 när-

66 251 104 27 varande;
186 251 40 21 och
241 251 36 20 det
292 258 51 14 vore
358 259 29 13 nu
402 251 62 28 fråga
479 259 35 13 om
529 253 31 19 att
570 251 109 28 upphäfva
689 251 40 22 den
740 252 72 27 gamla

67 285 256 28 stängselskyldigheten.
335 298 25 3 —
370 285 43 21 Det
428 292 51 14 vore
493 285 41 20 lätt
544 287 41 25 att,
600 286 7 20 i
617 286 69 21 likhet
696 286 50 20 med
756 286 55 20 Bru-

68 319 49 26 sila,
136 319 45 20 tala
195 326 35 13 om
245 319 133 28 rättigheten
393 321 32 18 att
439 319 60 21 inom
515 320 26 20 14
555 319 67 28 dagar
636 320 48 21 lösa
698 320 38 20 sitt
750 320 62 20 krea-

68 354 44 26 tur;
128 359 51 14 men
194 359 27 14 en
237 353 66 21 sådan
318 353 24 21 af
354 353 64 28 lagen
433 353 123 28 medgifven
571 354 105 27 rättighet
691 360 51 15 vore
757 353 55 22 dock

68 393 28 14 en
111 387 104 21 orättvisa
229 389 46 19 mot
290 387 53 27 den,
362 387 88 21 hvilken
465 387 73 22 ålades
554 389 40 25 att,
614 388 68 21 ehuru
697 388 114 21 medveten

68 421 24 21 af
100 421 34 21 sin
144 421 87 28 oskuld,
247 422 46 21 lösa
303 421 38 21 sitt
350 421 95 22 kreatur.
456 435 27 2 —
493 421 47 22 Mot
552 422 115 28 intagning
677 423 23 20 af
709 424 31 19 ett
750 422 62 21 krea-

67 457 36 20 tur
121 456 56 25 hade
197 457 83 20 talaren
300 456 47 21 icke
363 457 111 27 uppträdt,
497 463 49 14 men
562 457 34 21 väl
612 459 58 19 emot
685 457 49 21 dess
750 463 61 22 gvar-

67 491 101 21 hällande
191 491 40 21 och
254 491 136 28 försäljning.
426 491 124 21 Pelkonens
572 491 91 29 förslag,
688 493 32 19 att
740 491 73 29 begge

67 525 67 21 borde
150 526 63 20 ställa
227 526 93 28 borgen,
338 526 63 27 gäfve
417 526 67 21 saken
500 533 26 14 en
542 533 29 21 ny
585 526 47 20 sida
647 526 39 21 och
701 526 111 22 innehölle

68 561 30 19 ett
113 559 153 28 medgifvande
279 560 24 21 af
316 560 42 20 den
373 560 65 28 åsigt,
454 560 83 21 talaren
552 560 110 21 förfäktat.

135 594 221 28 Landtdagsmannen
375 594 207 28 Kumpulainen
601 594 67 28 ansäg
682 596 32 19 att
728 594 85 22 Klamis

68 628 57 28 äsigt
139 628 36 21 väl
190 628 7 21 i
213 628 51 21 flere
279 628 117 22 afseenden
411 635 52 14 vore
479 628 98 29 grundad
586 628 29 28 pä
625 629 56 28 goda
691 629 56 27 skäl,
763 635 50 15 men

68 662 75 22 trodde
163 662 56 21 dock
238 664 31 20 att
289 664 12 26 $
320 662 67 22 borde
407 662 137 28 godkännas,
566 663 90 21 emedan
676 663 36 21 det
734 670 78 14 annars

67 697 72 21 blefve
159 697 100 28 omöjligt
277 699 32 19 att
329 696 36 22 vid
383 697 127 29 sträkvägar
529 697 109 21 bibehälla
653 698 95 27 egofred.
778 698 33 21 En

67 731 142 28 vägfarande,
229 732 90 20 hvilken
333 738 51 14 vore
399 732 56 20 ifrån
471 734 31 19 ett
517 734 67 18 annat
598 732 46 26 län,
658 732 73 20 kunde
746 734 15 19 t.
778 739 34 14 ex.

68 766 98 28 insläppa
187 766 32 20 sin
239 766 50 20 häst
309 766 12 20 &
337 772 82 15 annans
434 766 62 20 mark
511 766 40 21 och
566 766 47 21 icke
628 768 82 19 ersätta
724 766 88 27 skadan,

68 800 72 20 derest
160 800 132 28 jordegaren
312 800 48 21 icke
379 800 56 21 hade
454 801 105 27 rättighet
578 802 32 19 att
625 800 111 28 gvarhälla
750 801 62 21 krea-

68 836 58 19 turet
140 834 58 21 intill
213 834 49 21 dess
278 834 27 21 de
320 834 7 21 i
342 835 12 26 &
369 834 90 28 angifna
472 834 100 21 vilkoren
586 834 72 21 blifvit
672 834 119 29 uppfyllda.

135 868 222 28 Landtdagsmannen
371 869 181 20 Teräsrautila
563 876 37 13 var
611 875 51 14 ense
673 869 49 20 med
732 869 80 20 Klami.

136 902 221 28 Landtdagsmannen
375 903 112 20 Tiainen
506 903 52 20 fann
576 903 84 20 Klamis
678 903 56 28 äsigt
748 903 66 21 hafva

68 938 33 20 sin
117 937 66 21 orsak
197 937 32 21 uti
245 936 147 29 obekantskap
407 936 50 22 med
472 937 175 21 förhällanderna
661 937 7 21 i
684 937 36 21 det
734 938 47 20 inre
792 938 24 20 af

68 971 81 21 landet.
179 971 73 21 Klami
270 978 51 14 vore
340 978 26 14 en
382 971 77 21 kustbo
475 972 40 20 och
530 971 71 21 kände
616 971 49 21 icke
680 971 74 21 hvilka
769 972 44 20 olä-

69 1007 100 27 genteter
183 1012 50 14 man
251 1005 8 20 i
277 1005 36 21 det
327 1005 47 21 inre
389 1006 74 20 landet
477 1006 56 20 hade
548 1005 24 21 af
585 1006 26 20 de
626 1006 132 27 vägfarande
773 1006 41 20 och

68 1040 64 21 deras
152 1040 106 20 framfart.
292 1039 34 21 De
346 1040 69 20 tilläto
437 1040 32 28 sig
489 1040 45 20 ofta
552 1040 102 21 väldbete
674 1040 39 21 och
733 1040 83 26 kunde,

68 1074 47 21 ifall
135 1074 63 21 deras
217 1074 74 21 hästar
309 1074 49 21 icke
378 1074 57 28 finge
451 1075 24 20 af
485 1074 132 28 jordegaren
637 1074 94 28 intagas,
754 1074 59 20 inom

69 1109 49 21 kort
133 1108 65 21 hafva
212 1108 103 28 föryttrat
330 1108 49 21 dem
395 1109 7 20 i
416 1108 142 28 Petersburg,
573 1108 106 28 Moskwa,
692 1108 122 22 Warschau

69 1143 54 21 eller
142 1143 149 21 annorstädes.
321 1142 44 21 Det
384 1142 72 22 blefve
471 1143 35 21 för
521 1144 48 19 sent
584 1144 32 19 att
631 1142 27 22 dä
672 1150 60 14 mera
746 1142 68 22 väcka

69 1178 62 26 fräga
146 1184 35 14 om
196 1178 72 27 nägon
283 1176 194 29 skadeersättning.

138 1211 147 21 Talemannen
304 1211 133 21 framställde
459 1212 54 20 härä
535 1211 96 27 följande
653 1212 161 27 voteringspro-

70 1246 104 28 position:

137 1280 49 20 Den
202 1286 45 14 som
263 1280 63 28 gillar
341 1280 12 27 &
368 1280 140 26 oförändrad,
531 1279 66 22 sådan
613 1280 41 20 den
670 1280 68 20 finnes
753 1280 7 20 i
776 1279 38 21 nä-

70 1315 51 27 diga
140 1314 173 27 propositionen,
336 1321 73 13 svarar
427 1315 34 26 ja;
481 1315 41 20 den
538 1321 46 14 som
600 1314 46 20 deri
660 1314 38 21 vill
714 1314 99 26 ändring,

70 1355 74 15 svarar
159 1348 44 27 nej.

138 1382 134 21 Besvarades
292 1382 49 21 med
359 1383 26 20 28
397 1382 25 28 ja
437 1384 58 19 emot
512 1383 25 20 10
552 1382 48 28 nej,
623 1382 138 28 hvarigenom
780 1382 36 21 sä-

70 1418 60 21 ledes
146 1417 173 29 propositionens
335 1419 12 20 8
363 1418 12 28 &
390 1418 23 21 af
427 1417 85 22 ståndet
527 1419 83 26 antogs.
