964 1703
197 128 41 23 550
479 134 37 16 Den
529 133 21 16 21
563 137 52 12 mars.

169 194 73 21 blifvit
257 194 122 28 uppsagda,
399 193 101 27 vanligen
516 192 73 20 visade
606 192 32 27 sig
653 192 111 20 vårdslösa
779 192 7 20 i
802 191 47 21 sina
865 191 53 28 ålig-

169 229 97 27 gandens
282 226 144 29 fullgörande.

236 262 223 28 Landtdagsmannen
483 260 109 22 Simolin
620 261 67 27 ansåg
710 260 134 29 tjenstehjon
867 260 53 21 böra

170 297 81 21 erhålla
267 296 128 21 orlofssedel
410 296 54 20 först
479 296 42 20 den
538 296 9 20 1
565 295 130 28 september,
716 302 50 14 men
780 295 140 29 uppsägning

169 332 60 20 såväl
245 332 24 20 af
281 330 112 21 husbonde
414 337 45 13 som
478 329 135 29 tjenstehjon
628 329 54 21 böra
698 329 21 20 få
735 330 38 20 ske
789 330 37 21 två
840 330 80 20 veckor

168 366 65 21 förut.

237 399 223 28 Landtdagsmannen
470 399 124 28 Hagman
605 399 93 26 yttrade,
709 399 31 20 att
753 398 2 21 i
764 398 157 27 sammanhang

170 434 50 21 med
235 434 36 21 det
286 433 24 22 af
323 433 114 22 Pelkonen
452 432 134 22 framställda
601 433 81 21 ärende
698 432 60 21 stode
768 433 77 28 frågan
855 433 66 20 huru-

170 469 50 21 vida
240 469 35 20 det
295 475 51 15 vore
365 467 100 29 lämpligt
481 469 31 19 att
528 467 158 28 legostämman
704 467 38 28 går
758 467 33 20 till
807 467 56 21 ända
879 467 41 20 den

172 504 9 20 1
203 503 125 21 november.
364 502 178 21 Jordbrukarene
563 508 51 15 voro
636 501 32 26 de,
685 509 45 14 som
746 501 54 22 hade
817 502 26 21 de
859 502 62 20 flesta

170 537 163 28 tjenstehjonen
352 537 7 20 i
379 537 80 20 landet.
489 537 52 20 Men
557 536 153 21 erfarenheten
727 536 73 21 visade
816 538 32 19 att
861 537 59 27 jord-

169 571 173 22 bruksarbetena
362 571 48 20 icke
431 571 72 21 hunne
524 571 90 20 afslutas
630 570 33 21 till
679 571 65 27 sagde
760 570 38 21 tid.
828 571 93 21 Talaren

171 606 67 27 ansåg
254 605 86 21 derföre
354 605 175 28 flyttningstiden
545 605 53 20 böra
614 605 78 20 ändras
708 605 33 20 till
756 605 41 20 den
814 606 10 19 1
836 605 85 21 decem-

170 641 46 25 ber,
239 641 7 19 1
268 639 87 28 januari
375 640 53 20 eller
449 640 10 19 1
477 639 51 28 maj.
559 640 39 19 Att
613 639 95 20 flertalet
723 639 24 21 af
760 639 85 20 landets
861 640 60 20 inne-

170 675 80 20 vänare
261 674 81 27 ansägo
354 673 42 21 den
407 673 124 21 nuvarande
542 673 175 27 flyttningstiden
726 673 113 28 olämplig,
851 673 70 22 kände

171 715 50 14 man
241 708 78 26 redan,
340 708 90 20 emedan
449 708 108 27 styrelsen
577 708 24 20 är
624 708 53 20 1853
698 708 7 19 i
726 709 74 19 ämnet
815 707 108 21 infordrat

172 742 134 26 utlätanden,
320 742 40 20 och
375 749 50 13 man
441 742 7 20 i
464 742 119 21 allmänhet
598 742 79 20 uttalat
692 742 34 27 sig
736 742 34 20 för
780 742 110 21 ändrande
901 742 24 21 af

171 776 181 28 flyttningstiden.
383 776 94 21 Talaren
492 776 112 28 hoppades
620 776 86 20 derföre
723 777 31 19 att
770 776 86 20 ständet
871 776 51 21 ville

171 813 51 26 taga
241 810 71 21 denna
332 810 39 21 sak
389 810 7 21 i
412 810 170 29 öfvervägande,
605 810 7 20 i
629 810 156 28 sammanhang
800 810 50 21 med
865 811 57 21 hvad

170 845 114 21 Pelkonen
300 841 113 31 föreslagit
429 847 61 25 samt,
506 846 7 20 i
529 845 104 21 händelse
648 844 128 29 förändring
786 844 137 22 beträffande

171 879 175 29 flyttningstiden
366 879 93 27 beslöts,
482 879 89 29 inbjuda
591 879 143 21 medständen
751 881 31 19 att
797 880 76 21 förena
889 880 33 28 sig

171 921 34 14 om
221 914 170 21 bondeständets
406 914 79 21 beslut.

238 948 223 28 Landtdagsmannen
479 948 126 22 Punttala
625 955 37 14 var
678 955 52 15 ense
743 949 50 20 med
807 948 115 23 Pelkonen

172 983 39 21 och
232 983 67 27 ansåg
319 982 41 21 den
381 984 24 20 af
423 972 90 43 Östring
533 983 125 27 föreslagna
678 983 92 28 ändring
785 984 49 20 icke
849 983 75 22 kunna

170 1017 96 27 bifallas,
290 1017 91 20 emedan
401 1017 37 21 det
459 1024 50 14 vore
530 1024 26 15 en
576 1017 24 20 af
619 1018 153 20 erfarenheten
790 1018 79 20 utredd
885 1019 38 20 sak

171 1053 31 19 att
220 1051 173 28 tjenstehjonen,
416 1051 67 22 sedan
503 1052 27 21 de
550 1051 72 22 blifvit
638 1051 121 29 uppsagda,
781 1052 6 20 i
803 1052 120 21 allmänhet

170 1085 84 22 mindre
270 1086 94 21 värdade
380 1087 33 27 sig
429 1093 34 14 om
479 1086 148 28 fullgörandet
642 1087 24 20 af
680 1087 46 20 sina
742 1087 138 27 äligganden.

238 1119 222 28 Landtdagsmannon
476 1121 107 20 Simula
597 1128 38 13 var
650 1121 7 20 i
673 1120 67 28 öfrigt
751 1127 51 14 ense
813 1121 50 20 med
873 1121 50 20 Pel-

170 1154 83 27 konen,
276 1161 50 14 men
348 1155 77 21 trodde
447 1155 113 20 husbonde
583 1155 20 27 ej
625 1155 54 20 böra
694 1155 115 28 förpligtas
824 1157 99 26 uppsäga

170 1188 144 28 tjenstehjon,
330 1188 74 21 förrän
421 1196 27 13 en
463 1189 79 21 månad
557 1189 47 20 före
620 1188 169 28 legostämmans
806 1189 49 21 slut.

238 1222 222 27 Landtdagsmannen
483 1223 86 21 Slotte
592 1223 80 27 gillade
695 1223 125 21 Pelkonens
840 1224 83 27 förslag

170 1256 74 20 derom
260 1258 32 18 att
307 1256 211 28 uppsägningstiden
533 1256 123 21 bestämdes
671 1257 33 20 till
715 1256 36 21 tvä
761 1257 104 21 mänader
875 1257 48 21 före

170 1289 181 28 lyttningstiden,
367 1290 112 21 äfvensom
495 1290 56 22 hvad
566 1290 102 27 Hagman
684 1290 114 28 föreslagit
814 1298 35 14 om
865 1291 57 28 flytt-

170 1323 136 28 ningstidens
322 1324 110 22 ändrande
448 1325 34 20 till
498 1324 42 22 den
557 1326 9 20 1
581 1325 89 27 januari
686 1325 53 21 eller
750 1332 71 14 annan
832 1326 91 28 lämplig

169 1358 38 21 tid.
240 1358 89 28 Frägan
348 1358 76 22 härom
443 1359 54 21 hade
519 1360 45 20 ofta
583 1359 94 21 vidrörts
696 1360 7 20 i
722 1360 141 27 tidningarna
882 1361 40 20 och

170 1399 51 15 vore
242 1393 24 20 af
284 1394 44 20 stor
348 1393 45 27 vigt
409 1393 33 21 för
455 1393 168 28 jordbrukaren.
653 1394 36 21 Nu
704 1394 27 21 dä
746 1394 42 21 den
804 1395 66 21 stund
884 1402 39 15 var

169 1427 120 23 förhanden
306 1430 30 20 att
352 1428 92 29 ändring
460 1429 33 22 till
508 1430 31 20 ett
554 1429 72 22 bättre
641 1429 73 22 kunde
730 1431 74 27 göras,
819 1429 56 23 hade
886 1430 37 22 två
