964 1703
338 133 36 16 Den
388 134 19 16 114
422 136 50 13 mars.
709 126 41 20 513

381 194 11 25 S
408 194 19 19 4

97 227 222 28 Landtdagsmannen
334 227 91 20 Klami
442 226 120 25 anmärkte,
578 227 32 19 att
625 233 48 13 man
691 226 22 20 af
727 226 50 20 ifrä-

30 261 123 28 gavarande
169 262 11 27 $
196 261 97 27 tydligen
314 260 72 21 kunde
405 267 23 13 se
444 261 31 19 att
490 260 6 20 i
512 259 143 28 lagutskottet
670 259 49 21 icke
735 261 43 19 sut-

30 297 27 19 tit
77 296 71 27 nägon
170 294 177 21 barnaföderska.
382 294 44 21 Det
448 293 67 21 hörde
536 294 33 19 till
590 293 105 28 gvinnans
715 295 64 18 natur

30 332 32 18 att
83 330 36 20 vid
138 329 85 21 födseln
244 329 53 20 söka
315 329 117 27 enslighet;
456 329 82 19 hennes
553 327 226 28 blygsamhotskänsla

30 364 39 20 och
91 363 68 21 behof
178 363 23 21 af
219 363 52 27 lugn
292 362 76 28 gjorde
389 369 27 13 en
436 362 66 20 sädan
522 361 107 27 enslighet
649 361 129 27 nödvändig.

30 398 74 20 Kändt
124 404 51 14 vore
196 399 31 19 att
247 397 7 20 i
274 397 79 27 mänga
373 396 38 20 fall
430 396 60 28 hjelp
505 396 48 20 icke
570 396 47 20 stod
632 397 31 19 att
679 396 100 26 erhällas,

30 432 93 21 likasom
139 432 36 20 det
191 432 40 20 ock
246 438 51 14 vore
313 431 81 21 bekant
405 432 31 19 att
446 431 93 27 mången
550 430 170 21 barnaföderska
731 430 49 20 blif-

30 467 29 21 vit
78 466 63 21 äfven
159 466 136 21 dessförutan
312 465 39 21 och
366 466 7 19 i
388 465 108 27 enslighet
506 464 110 28 lyckligen
627 464 83 21 förlöst.
736 464 43 21 Det

30 501 70 26 straff,
125 501 106 20 utskottet
246 500 7 20 i
270 500 70 29 denna
355 500 12 26 &
383 500 122 26 föreslagit,
524 506 51 13 vore
591 499 28 27 pä
633 499 71 27 grund
717 499 65 21 deraf

30 536 125 26 onaturligt.
189 534 34 21 En
244 534 180 26 barnaföderska,
447 534 89 20 hvilken
557 534 49 20 sökt
625 534 109 27 enslighet
753 534 26 20 då

30 570 63 20 säker
113 570 60 26 hjelp
194 569 48 21 icke
261 568 83 21 kunnat
364 568 108 27 påräknas
492 568 38 20 hos
549 568 82 20 hennes
648 568 131 27 omgifning,

30 604 76 26 borde,
122 604 70 27 enligt
207 603 94 20 talarens
312 602 66 27 åsigt,
394 602 155 21 heltochhållet
559 602 80 20 befrias
650 602 57 21 ifrån
719 602 62 21 straff

30 638 49 27 och,
100 638 7 20 i
127 637 104 21 händelse
245 637 88 20 fostrets
349 637 42 20 död
406 636 133 21 förorsakats
555 636 70 27 deraf,
644 636 69 21 första
728 637 51 28 gån-

30 679 42 21 gen
88 672 93 20 allenast
197 672 82 20 erhålla
294 671 92 27 varning
401 671 24 20 af
433 671 96 20 läkaren.
555 670 51 20 Men
617 670 69 21 skulle
697 678 81 13 samma

30 706 38 20 fall
89 708 57 19 ännu
161 712 118 22 upprepas,
302 705 27 21 då
344 704 73 21 kunde
433 705 83 20 straffet
530 704 68 21 blifva
614 704 85 27 sådant,
722 706 11 26 $
749 705 32 21 in-

31 740 80 21 nehöll.
141 740 44 20 För
201 740 67 27 öfrigt
282 739 67 21 borde
366 740 10 27 $
392 740 109 27 tillämpas
520 738 64 22 äfven
600 739 57 28 uppå
672 740 41 27 gift
729 740 52 26 folk,

31 775 40 21 och
87 782 105 19 mannen,
208 774 89 21 hvilken
313 781 38 13 var
366 774 45 20 lika
426 774 78 28 pligtig
515 780 44 14 som
571 774 90 20 hustrun
674 776 31 18 att
716 774 65 21 vårda

30 809 89 27 fostret,
142 809 143 21 underkastas
301 816 81 13 samma
401 808 70 27 straff,
490 808 72 21 derest
578 808 42 21 han
635 808 146 22 försummade

31 844 71 21 denna
119 844 32 20 sin
168 844 130 27 skyldighet.

100 878 157 21 Sekreteraren
273 877 123 21 förklarade
411 877 82 26 härvid,
510 878 32 20 att
557 876 104 28 förslaget
672 878 62 27 afsäg
745 884 36 14 en-

32 913 47 20 dast
95 912 70 27 ogifta
180 912 99 27 qvinnor,
295 918 45 14 som
356 911 121 21 framfödde
493 911 60 21 barn.

100 946 221 27 Landtdagsmannen
342 946 131 27 Nyrönen
494 944 114 28 godkände
628 946 11 26 $
659 946 39 20 och
714 946 68 28 ansåg

32 974 31 27 att
83 980 110 28 uttrycket
214 979 112 27 ,beröfvat
345 980 46 27 sig"
408 979 146 28 tillkännagaf
567 981 32 19 att
614 980 81 20 brottet
710 980 72 21 blifvit

32 1014 49 21 med
97 1014 28 21 fri
141 1014 53 27 vilja
209 1014 116 27 begånget.

100 1049 223 27 Landtdagsmannen
339 1048 96 21 Retula
450 1055 37 14 var
502 1055 52 13 ense
566 1048 50 20 med
626 1048 104 27 Nyrönen
742 1049 39 20 och

32 1083 125 26 anmärkte,
174 1085 31 18 att
220 1083 37 20 det
272 1083 8 20 i
295 1083 11 27 &
322 1083 90 20 alldeles
428 1083 46 20 icke
491 1082 81 21 talades
589 1089 33 14 om
639 1083 80 20 sådana
734 1083 48 26 fall,

33 1117 26 20 då
75 1117 59 28 hjelp
151 1117 48 20 icke
215 1117 71 20 kunde
303 1117 102 26 erhållas;
426 1117 36 20 det
477 1117 59 20 hette
552 1117 157 27 uttryckligen:
731 1117 51 26 ,har

33 1151 96 28 gvinnan
145 1152 46 20 sökt
206 1151 108 28 enslighet
329 1151 36 20 vid
380 1151 105 20 födseln."

101 1185 221 27 Landtdagsmannen
329 1185 158 27 Warpenius
496 1185 107 20 instämde
612 1185 6 20 i
627 1185 84 21 Klamis
720 1186 63 27 åsigt,

33 1219 150 26 förklarande,
206 1220 32 19 att
258 1219 36 20 det
313 1225 51 14 vore
383 1220 57 19 orätt
458 1221 31 18 att
508 1218 49 21 med
572 1219 63 20 straff
648 1219 93 28 belägga
757 1226 26 13 en

35 1253 115 26 handling,
170 1259 33 14 om
220 1252 88 21 hvilken
324 1252 36 21 det
375 1253 7 20 i
398 1253 12 26 &
425 1252 73 28 lydde,
514 1254 32 19 att
561 1252 41 21 den
618 1253 71 20 blifvit
704 1253 80 28 begän-

33 1294 43 21 gen
94 1288 64 25 ,utan
175 1287 97 27 uppsåt."

104 1320 221 27 Landtdagsmannen
339 1320 85 20 Klami
442 1321 60 26 ville,
514 1321 32 19 till
557 1321 129 20 bemötande
697 1321 24 20 af
729 1321 56 21 hvad

35 1354 107 27 Nyrönen
165 1354 81 25 anfört,
269 1353 96 20 förklara
387 1356 31 17 att
441 1354 103 26 orsaken,
567 1354 100 20 hvarföre
690 1355 94 27 qvinnan

37 1387 144 26 »beröfvade"
203 1387 33 28 sig
256 1387 85 21 tillfälle
362 1389 32 18 att
412 1387 35 21 vid
462 1387 84 21 födseln
563 1387 81 21 erhålla
659 1388 67 28 hjelp,
749 1389 37 28 låg

34 1422 47 27 just
104 1422 6 19 i
133 1421 41 21 den
198 1422 108 27 naturliga
328 1422 146 28 blygsamhet,
497 1422 83 21 talaren
604 1422 57 21 förut
684 1423 100 28 påpekat.

81 1465 71 16 Iederv.
167 1465 125 16 bondeståndets
303 1466 63 21 protok.
382 1465 22 18 II.
695 1467 21 16 33
