964 1709
349 125 35 20 Den
401 127 17 17 14
433 132 49 12 mars.
721 121 40 20 527

111 187 32 23 På
162 188 120 21 framställd
301 188 136 28 proposition
458 188 80 20 beslöts
553 186 50 22 med
619 188 24 20 19
659 188 71 20 röster
745 188 45 19 mot

44 224 23 19 11
90 224 32 19 att
142 223 89 20 ärendet
251 222 70 21 skulle
341 223 123 21 remitteras
483 222 33 20 till
532 222 97 21 ständets
645 221 93 21 enskilta
753 221 37 21 be-

42 256 152 22 svärsutskott.

109 325 123 28 Föredrogs
252 326 32 19 ett
303 325 34 20 till
357 324 86 21 ståndet
463 324 125 21 ankommet
607 325 78 28 utdrag
701 333 25 13 ur
742 326 49 21 bor-

42 359 151 28 gareständets
208 359 110 28 protokoll
334 359 23 21 af
370 359 42 21 den
428 360 26 20 26
466 359 106 26 februari,
587 359 61 21 hvari
658 359 131 22 bondestän-

41 395 37 20 det
96 394 101 28 inbjudes
218 396 32 19 att
269 393 87 29 deltaga
377 393 7 21 i
403 401 26 14 en
449 392 136 29 underdänig
604 394 91 28 petition
711 395 34 20 till
760 395 31 21 H.

41 429 26 20 K.
82 429 40 21 M:t
138 436 35 13 om
188 428 142 21 utarbetande
346 428 24 21 af
383 428 81 28 förslag
479 428 33 21 till
527 428 219 29 fridlysningsstadga
756 429 34 22 för

41 471 48 21 gas-
112 463 40 21 och
174 463 197 28 vattenledningar,
394 464 32 19 att
449 463 12 20 &
483 463 180 21 nästkommande
686 464 103 28 landtdag

41 498 116 21 ständerna
173 498 129 28 föreläggas.

107 533 80 21 Bifölls
201 535 52 19 utan
270 532 130 21 diskussion.

107 601 221 28 Landtdagsmannen
351 602 122 28 Nyrönen
495 601 74 22 anhöll
589 609 34 13 om
643 603 36 20 tvä
699 602 40 21 och
760 609 27 14 en

39 635 47 22 half
99 636 79 21 veckas
193 636 97 28 ledighet
304 637 48 20 frän
368 636 250 28 landtdagsgöromälen.

107 670 84 21 Bifölls.

107 739 122 29 Föredrogs
253 739 33 21 till
309 739 86 22 ständet
418 740 124 21 ankommet
562 739 78 28 utdrag
659 747 26 13 ur
705 741 82 26 presta-

39 774 97 21 ständets
158 774 108 27 protokoll
285 774 23 21 af
328 774 40 21 den
390 775 11 20 7
418 774 39 21 och
474 775 23 20 11
516 773 92 27 dennes,
630 774 61 21 hvari
705 773 81 22 bonde-

38 809 86 20 ständet
143 809 101 27 inbjudes
264 809 32 20 att
315 808 76 21 förena
405 809 33 27 sig
452 809 8 20 i
476 809 36 21 det
527 808 81 27 beslut,
627 808 61 21 hvari
704 810 83 26 presta-

38 843 86 22 ständet
137 845 87 19 stannat
234 842 36 22 vid
280 843 161 28 behandlingen
452 843 24 22 af
484 843 154 28 lagutskottets
649 842 137 22 betänkande

38 885 34 14 n:o
93 879 27 20 22
141 878 7 20 i
168 877 118 28 anledning
305 877 25 21 af
347 877 79 28 nädiga
440 878 165 28 propositionen
620 877 112 28 angäende
748 879 37 18 än-

37 913 64 26 dring
115 913 8 20 i
139 919 28 14 nu
183 911 100 29 gällande
299 911 134 28 stadganden
449 919 34 14 om
499 911 127 28 kyrkoplikt
641 911 40 21 och
694 911 92 28 upphäf-

37 947 69 20 vande
122 946 25 21 af
159 946 41 21 den
217 946 33 20 för
266 946 57 20 vissa
338 946 58 21 brott
411 946 110 28 bäbjudna
536 945 63 28 afgift
615 945 32 21 till
663 945 76 28 kyrka.

105 980 220 27 Landtdagsmannen
336 979 92 21 Holma
439 980 68 27 ansäg
515 981 31 20 att
554 979 158 21 bondeständet
720 979 66 22 borde

36 1015 77 21 förena
133 1015 34 26 sig
186 1015 7 20 i
208 1013 171 29 prestaständets
395 1014 81 27 beslut,
499 1013 90 22 emedan
605 1014 75 27 frägan
696 1014 7 20 i
719 1015 67 20 annat

37 1050 38 20 fall
94 1049 87 22 komme
201 1050 31 19 att
252 1048 102 21 förblifva
373 1048 36 21 vid
425 1049 36 20 det
476 1049 81 27 gamla,
578 1048 40 21 och
633 1047 66 28 sagda
713 1047 72 22 beslut

37 1084 110 20 dessutom
167 1084 6 19 i
194 1083 36 20 det
249 1084 110 19 närmaste
379 1090 52 14 vore
450 1083 44 20 lika
509 1082 50 22 med
574 1082 45 27 det,
643 1089 46 14 som
704 1082 81 21 bonde-

36 1118 86 21 ständet
137 1117 7 20 i
160 1117 67 21 saken
242 1117 72 21 fattat.

104 1152 220 27 Landtdagsmannen
346 1151 108 21 Simolin
476 1151 76 22 trodde
572 1151 63 21 äfven
651 1153 32 18 att
698 1151 86 27 inbjud-

36 1187 81 27 ningen
137 1186 67 21 borde
220 1187 90 26 antagas
326 1187 56 19 samt
396 1186 84 26 tillade,
497 1187 31 20 att
544 1185 48 26 den,
608 1192 45 14 som
669 1185 48 21 icke
733 1186 52 20 ville

35 1221 101 20 bekänna
152 1221 37 19 sitt
204 1220 58 21 brott
278 1219 33 21 för
327 1220 36 20 två
378 1219 53 22 eller
446 1222 33 18 tre
494 1219 132 27 menniskor,
641 1219 56 21 huru
713 1219 70 20 skulle

35 1255 43 21 han
94 1254 27 21 dä
135 1256 53 26 göra
203 1254 36 21 det
253 1254 34 21 för
303 1253 55 22 Gud.

102 1289 222 26 Landtdagsmannen
339 1282 119 33 Östring
471 1287 111 27 förmälte,
598 1289 31 18 att
645 1287 68 27 enligt
728 1287 54 20 hans

36 1323 151 28 uppfattning,
202 1321 171 28 prestaständets
388 1322 131 27 inbjudning
530 1321 76 21 endast
616 1321 61 28 afsäg
688 1323 31 18 att
729 1321 54 21 bon-

35 1356 124 25 deständet,
180 1355 47 21 ifall
243 1355 211 28 sammanjemkning
469 1355 71 21 blefve
556 1355 75 27 nödig,
653 1354 71 21 skulle
739 1355 44 20 för-

35 1398 41 13 ena
91 1390 34 28 sig
140 1389 49 22 med
204 1389 166 29 prestaständet.
400 1389 50 20 Men
465 1397 44 19 om,
524 1389 71 20 säsom
610 1388 83 21 talaren
706 1388 77 21 trodde

36 1426 33 28 sig
91 1427 58 25 veta,
173 1427 32 19 tre
221 1424 62 22 ständ
299 1426 87 20 stannat
406 1424 6 21 i
433 1424 45 21 lika
493 1423 81 27 beslut,
598 1423 103 21 behöfdes
715 1423 69 28 ingen
