964 1703
345 127 37 18 Den
395 128 22 17 22
430 127 41 19 febr.
715 123 39 21 321

36 188 70 20 såvidt
129 187 83 21 talaren
236 188 75 20 trodde
327 188 33 28 sig
375 188 65 21 hafva
460 189 109 28 uppfattat
589 189 75 29 lagens
680 188 65 28 ande,
761 190 24 20 så

37 222 114 28 stadgades
171 222 62 20 straff
249 223 19 26 ej
285 223 92 20 allenast
393 223 47 21 med
457 223 100 21 afseende
573 224 13 20 å
601 223 78 28 sjelfva
693 224 91 26 brottet,

36 258 51 19 utan
104 257 40 20 ock
163 258 31 19 att
215 256 115 22 afskräcka
345 257 66 21 andra
427 258 46 20 från
489 258 60 24 brott
564 258 40 20 och
619 257 106 21 förbättra
740 258 43 20 för-

35 291 110 27 brytaren.
175 291 43 20 Det
239 290 55 21 hade
315 292 40 20 ock
373 292 66 20 redan
456 292 71 20 blifvit
541 292 125 21 framhället
681 294 32 18 att
728 299 55 13 sam-

34 325 69 20 hället
118 325 48 20 icke
182 324 66 21 borde
264 332 51 13 vara
330 326 71 27 någon
418 326 102 21 hämnare
536 326 13 21 å
560 326 59 20 Guds
629 328 90 26 vägnar.
742 326 41 20 Ta-

35 359 60 21 laren
111 360 68 27 ansåg
194 361 31 19 att
239 359 36 21 det
291 359 5 21 i
313 360 116 21 utskottets
441 360 137 21 betänkande
589 360 124 28 föreslagna
724 360 63 21 straff

35 401 51 13 vore
103 394 126 29 tillräckligt
250 397 31 18 att
297 395 82 28 afstyra
393 395 59 20 brott
468 395 23 21 af
505 395 165 28 ifrågavarande
685 397 43 25 art,
744 395 40 20 och

35 429 80 27 gillade
131 429 86 20 derföre
233 429 154 20 betänkandet.

103 463 221 28 Landtdagsmannen
351 464 91 21 Akola
468 464 81 29 yrkade
577 465 32 20 att
633 464 151 21 diskussionen

35 498 66 22 borde
113 498 108 28 afbrytas,
233 498 90 21 emedan
335 498 40 21 den
388 499 107 28 öfvergått
509 499 33 21 till
553 505 27 14 en
591 499 123 28 theologisk
725 499 60 26 strid,

36 540 45 14 som
102 533 64 20 lände
186 540 60 14 mera
261 533 34 21 till
311 533 59 20 Guds
386 533 87 22 hädelse
489 535 27 20 än
532 535 47 25 ära,
595 533 121 28 hvarjemte
731 533 54 22 tala-

35 575 38 14 ren
89 567 82 28 yrkade
186 568 28 27 på
229 567 142 28 omröstning.

103 602 222 28 Landtdagsmannen
348 601 99 22 Simola
469 610 38 14 var
529 609 52 15 ense
604 603 50 20 med
675 603 109 26 Heikura,

35 637 80 21 Holma
131 636 39 21 och
186 637 104 28 Nyrönen
306 638 56 20 samt
377 637 114 22 anmärkte
501 639 46 20 mot
556 637 117 22 Puhakkas
683 638 102 27 yttrande

35 674 32 18 att
84 671 49 21 Gud
148 671 85 21 straffar
249 672 59 27 sjelf,
329 673 32 19 att
377 671 59 21 detta
449 672 49 20 icke
514 671 81 21 skedde
611 679 34 13 om
659 672 41 20 den
717 672 67 20 brott-

36 706 54 28 slige
105 705 118 28 undergått
237 706 114 28 verldsligt
367 706 62 20 straff
442 706 39 21 och
497 706 95 28 ångrade
608 706 39 28 sig.

103 740 222 28 Landtdagsmannen
350 740 135 22 Pelkonen
507 740 80 28 gillade
609 740 42 21 den
674 741 57 28 åsigt
753 742 32 20 att

36 775 83 21 straffet
142 774 66 22 borde
230 775 131 21 bestämmas
381 775 34 20 till
435 776 100 28 fängelse
554 776 57 20 ifrån
631 776 13 20 4
663 776 34 20 till
713 776 26 20 10
755 776 30 26 år,

36 810 57 21 helst
108 809 201 29 fånghusstyrelsen
325 810 53 28 egde
394 811 43 19 rätt
452 812 31 19 att
498 810 99 21 förkorta
614 810 121 21 strafftiden
751 817 34 14 om

36 845 41 21 den
92 844 115 28 brottslige
222 844 134 21 förbättrade
373 845 38 27 sig.

103 878 221 29 Landtdagsmannen
335 878 124 22 Puhakka
470 879 89 21 anförde
567 881 58 19 emot
635 878 106 28 Heikura,
752 882 32 18 att

37 914 68 21 ehuru
115 914 49 27 han,
175 913 113 27 Puhakka,
298 913 56 21 hade
364 914 54 20 talat
429 914 78 28 tydligt
518 914 39 21 och
568 914 58 20 klart
636 914 28 28 på
673 916 31 18 ett
713 914 70 28 språk,

38 956 45 13 som
94 949 84 21 talaren
189 948 95 27 förstod,
298 948 55 21 hade
365 948 83 21 talaren
459 948 66 21 likväl
536 948 47 21 icke
594 948 95 29 begripit
699 948 86 21 honom.

37 983 52 21 Han
110 982 125 30 upprepade
255 982 86 22 derföre
359 990 29 14 nu
408 983 32 21 sin
456 983 98 28 mening,
570 983 88 21 hvilken
674 983 56 21 varit
745 983 41 21 den

37 1020 41 24 att,
94 1018 27 21 då
136 1025 49 14 man
201 1018 48 21 icke
265 1017 76 21 behöft
351 1018 99 27 tillämpa
460 1018 26 20 de
498 1019 89 26 stränga
597 1018 70 27 straff,
683 1018 104 21 hvarmed

37 1052 88 21 hädelse
146 1054 45 19 mot
212 1051 49 22 Gud
276 1052 84 20 härtills
376 1052 56 21 varit
446 1052 100 27 belagdt,
561 1059 52 14 vore
629 1052 60 21 detta
705 1053 30 20 ett
751 1052 36 21 be-

37 1088 33 20 vis
85 1087 28 28 på
129 1089 31 18 att
175 1087 69 21 folket
259 1093 78 21 genom
354 1086 59 21 Guds
428 1087 60 28 hjelp
504 1086 77 21 skridit
595 1087 76 21 framåt
681 1087 8 20 i
699 1087 88 28 upplys-

37 1123 62 26 ning,
116 1122 23 20 så
155 1123 32 19 att
201 1123 89 26 stränga
305 1121 224 28 straffbestämningar
544 1121 49 21 icke
609 1128 60 14 mera
683 1128 52 15 voro
751 1121 36 21 be-

37 1157 88 27 höfliga.
155 1156 93 21 Derföre
268 1155 55 22 hade
344 1156 83 21 talaren
448 1156 63 21 äfven
527 1155 63 28 yrkat
605 1157 27 26 på
647 1156 141 27 nedsättning

38 1190 24 21 af
75 1190 97 20 straffen.
197 1190 34 20 Då
247 1190 83 21 talaren
345 1190 55 20 hade
415 1192 68 25 yttrat
498 1190 33 27 sig
546 1196 35 14 om
592 1190 65 27 tvång
668 1190 7 20 i
685 1190 103 28 religiösa

37 1225 81 28 frågor,
137 1224 56 20 hade
212 1224 43 20 han
271 1224 88 21 dermed
374 1226 73 18 menat
462 1226 31 18 att
508 1224 66 26 ingen
589 1224 40 20 bör
643 1224 122 21 förnärmas
781 1224 7 20 i

39 1260 32 20 sin
91 1258 103 28 religiösa
215 1258 155 28 öfvertygelse,
386 1266 49 13 men
451 1259 47 20 icke
513 1258 70 22 heller
597 1258 58 28 finge
672 1258 61 21 Guds
749 1258 39 21 ord

39 1294 38 20 och
93 1293 179 21 sakramenterna
289 1293 130 21 förnärmas.
511 1289 2 3 |

105 1327 33 21 På
158 1327 121 20 framställd
297 1327 136 27 proposition
448 1327 47 20 blef
508 1326 96 21 derefter
619 1326 117 21 utskottets
751 1326 36 21 be-

38 1360 109 21 tänkande
169 1360 92 21 rörande
282 1360 165 27 ifrågavarande
470 1361 24 20 13
510 1361 11 26 &
537 1361 95 26 antagen
647 1360 49 20 med
712 1361 27 28 20
755 1362 33 18 rö-

39 1397 43 18 ster
98 1396 47 19 mot
163 1395 33 19 16.

87 1435 70 17 Hederv.
172 1434 123 17 bondeständets
305 1435 64 21 protok.
383 1434 24 16 11.
699 1433 22 17 2”
