<?xml version="1.0" encoding="UTF-8"?>
<alto xmlns="http://www.loc.gov/standards/alto/ns-v3#" xmlns:xlink="http://www.w3.org/1999/xlink" xmlns:xsi="http://www.w3.org/2001/XMLSchema-instance" xsi:schemaLocation="http://www.loc.gov/standards/alto/ns-v3# http://www.loc.gov/alto/v3/alto-3-0.xsd">
	<Description>
		<MeasurementUnit>pixel</MeasurementUnit>
		<sourceImageInformation>
			<fileName>/tmp/tess_k24p5n33_input.PNG</fileName>
		</sourceImageInformation>
		<OCRProcessing ID="OCR_0">
			<ocrProcessingStep>
				<processingSoftware>
					<softwareName>tesseract 5.3.4</softwareName>
				</processingSoftware>
			</ocrProcessingStep>
		</OCRProcessing>
	</Description>
	<Layout>
		<Page WIDTH="964" HEIGHT="1700" PHYSICAL_IMG_NR="0" ID="page_0">
			<PrintSpace HPOS="0" VPOS="0" WIDTH="964" HEIGHT="1700">
				<ComposedBlock ID="cblock_0" HPOS="348" VPOS="109" WIDTH="415" HEIGHT="23">
					<TextBlock ID="block_0" HPOS="348" VPOS="109" WIDTH="415" HEIGHT="23">
						<TextLine ID="line_0" HPOS="348" VPOS="109" WIDTH="415" HEIGHT="23">
							<String ID="string_0" HPOS="348" VPOS="115" WIDTH="37" HEIGHT="17" WC="0.95" CONTENT="Den"/><SP WIDTH="14" VPOS="115" HPOS="385"/>
							<String ID="string_1" HPOS="399" VPOS="115" WIDTH="21" HEIGHT="17" WC="0.96" CONTENT="14"/><SP WIDTH="12" VPOS="115" HPOS="420"/>
							<String ID="string_2" HPOS="432" VPOS="120" WIDTH="51" HEIGHT="12" WC="0.96" CONTENT="mars."/><SP WIDTH="240" VPOS="120" HPOS="483"/>
							<String ID="string_3" HPOS="723" VPOS="109" WIDTH="40" HEIGHT="20" WC="0.96" CONTENT="517"/>
						</TextLine>
					</TextBlock>
				</ComposedBlock>
				<ComposedBlock ID="cblock_1" HPOS="40" VPOS="179" WIDTH="751" HEIGHT="398">
					<TextBlock ID="block_1" HPOS="41" VPOS="179" WIDTH="750" HEIGHT="63">
						<TextLine ID="line_1" HPOS="41" VPOS="179" WIDTH="750" HEIGHT="29">
							<String ID="string_4" HPOS="41" VPOS="180" WIDTH="81" HEIGHT="22" WC="0.96" CONTENT="sådana"/><SP WIDTH="20" VPOS="180" HPOS="122"/>
							<String ID="string_5" HPOS="142" VPOS="180" WIDTH="109" HEIGHT="22" WC="0.89" CONTENT="förluster."/><SP WIDTH="36" VPOS="180" HPOS="251"/>
							<String ID="string_6" HPOS="287" VPOS="180" WIDTH="93" HEIGHT="21" WC="0.88" CONTENT="Talaren"/><SP WIDTH="22" VPOS="180" HPOS="380"/>
							<String ID="string_7" HPOS="402" VPOS="180" WIDTH="68" HEIGHT="28" WC="0.96" CONTENT="ansåg"/><SP WIDTH="20" VPOS="180" HPOS="470"/>
							<String ID="string_8" HPOS="490" VPOS="180" WIDTH="28" HEIGHT="28" WC="0.96" CONTENT="pä"/><SP WIDTH="20" VPOS="180" HPOS="518"/>
							<String ID="string_9" HPOS="538" VPOS="180" WIDTH="70" HEIGHT="28" WC="0.96" CONTENT="grund"/><SP WIDTH="19" VPOS="180" HPOS="608"/>
							<String ID="string_10" HPOS="627" VPOS="179" WIDTH="64" HEIGHT="21" WC="0.96" CONTENT="häraf"/><SP WIDTH="18" VPOS="179" HPOS="691"/>
							<String ID="string_11" HPOS="709" VPOS="182" WIDTH="30" HEIGHT="18" WC="0.93" CONTENT="att"/><SP WIDTH="16" VPOS="182" HPOS="739"/>
							<String ID="string_12" HPOS="755" VPOS="186" WIDTH="36" HEIGHT="21" WC="0.92" CONTENT="pe-"/>
						</TextLine>
						<TextLine ID="line_2" HPOS="41" VPOS="214" WIDTH="393" HEIGHT="28">
							<String ID="string_13" HPOS="41" VPOS="215" WIDTH="181" HEIGHT="27" WC="0.92" CONTENT="titionsförslaget"/><SP WIDTH="16" VPOS="215" HPOS="222"/>
							<String ID="string_14" HPOS="238" VPOS="214" WIDTH="66" HEIGHT="21" WC="0.96" CONTENT="borde"/><SP WIDTH="16" VPOS="214" HPOS="304"/>
							<String ID="string_15" HPOS="320" VPOS="214" WIDTH="114" HEIGHT="20" WC="0.96" CONTENT="förkastas."/>
						</TextLine>
					</TextBlock>
					<TextBlock ID="block_2" HPOS="108" VPOS="248" WIDTH="421" HEIGHT="28">
						<TextLine ID="line_3" HPOS="108" VPOS="248" WIDTH="421" HEIGHT="28">
							<String ID="string_16" HPOS="108" VPOS="249" WIDTH="33" HEIGHT="20" WC="0.96" CONTENT="På"/><SP WIDTH="14" VPOS="249" HPOS="141"/>
							<String ID="string_17" HPOS="155" VPOS="248" WIDTH="102" HEIGHT="21" WC="0.93" CONTENT="anhållan"/><SP WIDTH="15" VPOS="248" HPOS="257"/>
							<String ID="string_18" HPOS="272" VPOS="248" WIDTH="114" HEIGHT="21" WC="0.91" CONTENT="bordlades"/><SP WIDTH="16" VPOS="248" HPOS="386"/>
							<String ID="string_19" HPOS="402" VPOS="248" WIDTH="127" HEIGHT="28" WC="0.90" CONTENT="petitionen."/>
						</TextLine>
					</TextBlock>
					<TextBlock ID="block_3" HPOS="40" VPOS="315" WIDTH="751" HEIGHT="57">
						<TextLine ID="line_4" HPOS="109" VPOS="315" WIDTH="682" HEIGHT="29">
							<String ID="string_20" HPOS="109" VPOS="316" WIDTH="117" HEIGHT="28" WC="0.92" CONTENT="Upplästes"/><SP WIDTH="16" VPOS="316" HPOS="226"/>
							<String ID="string_21" HPOS="242" VPOS="316" WIDTH="33" HEIGHT="21" WC="0.96" CONTENT="till"/><SP WIDTH="13" VPOS="316" HPOS="275"/>
							<String ID="string_22" HPOS="288" VPOS="316" WIDTH="110" HEIGHT="28" WC="0.96" CONTENT="justering"/><SP WIDTH="15" VPOS="316" HPOS="398"/>
							<String ID="string_23" HPOS="413" VPOS="316" WIDTH="133" HEIGHT="28" WC="0.96" CONTENT="protokollet"/><SP WIDTH="15" VPOS="316" HPOS="546"/>
							<String ID="string_24" HPOS="561" VPOS="316" WIDTH="34" HEIGHT="20" WC="0.96" CONTENT="för"/><SP WIDTH="11" VPOS="316" HPOS="595"/>
							<String ID="string_25" HPOS="606" VPOS="316" WIDTH="41" HEIGHT="20" WC="0.96" CONTENT="den"/><SP WIDTH="12" VPOS="316" HPOS="647"/>
							<String ID="string_26" HPOS="659" VPOS="316" WIDTH="26" HEIGHT="20" WC="0.96" CONTENT="15"/><SP WIDTH="11" VPOS="316" HPOS="685"/>
							<String ID="string_27" HPOS="696" VPOS="315" WIDTH="95" HEIGHT="21" WC="0.95" CONTENT="februari"/>
						</TextLine>
						<TextLine ID="line_5" HPOS="40" VPOS="351" WIDTH="59" HEIGHT="21">
							<String ID="string_28" HPOS="40" VPOS="351" WIDTH="14" HEIGHT="21" WC="0.89" CONTENT="f."/><SP WIDTH="17" VPOS="351" HPOS="54"/>
							<String ID="string_29" HPOS="71" VPOS="358" WIDTH="28" HEIGHT="14" WC="0.96" CONTENT="m."/>
						</TextLine>
					</TextBlock>
					<TextBlock ID="block_4" HPOS="42" VPOS="384" WIDTH="749" HEIGHT="125">
						<TextLine ID="line_6" HPOS="110" VPOS="384" WIDTH="681" HEIGHT="28">
							<String ID="string_30" HPOS="110" VPOS="385" WIDTH="149" HEIGHT="21" WC="0.91" CONTENT="Talemannen"/><SP WIDTH="16" VPOS="385" HPOS="259"/>
							<String ID="string_31" HPOS="275" VPOS="384" WIDTH="147" HEIGHT="28" WC="0.66" CONTENT="tillkännagaf"/><SP WIDTH="8" VPOS="384" HPOS="422"/>
							<String ID="string_32" HPOS="430" VPOS="386" WIDTH="32" HEIGHT="20" WC="0.93" CONTENT="att"/><SP WIDTH="11" VPOS="386" HPOS="462"/>
							<String ID="string_33" HPOS="473" VPOS="384" WIDTH="224" HEIGHT="22" WC="0.90" CONTENT="ständsledamöterne"/><SP WIDTH="10" VPOS="384" HPOS="697"/>
							<String ID="string_34" HPOS="707" VPOS="384" WIDTH="84" HEIGHT="21" WC="0.87" CONTENT="Klami,"/>
						</TextLine>
						<TextLine ID="line_7" HPOS="42" VPOS="418" WIDTH="749" HEIGHT="28">
							<String ID="string_35" HPOS="42" VPOS="419" WIDTH="147" HEIGHT="21" WC="0.96" CONTENT="Liimatainen"/><SP WIDTH="19" VPOS="419" HPOS="189"/>
							<String ID="string_36" HPOS="208" VPOS="419" WIDTH="41" HEIGHT="21" WC="0.96" CONTENT="och"/><SP WIDTH="20" VPOS="419" HPOS="249"/>
							<String ID="string_37" HPOS="269" VPOS="418" WIDTH="83" HEIGHT="22" WC="0.93" CONTENT="Kulkas"/><SP WIDTH="21" VPOS="418" HPOS="352"/>
							<String ID="string_38" HPOS="373" VPOS="419" WIDTH="92" HEIGHT="21" WC="0.93" CONTENT="anhällit"/><SP WIDTH="19" VPOS="419" HPOS="465"/>
							<String ID="string_39" HPOS="484" VPOS="421" WIDTH="32" HEIGHT="19" WC="0.96" CONTENT="att"/><SP WIDTH="20" VPOS="421" HPOS="516"/>
							<String ID="string_40" HPOS="536" VPOS="419" WIDTH="34" HEIGHT="21" WC="0.96" CONTENT="för"/><SP WIDTH="20" VPOS="419" HPOS="570"/>
							<String ID="string_41" HPOS="590" VPOS="418" WIDTH="98" HEIGHT="22" WC="0.93" CONTENT="enskilda"/><SP WIDTH="15" VPOS="418" HPOS="688"/>
							<String ID="string_42" HPOS="703" VPOS="419" WIDTH="88" HEIGHT="27" WC="0.92" CONTENT="angelä-"/>
						</TextLine>
						<TextLine ID="line_8" HPOS="42" VPOS="452" WIDTH="748" HEIGHT="29">
							<String ID="string_43" HPOS="42" VPOS="454" WIDTH="106" HEIGHT="27" WC="0.91" CONTENT="genheter"/><SP WIDTH="23" VPOS="454" HPOS="148"/>
							<String ID="string_44" HPOS="171" VPOS="453" WIDTH="67" HEIGHT="21" WC="0.91" CONTENT="undfä"/><SP WIDTH="22" VPOS="453" HPOS="238"/>
							<String ID="string_45" HPOS="260" VPOS="454" WIDTH="37" HEIGHT="20" WC="0.92" CONTENT="tvä"/><SP WIDTH="22" VPOS="454" HPOS="297"/>
							<String ID="string_46" HPOS="319" VPOS="453" WIDTH="91" HEIGHT="21" WC="0.92" CONTENT="veckors"/><SP WIDTH="20" VPOS="453" HPOS="410"/>
							<String ID="string_47" HPOS="430" VPOS="453" WIDTH="97" HEIGHT="27" WC="0.93" CONTENT="ledighet"/><SP WIDTH="20" VPOS="453" HPOS="527"/>
							<String ID="string_48" HPOS="547" VPOS="453" WIDTH="48" HEIGHT="21" WC="0.93" CONTENT="frän"/><SP WIDTH="16" VPOS="453" HPOS="595"/>
							<String ID="string_49" HPOS="611" VPOS="452" WIDTH="179" HEIGHT="28" WC="0.92" CONTENT="landtdagsgöro-"/>
						</TextLine>
						<TextLine ID="line_9" HPOS="42" VPOS="488" WIDTH="78" HEIGHT="21">
							<String ID="string_50" HPOS="42" VPOS="488" WIDTH="78" HEIGHT="21" WC="0.93" CONTENT="mälen."/>
						</TextLine>
					</TextBlock>
					<TextBlock ID="block_5" HPOS="110" VPOS="522" WIDTH="84" HEIGHT="20">
						<TextLine ID="line_10" HPOS="110" VPOS="522" WIDTH="84" HEIGHT="20">
							<String ID="string_51" HPOS="110" VPOS="522" WIDTH="84" HEIGHT="20" WC="0.81" CONTENT="Bifölls."/>
						</TextLine>
					</TextBlock>
					<TextBlock ID="block_6" HPOS="109" VPOS="556" WIDTH="293" HEIGHT="21">
						<TextLine ID="line_11" HPOS="109" VPOS="556" WIDTH="293" HEIGHT="21">
							<String ID="string_52" HPOS="109" VPOS="556" WIDTH="176" HEIGHT="21" WC="0.92" CONTENT="Sammanträdet"/><SP WIDTH="16" VPOS="556" HPOS="285"/>
							<String ID="string_53" HPOS="301" VPOS="556" WIDTH="101" HEIGHT="21" WC="0.93" CONTENT="slutades."/>
						</TextLine>
					</TextBlock>
				</ComposedBlock>
				<ComposedBlock ID="cblock_2" HPOS="504" VPOS="591" WIDTH="218" HEIGHT="48">
					<TextBlock ID="block_7" HPOS="504" VPOS="591" WIDTH="218" HEIGHT="48">
						<TextLine ID="line_12" HPOS="575" VPOS="591" WIDTH="90" HEIGHT="17">
							<String ID="string_54" HPOS="575" VPOS="593" WIDTH="18" HEIGHT="15" WC="0.94" CONTENT="In"/><SP WIDTH="14" VPOS="593" HPOS="593"/>
							<String ID="string_55" HPOS="607" VPOS="591" WIDTH="58" HEIGHT="17" WC="0.95" CONTENT="fidem:"/>
						</TextLine>
						<TextLine ID="line_13" HPOS="504" VPOS="619" WIDTH="218" HEIGHT="20">
							<String ID="string_56" HPOS="504" VPOS="619" WIDTH="18" HEIGHT="19" WC="0.94" CONTENT="A."/><SP WIDTH="14" VPOS="619" HPOS="522"/>
							<String ID="string_57" HPOS="536" VPOS="619" WIDTH="17" HEIGHT="19" WC="0.72" CONTENT="€."/><SP WIDTH="12" VPOS="619" HPOS="553"/>
							<String ID="string_58" HPOS="565" VPOS="619" WIDTH="157" HEIGHT="20" WC="0.96" CONTENT="Westerlund."/>
						</TextLine>
					</TextBlock>
				</ComposedBlock>
				<ComposedBlock ID="cblock_3" HPOS="247" VPOS="740" WIDTH="515" HEIGHT="29">
					<TextBlock ID="block_8" HPOS="247" VPOS="740" WIDTH="515" HEIGHT="29">
						<TextLine ID="line_14" HPOS="247" VPOS="740" WIDTH="515" HEIGHT="29">
							<String ID="string_59" HPOS="247" VPOS="740" WIDTH="48" HEIGHT="21" WC="0.96" CONTENT="Den"/><SP WIDTH="17" VPOS="740" HPOS="295"/>
							<String ID="string_60" HPOS="312" VPOS="740" WIDTH="25" HEIGHT="21" WC="0.96" CONTENT="14"/><SP WIDTH="16" VPOS="740" HPOS="337"/>
							<String ID="string_61" HPOS="353" VPOS="748" WIDTH="66" HEIGHT="18" WC="0.93" CONTENT="mars,"/><SP WIDTH="17" VPOS="748" HPOS="419"/>
							<String ID="string_62" HPOS="436" VPOS="740" WIDTH="89" HEIGHT="21" WC="0.92" CONTENT="klockan"/><SP WIDTH="17" VPOS="740" HPOS="525"/>
							<String ID="string_63" HPOS="542" VPOS="740" WIDTH="27" HEIGHT="21" WC="0.96" CONTENT="10"/><SP WIDTH="9" VPOS="740" HPOS="569"/>
							<String ID="string_64" HPOS="578" VPOS="740" WIDTH="51" HEIGHT="28" WC="0.93" CONTENT="före"/><SP WIDTH="15" VPOS="740" HPOS="629"/>
							<String ID="string_65" HPOS="644" VPOS="740" WIDTH="118" HEIGHT="29" WC="0.91" CONTENT="middagen."/>
						</TextLine>
					</TextBlock>
				</ComposedBlock>
				<ComposedBlock ID="cblock_4" HPOS="33" VPOS="802" WIDTH="759" HEIGHT="302">
					<TextBlock ID="block_9" HPOS="110" VPOS="802" WIDTH="606" HEIGHT="28">
						<TextLine ID="line_15" HPOS="110" VPOS="802" WIDTH="606" HEIGHT="28">
							<String ID="string_66" HPOS="110" VPOS="803" WIDTH="44" HEIGHT="21" WC="0.93" CONTENT="Vid"/><SP WIDTH="15" VPOS="803" HPOS="154"/>
							<String ID="string_67" HPOS="169" VPOS="802" WIDTH="133" HEIGHT="28" WC="0.92" CONTENT="protokollet"/><SP WIDTH="15" VPOS="802" HPOS="302"/>
							<String ID="string_68" HPOS="317" VPOS="802" WIDTH="167" HEIGHT="21" WC="0.91" CONTENT="underskrifven"/><SP WIDTH="15" VPOS="802" HPOS="484"/>
							<String ID="string_69" HPOS="499" VPOS="803" WIDTH="90" HEIGHT="20" WC="0.92" CONTENT="hist.-fil."/><SP WIDTH="16" VPOS="803" HPOS="589"/>
							<String ID="string_70" HPOS="605" VPOS="803" WIDTH="111" HEIGHT="20" WC="0.96" CONTENT="kandidat."/>
						</TextLine>
					</TextBlock>
					<TextBlock ID="block_10" HPOS="33" VPOS="871" WIDTH="759" HEIGHT="233">
						<TextLine ID="line_16" HPOS="111" VPOS="871" WIDTH="680" HEIGHT="28">
							<String ID="string_71" HPOS="111" VPOS="872" WIDTH="149" HEIGHT="21" WC="0.89" CONTENT="Talemannen"/><SP WIDTH="22" VPOS="872" HPOS="260"/>
							<String ID="string_72" HPOS="282" VPOS="871" WIDTH="146" HEIGHT="28" WC="0.89" CONTENT="tillkännagaf"/><SP WIDTH="18" VPOS="871" HPOS="428"/>
							<String ID="string_73" HPOS="446" VPOS="873" WIDTH="31" HEIGHT="19" WC="0.96" CONTENT="att"/><SP WIDTH="16" VPOS="873" HPOS="477"/>
							<String ID="string_74" HPOS="493" VPOS="871" WIDTH="45" HEIGHT="20" WC="0.93" CONTENT="vice"/><SP WIDTH="16" VPOS="871" HPOS="538"/>
							<String ID="string_75" HPOS="554" VPOS="871" WIDTH="144" HEIGHT="20" WC="0.92" CONTENT="ordföranden"/><SP WIDTH="16" VPOS="871" HPOS="698"/>
							<String ID="string_76" HPOS="714" VPOS="872" WIDTH="8" HEIGHT="19" WC="0.93" CONTENT="i"/><SP WIDTH="15" VPOS="872" HPOS="722"/>
							<String ID="string_77" HPOS="737" VPOS="871" WIDTH="54" HEIGHT="27" WC="0.92" CONTENT="kejs."/>
						</TextLine>
						<TextLine ID="line_17" HPOS="43" VPOS="905" WIDTH="748" HEIGHT="28">
							<String ID="string_78" HPOS="43" VPOS="909" WIDTH="102" HEIGHT="18" WC="0.96" CONTENT="senatens"/><SP WIDTH="28" VPOS="909" HPOS="145"/>
							<String ID="string_79" HPOS="173" VPOS="905" WIDTH="32" HEIGHT="22" WC="0.96" CONTENT="för"/><SP WIDTH="25" VPOS="905" HPOS="205"/>
							<String ID="string_80" HPOS="230" VPOS="905" WIDTH="93" HEIGHT="21" WC="0.92" CONTENT="Finland"/><SP WIDTH="23" VPOS="905" HPOS="323"/>
							<String ID="string_81" HPOS="346" VPOS="905" WIDTH="238" HEIGHT="28" WC="0.86" CONTENT="justitiedepartement"/><SP WIDTH="26" VPOS="905" HPOS="584"/>
							<String ID="string_82" HPOS="610" VPOS="905" WIDTH="50" HEIGHT="20" WC="0.92" CONTENT="herr"/><SP WIDTH="23" VPOS="905" HPOS="660"/>
							<String ID="string_83" HPOS="683" VPOS="905" WIDTH="108" HEIGHT="27" WC="0.92" CONTENT="geheime-"/>
						</TextLine>
						<TextLine ID="line_18" HPOS="43" VPOS="939" WIDTH="748" HEIGHT="28">
							<String ID="string_84" HPOS="43" VPOS="941" WIDTH="62" HEIGHT="20" WC="0.92" CONTENT="rädet"/><SP WIDTH="19" VPOS="941" HPOS="105"/>
							<String ID="string_85" HPOS="124" VPOS="940" WIDTH="92" HEIGHT="21" WC="0.91" CONTENT="friherre"/><SP WIDTH="22" VPOS="940" HPOS="216"/>
							<String ID="string_86" HPOS="238" VPOS="939" WIDTH="106" HEIGHT="21" WC="0.92" CONTENT="Sackleen"/><SP WIDTH="16" VPOS="939" HPOS="344"/>
							<String ID="string_87" HPOS="360" VPOS="940" WIDTH="7" HEIGHT="20" WC="0.96" CONTENT="i"/><SP WIDTH="16" VPOS="940" HPOS="367"/>
							<String ID="string_88" HPOS="383" VPOS="939" WIDTH="41" HEIGHT="28" WC="0.93" CONTENT="dag"/><SP WIDTH="19" VPOS="939" HPOS="424"/>
							<String ID="string_89" HPOS="443" VPOS="940" WIDTH="92" HEIGHT="21" WC="0.91" CONTENT="klockan"/><SP WIDTH="15" VPOS="940" HPOS="535"/>
							<String ID="string_90" HPOS="550" VPOS="939" WIDTH="48" HEIGHT="20" WC="0.96" CONTENT="half"/><SP WIDTH="13" VPOS="939" HPOS="598"/>
							<String ID="string_91" HPOS="611" VPOS="939" WIDTH="32" HEIGHT="21" WC="0.93" CONTENT="till"/><SP WIDTH="16" VPOS="939" HPOS="643"/>
							<String ID="string_92" HPOS="659" VPOS="939" WIDTH="57" HEIGHT="21" WC="0.92" CONTENT="elfva"/><SP WIDTH="15" VPOS="939" HPOS="716"/>
							<String ID="string_93" HPOS="731" VPOS="939" WIDTH="60" HEIGHT="21" WC="0.92" CONTENT="kom-"/>
						</TextLine>
						<TextLine ID="line_19" HPOS="43" VPOS="973" WIDTH="748" HEIGHT="28">
							<String ID="string_94" HPOS="43" VPOS="981" WIDTH="34" HEIGHT="14" WC="0.92" CONTENT="me"/><SP WIDTH="22" VPOS="981" HPOS="77"/>
							<String ID="string_95" HPOS="99" VPOS="976" WIDTH="31" HEIGHT="19" WC="0.93" CONTENT="att"/><SP WIDTH="20" VPOS="976" HPOS="130"/>
							<String ID="string_96" HPOS="150" VPOS="974" WIDTH="99" HEIGHT="21" WC="0.92" CONTENT="meddela"/><SP WIDTH="19" VPOS="974" HPOS="249"/>
							<String ID="string_97" HPOS="268" VPOS="973" WIDTH="86" HEIGHT="21" WC="0.92" CONTENT="ständet"/><SP WIDTH="20" VPOS="973" HPOS="354"/>
							<String ID="string_98" HPOS="374" VPOS="974" WIDTH="28" HEIGHT="20" WC="0.96" CONTENT="H."/><SP WIDTH="21" VPOS="974" HPOS="402"/>
							<String ID="string_99" HPOS="423" VPOS="973" WIDTH="27" HEIGHT="21" WC="0.93" CONTENT="K."/><SP WIDTH="20" VPOS="973" HPOS="450"/>
							<String ID="string_100" HPOS="470" VPOS="973" WIDTH="51" HEIGHT="22" WC="0.92" CONTENT="M:ts"/><SP WIDTH="21" VPOS="973" HPOS="521"/>
							<String ID="string_101" HPOS="542" VPOS="973" WIDTH="79" HEIGHT="28" WC="0.92" CONTENT="nädiga"/><SP WIDTH="18" VPOS="973" HPOS="621"/>
							<String ID="string_102" HPOS="639" VPOS="981" WIDTH="49" HEIGHT="13" WC="0.92" CONTENT="svar"/><SP WIDTH="19" VPOS="981" HPOS="688"/>
							<String ID="string_103" HPOS="707" VPOS="975" WIDTH="12" HEIGHT="20" WC="0.91" CONTENT="&amp;"/><SP WIDTH="16" VPOS="975" HPOS="719"/>
							<String ID="string_104" HPOS="735" VPOS="975" WIDTH="56" HEIGHT="19" WC="0.89" CONTENT="stän-"/>
						</TextLine>
						<TextLine ID="line_20" HPOS="33" VPOS="1007" WIDTH="759" HEIGHT="28">
							<String ID="string_105" HPOS="33" VPOS="1009" WIDTH="88" HEIGHT="20" WC="0.41" CONTENT="&quot;dernas"/><SP WIDTH="21" VPOS="1009" HPOS="121"/>
							<String ID="string_106" HPOS="142" VPOS="1008" WIDTH="148" HEIGHT="27" WC="0.91" CONTENT="underdäniga"/><SP WIDTH="20" VPOS="1008" HPOS="290"/>
							<String ID="string_107" HPOS="310" VPOS="1007" WIDTH="101" HEIGHT="21" WC="0.96" CONTENT="anhållan"/><SP WIDTH="21" VPOS="1007" HPOS="411"/>
							<String ID="string_108" HPOS="432" VPOS="1015" WIDTH="34" HEIGHT="13" WC="0.93" CONTENT="om"/><SP WIDTH="18" VPOS="1015" HPOS="466"/>
							<String ID="string_109" HPOS="484" VPOS="1008" WIDTH="142" HEIGHT="27" WC="0.91" CONTENT="landtdagens"/><SP WIDTH="15" VPOS="1008" HPOS="626"/>
							<String ID="string_110" HPOS="641" VPOS="1008" WIDTH="151" HEIGHT="27" WC="0.96" CONTENT="förlängning;"/>
						</TextLine>
						<TextLine ID="line_21" HPOS="43" VPOS="1041" WIDTH="747" HEIGHT="28">
							<String ID="string_111" HPOS="43" VPOS="1043" WIDTH="40" HEIGHT="20" WC="0.91" CONTENT="och"/><SP WIDTH="21" VPOS="1043" HPOS="83"/>
							<String ID="string_112" HPOS="104" VPOS="1043" WIDTH="88" HEIGHT="26" WC="0.91" CONTENT="utsägos"/><SP WIDTH="20" VPOS="1043" HPOS="192"/>
							<String ID="string_113" HPOS="212" VPOS="1043" WIDTH="46" HEIGHT="20" WC="0.95" CONTENT="åtta"/><SP WIDTH="20" VPOS="1043" HPOS="258"/>
							<String ID="string_114" HPOS="278" VPOS="1041" WIDTH="142" HEIGHT="22" WC="0.96" CONTENT="medlemmar"/><SP WIDTH="20" VPOS="1041" HPOS="420"/>
							<String ID="string_115" HPOS="440" VPOS="1042" WIDTH="24" HEIGHT="20" WC="0.93" CONTENT="af"/><SP WIDTH="13" VPOS="1042" HPOS="464"/>
							<String ID="string_116" HPOS="477" VPOS="1042" WIDTH="86" HEIGHT="21" WC="0.96" CONTENT="ståndet"/><SP WIDTH="15" VPOS="1042" HPOS="563"/>
							<String ID="string_117" HPOS="578" VPOS="1044" WIDTH="31" HEIGHT="19" WC="0.93" CONTENT="att"/><SP WIDTH="14" VPOS="1044" HPOS="609"/>
							<String ID="string_118" HPOS="623" VPOS="1042" WIDTH="32" HEIGHT="21" WC="0.96" CONTENT="uti"/><SP WIDTH="14" VPOS="1042" HPOS="655"/>
							<String ID="string_119" HPOS="669" VPOS="1043" WIDTH="121" HEIGHT="20" WC="0.96" CONTENT="vestibulen"/>
						</TextLine>
						<TextLine ID="line_22" HPOS="44" VPOS="1076" WIDTH="539" HEIGHT="28">
							<String ID="string_120" HPOS="44" VPOS="1079" WIDTH="109" HEIGHT="25" WC="0.92" CONTENT="emottaga"/><SP WIDTH="16" VPOS="1079" HPOS="153"/>
							<String ID="string_121" HPOS="169" VPOS="1077" WIDTH="51" HEIGHT="20" WC="0.92" CONTENT="herr"/><SP WIDTH="15" VPOS="1077" HPOS="220"/>
							<String ID="string_122" HPOS="235" VPOS="1076" WIDTH="163" HEIGHT="27" WC="0.92" CONTENT="geheimerädet"/><SP WIDTH="16" VPOS="1076" HPOS="398"/>
							<String ID="string_123" HPOS="414" VPOS="1076" WIDTH="39" HEIGHT="21" WC="0.93" CONTENT="och"/><SP WIDTH="16" VPOS="1076" HPOS="453"/>
							<String ID="string_124" HPOS="469" VPOS="1076" WIDTH="114" HEIGHT="21" WC="0.92" CONTENT="friherren."/>
						</TextLine>
					</TextBlock>
				</ComposedBlock>
				<ComposedBlock ID="cblock_5" HPOS="43" VPOS="1144" WIDTH="750" HEIGHT="158">
					<TextBlock ID="block_11" HPOS="43" VPOS="1144" WIDTH="750" HEIGHT="132">
						<TextLine ID="line_23" HPOS="111" VPOS="1144" WIDTH="681" HEIGHT="28">
							<String ID="string_125" HPOS="111" VPOS="1145" WIDTH="150" HEIGHT="21" WC="0.89" CONTENT="Talemannen"/><SP WIDTH="22" VPOS="1145" HPOS="261"/>
							<String ID="string_126" HPOS="283" VPOS="1145" WIDTH="101" HEIGHT="20" WC="0.91" CONTENT="anmälde"/><SP WIDTH="22" VPOS="1145" HPOS="384"/>
							<String ID="string_127" HPOS="406" VPOS="1147" WIDTH="33" HEIGHT="18" WC="0.93" CONTENT="att"/><SP WIDTH="21" VPOS="1147" HPOS="439"/>
							<String ID="string_128" HPOS="460" VPOS="1144" WIDTH="209" HEIGHT="28" WC="0.91" CONTENT="landtdagsmannen"/><SP WIDTH="20" VPOS="1144" HPOS="669"/>
							<String ID="string_129" HPOS="689" VPOS="1145" WIDTH="103" HEIGHT="21" WC="0.93" CONTENT="Stenroth"/>
						</TextLine>
						<TextLine ID="line_24" HPOS="43" VPOS="1178" WIDTH="750" HEIGHT="28">
							<String ID="string_130" HPOS="43" VPOS="1179" WIDTH="91" HEIGHT="21" WC="0.92" CONTENT="anhällit"/><SP WIDTH="16" VPOS="1179" HPOS="134"/>
							<String ID="string_131" HPOS="150" VPOS="1186" WIDTH="34" HEIGHT="14" WC="0.93" CONTENT="om"/><SP WIDTH="16" VPOS="1186" HPOS="184"/>
							<String ID="string_132" HPOS="200" VPOS="1178" WIDTH="96" HEIGHT="28" WC="0.91" CONTENT="ledighet"/><SP WIDTH="15" VPOS="1178" HPOS="296"/>
							<String ID="string_133" HPOS="311" VPOS="1178" WIDTH="47" HEIGHT="21" WC="0.93" CONTENT="frän"/><SP WIDTH="16" VPOS="1178" HPOS="358"/>
							<String ID="string_134" HPOS="374" VPOS="1178" WIDTH="241" HEIGHT="28" WC="0.90" CONTENT="landtdagsgöromälen"/><SP WIDTH="15" VPOS="1178" HPOS="615"/>
							<String ID="string_135" HPOS="630" VPOS="1179" WIDTH="28" HEIGHT="27" WC="0.93" CONTENT="pä"/><SP WIDTH="16" VPOS="1179" HPOS="658"/>
							<String ID="string_136" HPOS="674" VPOS="1180" WIDTH="71" HEIGHT="26" WC="0.91" CONTENT="nägon"/><SP WIDTH="17" VPOS="1180" HPOS="745"/>
							<String ID="string_137" HPOS="762" VPOS="1179" WIDTH="31" HEIGHT="20" WC="0.96" CONTENT="tid"/>
						</TextLine>
						<TextLine ID="line_25" HPOS="44" VPOS="1212" WIDTH="747" HEIGHT="28">
							<String ID="string_138" HPOS="44" VPOS="1214" WIDTH="32" HEIGHT="20" WC="0.96" CONTENT="för"/><SP WIDTH="21" VPOS="1214" HPOS="76"/>
							<String ID="string_139" HPOS="97" VPOS="1220" WIDTH="27" HEIGHT="14" WC="0.93" CONTENT="en"/><SP WIDTH="21" VPOS="1220" HPOS="124"/>
							<String ID="string_140" HPOS="145" VPOS="1220" WIDTH="58" HEIGHT="20" WC="0.95" CONTENT="resa,"/><SP WIDTH="22" VPOS="1220" HPOS="203"/>
							<String ID="string_141" HPOS="225" VPOS="1212" WIDTH="89" HEIGHT="22" WC="0.96" CONTENT="hvilken"/><SP WIDTH="19" VPOS="1212" HPOS="314"/>
							<String ID="string_142" HPOS="333" VPOS="1213" WIDTH="43" HEIGHT="20" WC="0.93" CONTENT="han"/><SP WIDTH="20" VPOS="1213" HPOS="376"/>
							<String ID="string_143" HPOS="396" VPOS="1220" WIDTH="52" HEIGHT="14" WC="0.93" CONTENT="vore"/><SP WIDTH="20" VPOS="1220" HPOS="448"/>
							<String ID="string_144" HPOS="468" VPOS="1213" WIDTH="112" HEIGHT="21" WC="0.92" CONTENT="nödsakad"/><SP WIDTH="20" VPOS="1213" HPOS="580"/>
							<String ID="string_145" HPOS="600" VPOS="1215" WIDTH="31" HEIGHT="19" WC="0.93" CONTENT="att"/><SP WIDTH="14" VPOS="1215" HPOS="631"/>
							<String ID="string_146" HPOS="645" VPOS="1213" WIDTH="98" HEIGHT="27" WC="0.93" CONTENT="företaga"/><SP WIDTH="17" VPOS="1213" HPOS="743"/>
							<String ID="string_147" HPOS="760" VPOS="1214" WIDTH="31" HEIGHT="20" WC="0.96" CONTENT="till"/>
						</TextLine>
						<TextLine ID="line_26" HPOS="43" VPOS="1247" WIDTH="713" HEIGHT="29">
							<String ID="string_148" HPOS="43" VPOS="1248" WIDTH="124" HEIGHT="26" WC="0.88" CONTENT="hemorten,"/><SP WIDTH="17" VPOS="1248" HPOS="167"/>
							<String ID="string_149" HPOS="184" VPOS="1249" WIDTH="54" HEIGHT="19" WC="0.93" CONTENT="samt"/><SP WIDTH="15" VPOS="1249" HPOS="238"/>
							<String ID="string_150" HPOS="253" VPOS="1247" WIDTH="136" HEIGHT="28" WC="0.92" CONTENT="uppmanade"/><SP WIDTH="17" VPOS="1247" HPOS="389"/>
							<String ID="string_151" HPOS="406" VPOS="1247" WIDTH="85" HEIGHT="21" WC="0.92" CONTENT="ständet"/><SP WIDTH="15" VPOS="1247" HPOS="491"/>
							<String ID="string_152" HPOS="506" VPOS="1249" WIDTH="32" HEIGHT="19" WC="0.90" CONTENT="att"/><SP WIDTH="14" VPOS="1249" HPOS="538"/>
							<String ID="string_153" HPOS="552" VPOS="1247" WIDTH="75" HEIGHT="21" WC="0.92" CONTENT="härom"/><SP WIDTH="16" VPOS="1247" HPOS="627"/>
							<String ID="string_154" HPOS="643" VPOS="1249" WIDTH="58" HEIGHT="26" WC="0.90" CONTENT="yttra"/><SP WIDTH="16" VPOS="1249" HPOS="701"/>
							<String ID="string_155" HPOS="717" VPOS="1248" WIDTH="39" HEIGHT="28" WC="0.96" CONTENT="sig."/>
						</TextLine>
					</TextBlock>
					<TextBlock ID="block_12" HPOS="111" VPOS="1281" WIDTH="328" HEIGHT="21">
						<TextLine ID="line_27" HPOS="111" VPOS="1281" WIDTH="328" HEIGHT="21">
							<String ID="string_156" HPOS="111" VPOS="1282" WIDTH="115" HEIGHT="20" WC="0.91" CONTENT="Stenroths"/><SP WIDTH="16" VPOS="1282" HPOS="226"/>
							<String ID="string_157" HPOS="242" VPOS="1281" WIDTH="101" HEIGHT="21" WC="0.95" CONTENT="anhållan"/><SP WIDTH="15" VPOS="1281" HPOS="343"/>
							<String ID="string_158" HPOS="358" VPOS="1281" WIDTH="81" HEIGHT="21" WC="0.96" CONTENT="bifölls."/>
						</TextLine>
					</TextBlock>
				</ComposedBlock>
				<GraphicalElement ID="cblock_6" HPOS="369" VPOS="1330" WIDTH="77" HEIGHT="2"></GraphicalElement >
				<ComposedBlock ID="cblock_7" HPOS="43" VPOS="1349" WIDTH="748" HEIGHT="56">
					<TextBlock ID="block_13" HPOS="43" VPOS="1349" WIDTH="748" HEIGHT="56">
						<TextLine ID="line_28" HPOS="111" VPOS="1349" WIDTH="680" HEIGHT="28">
							<String ID="string_159" HPOS="111" VPOS="1349" WIDTH="127" HEIGHT="21" WC="0.96" CONTENT="Justerades"/><SP WIDTH="21" VPOS="1349" HPOS="238"/>
							<String ID="string_160" HPOS="259" VPOS="1351" WIDTH="31" HEIGHT="19" WC="0.77" CONTENT="ett"/><SP WIDTH="18" VPOS="1351" HPOS="290"/>
							<String ID="string_161" HPOS="308" VPOS="1350" WIDTH="199" HEIGHT="27" WC="0.92" CONTENT="protokollsutdrag"/><SP WIDTH="16" VPOS="1350" HPOS="507"/>
							<String ID="string_162" HPOS="523" VPOS="1349" WIDTH="32" HEIGHT="21" WC="0.96" CONTENT="för"/><SP WIDTH="17" VPOS="1349" HPOS="555"/>
							<String ID="string_163" HPOS="572" VPOS="1350" WIDTH="41" HEIGHT="20" WC="0.96" CONTENT="den"/><SP WIDTH="15" VPOS="1350" HPOS="613"/>
							<String ID="string_164" HPOS="628" VPOS="1350" WIDTH="11" HEIGHT="20" WC="0.96" CONTENT="9"/><SP WIDTH="18" VPOS="1350" HPOS="639"/>
							<String ID="string_165" HPOS="657" VPOS="1350" WIDTH="38" HEIGHT="20" WC="0.96" CONTENT="och"/><SP WIDTH="17" VPOS="1350" HPOS="695"/>
							<String ID="string_166" HPOS="712" VPOS="1352" WIDTH="31" HEIGHT="18" WC="0.96" CONTENT="ett"/><SP WIDTH="16" VPOS="1352" HPOS="743"/>
							<String ID="string_167" HPOS="759" VPOS="1351" WIDTH="32" HEIGHT="19" WC="0.96" CONTENT="för"/>
						</TextLine>
						<TextLine ID="line_29" HPOS="43" VPOS="1384" WIDTH="326" HEIGHT="21">
							<String ID="string_168" HPOS="43" VPOS="1384" WIDTH="41" HEIGHT="20" WC="0.95" CONTENT="den"/><SP WIDTH="19" VPOS="1384" HPOS="84"/>
							<String ID="string_169" HPOS="103" VPOS="1384" WIDTH="22" HEIGHT="20" WC="0.93" CONTENT="11"/><SP WIDTH="18" VPOS="1384" HPOS="125"/>
							<String ID="string_170" HPOS="143" VPOS="1384" WIDTH="147" HEIGHT="20" WC="0.90" CONTENT="innevarande"/><SP WIDTH="16" VPOS="1384" HPOS="290"/>
							<String ID="string_171" HPOS="306" VPOS="1391" WIDTH="63" HEIGHT="14" WC="0.96" CONTENT="mars."/>
						</TextLine>
					</TextBlock>
				</ComposedBlock>
				<GraphicalElement ID="cblock_8" HPOS="961" VPOS="1395" WIDTH="3" HEIGHT="305"></GraphicalElement >
			</PrintSpace>
		</Page>
	</Layout>
</alto>
