964 1700
336 140 37 17 Den
387 140 10 17 5
411 144 52 13 mars.
711 134 41 20 435

34 206 26 20 räl
79 205 50 21 icke
149 205 68 21 heller
238 205 157 28 församlingen
413 206 82 20 förfara
515 204 50 21 med
583 205 49 21 dem
648 211 45 14 som
710 205 68 20 brutit

34 241 50 19 ;mot
99 239 49 20 den.

94 272 223 29 Landtdagsmannen
337 273 127 20 Puhakka
481 273 105 20 förenade
609 273 33 27 sig
664 273 7 20 i
694 272 84 22 Klamis

34 307 33 20 >eh
86 307 114 20 Manstens
220 307 116 26 yttranden
357 307 40 20 och
417 306 75 21 tillade
512 307 34 20 för
565 306 67 27 öfrigt
647 307 32 19 att
694 307 85 20 talaren

35 341 40 20 cke
95 340 73 21 kunde
189 340 117 28 godkänna
326 340 37 21 det
383 341 23 20 af
422 340 99 21 Heikura
536 340 136 21 framställda
687 340 91 28 förslag,

33 374 107 27 mgäende
163 375 69 20 böter.
268 374 72 22 Deraf
363 374 71 22 skulle
457 374 126 21 framkallas
606 374 76 21 endast
704 374 74 21 skada.

33 409 103 21 Mähända
150 409 72 20 blefve
237 409 29 28 pä
281 409 77 21 sädant
373 410 44 20 sätt
431 416 28 14 en
474 409 53 20 hvar
542 409 60 20 inom
613 409 67 27 nägra
691 409 23 21 är
725 409 53 21 fälld

33 445 25 19 itt
80 443 52 21 böta
155 444 31 20 ett
208 443 86 21 hundra
315 443 72 27 mark,
411 450 50 15 men
483 443 57 22 hvad
559 450 58 21 gagn
634 443 64 21 deraf
710 443 67 28 följde

33 477 64 21 skulle
116 478 52 27 föga
183 484 44 21 nog
242 478 72 27 någon
328 477 75 22 kunna
418 479 58 27 säga.
506 477 59 22 Ville
580 485 50 13 man
645 477 57 22 helst
717 478 61 21 anslå

33 514 84 19 jöterna
137 512 34 20 till
191 511 121 22 folkskolor
332 511 24 21 så
376 512 73 21 kunde
465 512 26 21 de
507 512 99 21 medföra
621 511 71 29 någon
709 514 68 26 nytta.

33 547 32 20 Att
80 546 158 28 församlingen
254 546 70 21 skulle
340 553 52 14 vara
407 547 108 21 tillstädes
529 546 28 22 då
572 553 26 14 en
614 546 122 29 förbrytare
747 546 31 21 af-

35 583 67 25 ägger
123 581 33 21 sin
176 581 144 26 bekännelse,
341 580 53 22 fann
409 581 85 21 talaren
509 581 34 21 till
559 582 117 27 ingenting
690 581 88 28 nyttigt.

32 615 27 21 En
75 615 60 21 bank
150 622 51 14 vore
216 615 130 27 visserligen
360 622 28 14 en
399 615 79 28 dyrbar
488 615 131 28 inrättning,
634 615 91 21 emedan
736 615 42 22 den

35 649 88 22 nnehöll
138 649 62 28 guld,
216 649 41 21 och
273 649 37 20 det
324 655 52 15 vore
392 649 48 21 icke
455 656 60 14 mera
531 651 26 19 än
568 650 54 25 rätt,
636 651 32 19 att
679 649 42 21 den
732 656 47 15 som

32 683 145 28 'örskingrade
197 683 99 22 bankens
316 683 119 28 tillgångar
453 683 90 22 dömdes
563 683 34 21 till
613 691 78 14 ansvar
706 683 72 22 derför

32 718 35 22 och
87 718 87 21 drefves
193 725 26 14 ur
238 718 96 27 bolaget.
363 718 52 21 Men
435 717 77 22 sådant
526 718 68 21 hörde
610 719 20 28 ej
646 718 34 21 till
695 717 84 22 föreva-

31 753 62 21 :ande
113 754 75 25 ämne,
210 752 92 21 emedan
317 759 30 14 nu
362 753 20 27 ej
399 759 52 14 vore
467 753 62 28 fråga
545 759 34 14 om
595 753 117 28 verldsliga
728 759 50 22 ego-

31 787 62 27 lelar,
115 788 52 19 utan
189 794 35 13 om
244 788 32 19 ett
296 787 48 21 inre
365 787 61 28 guld,
451 787 36 21 det
507 787 52 28 guld
579 793 47 15 som
644 787 98 22 kommer
758 787 24 22 af

31 829 51 14 iron.
113 821 94 21 Talaren
224 821 81 28 gillade
321 821 150 22 betänkandet
486 821 8 21 i
509 821 33 21 sin
558 821 81 21 helhet.

95 855 222 28 Landtdagsmannen
340 856 115 21 Brusila
475 856 100 21 förmälte
596 856 34 27 sig
648 855 132 22 understöda

31 891 87 20 Holmas
140 890 40 21 och
200 890 117 27 Nyrönens
340 889 95 28 mening,
473 890 41 21 Om
538 889 169 28 församlingens
729 892 51 25 rätt,

31 932 31 14 am
77 925 57 20 löse-
150 924 40 21 och
206 923 161 28 bindenyckeln
383 924 89 21 alldeles
488 923 47 21 icke
551 924 97 27 afsägos,
671 923 109 22 förlorade

31 959 154 27 församlingen
200 958 30 21 all
245 957 111 28 hållning,
377 958 42 20 den
436 958 71 21 blefve
523 957 79 21 liksom
618 959 32 20 ett
665 957 73 29 fartyg
752 959 28 27 på

31 995 27 19 att
78 992 112 22 svallande
209 992 44 21 haf.
282 992 65 21 Hvad
367 991 73 22 Klami
460 992 73 21 anfört
552 991 69 22 hörde
637 992 33 20 till
685 994 45 19 stor
746 992 34 21 del

30 1029 16 27 aj
63 1027 34 21 till
113 1027 79 26 saken,
212 1027 41 21 och
272 1027 54 21 hade
347 1033 44 21 nog
411 1027 84 21 kunnat
509 1026 66 21 fattas
591 1026 24 21 af
628 1026 84 22 talaren
727 1028 52 19 utan

30 1069 25 13 en
69 1062 53 26 läng
137 1061 113 28 predikan.
395 1079 2 3 ;

95 1095 222 28 Landtdagsmannen
340 1095 111 21 Holma:
474 1097 32 18 att
526 1095 85 21 talaren
626 1094 90 21 alldeles
732 1095 48 20 icke

30 1130 49 21 ville
95 1131 67 27 nägot
183 1130 75 27 tväng,
279 1130 71 21 säsom
371 1129 73 22 Klami
463 1130 92 27 pästätt,
579 1128 77 21 endast
676 1129 105 28 tillbörlig

29 1165 99 27 ordning.
160 1165 67 20 Judas
243 1164 55 21 hade
314 1166 58 19 ännu
386 1165 48 20 icke
451 1164 74 27 begätt
540 1164 72 27 nägon
627 1165 57 26 yttre
696 1163 84 28 förbry-

29 1199 64 26 telse,
116 1199 28 20 dä
166 1199 42 20 han
232 1198 74 27 deltog
326 1198 8 20 i
353 1198 137 21 nattvarden.
519 1198 51 20 Han
590 1197 56 20 hade
662 1198 27 20 dä
704 1197 76 21 endast

29 1234 30 19 ett
81 1232 134 27 obotfärdigt
238 1232 62 21 sinne
323 1231 40 21 och
385 1232 60 20 detta
467 1231 62 22 ledde
550 1231 80 20 honom
651 1237 76 15 senare
748 1231 33 20 till

29 1267 64 20 brott.
132 1265 68 22 Judas
226 1266 73 21 kunde
322 1265 84 21 således
429 1265 76 21 härvid
528 1265 47 21 icke
599 1265 88 20 anföras
710 1265 71 20 såsom

28 1301 107 28 exempel.
165 1300 44 21 För
228 1300 68 27 öfrigt
311 1299 56 22 hade
382 1300 86 21 ståndet
483 1299 92 21 kommit
589 1299 143 21 tillsammans
748 1299 34 21 för

29 1336 30 19 att
80 1335 60 20 stifta
159 1335 58 26 yttre
238 1334 42 27 lag.
312 1333 51 21 Man
384 1333 67 21 borde
471 1333 85 21 derföre
572 1333 20 27 ej
609 1333 102 27 fördjupa
726 1332 56 28 sig
771 1328 15 37 i

29 1368 30 21 tal
75 1375 34 14 om
126 1368 36 20 det
177 1367 47 21 inre
239 1365 101 29 kristliga
350 1367 73 26 lifvet,
439 1374 47 14 som
502 1367 47 20 icke
565 1366 67 21 hörde
643 1367 39 20 hit.
706 1366 76 28 Långa

29 1402 160 28 föreläsningar
209 1402 22 21 åt
251 1402 37 21 det
307 1401 68 22 hållet
392 1408 51 14 voro
459 1401 118 29 olämpliga
593 1401 39 21 och
650 1400 84 29 egnade
749 1401 34 28 sig

28 1438 55 21 blott
104 1437 33 21 till
159 1438 31 19 att
210 1437 155 28 uppskrämma
386 1436 97 21 ständets
498 1436 148 26 medlemmar,
670 1435 24 22 så
709 1436 31 20 att
756 1435 26 22 de
