975 1703
359 137 37 16 Den
412 136 9 16 7
435 135 48 22 äpril.
726 129 39 22 731

112 195 222 28 Landtdagsmannen
360 195 69 21 Keto
456 195 107 21 instämde
585 195 7 20 i
615 194 57 22 hvad
694 194 102 28 Hagman

44 231 68 26 yttrat
128 230 39 20 och
183 229 84 27 tillade,
278 230 32 20 att
321 223 141 27 Österbotten
476 229 48 21 icke
540 228 54 22 hade
611 229 72 27 någon
698 230 62 26 nytta
776 228 23 21 af

44 264 27 20 de
86 264 125 27 föreslagna
224 264 216 27 jernvägsarbetena,
457 263 72 21 derest
544 264 70 26 vägen
630 263 48 21 icke
689 263 107 21 utsträck-

44 299 34 19 tes
93 298 33 20 till
143 291 147 27 Österbotten.
321 298 66 20 Detta
409 298 68 20 måste
493 297 84 21 talaren
594 296 86 22 derföre
696 298 52 26 göra
764 297 31 20 till

45 332 70 21 vilkor
130 332 34 21 för
180 332 37 20 sitt
232 332 61 21 bifall
309 332 31 20 till
357 339 65 13 mom.

114 367 221 27 Landtdagsmannen
355 366 136 21 Pelkonen
510 365 96 29 yttrade,
626 367 31 19 att
677 373 34 13 om
727 366 70 21 ansla-

46 403 37 26 get
105 401 34 21 för
160 401 60 21 kärr-
241 401 39 22 och
301 401 159 28 mossodlingar
481 401 86 21 komme
588 402 31 19 att
639 400 109 21 bibehålla
764 400 32 21 sin

46 437 57 27 plats
119 436 6 21 i
142 436 78 21 nionde
237 436 94 26 klassen,
347 436 24 20 sä
387 436 69 20 skulle
473 435 41 21 alla
530 435 26 21 de
573 436 12 20 å
600 435 72 21 Perho
687 442 111 14 mossarne

46 471 76 28 gräfda
138 470 65 21 diken
219 477 38 22 gro
274 471 57 28 igen.
363 471 70 27 Sagda
450 471 75 27 anslag
540 470 66 21 borde
623 469 86 21 derföre
726 470 73 27 flyttas

46 505 7 20 i
70 505 70 28 tredje
160 507 100 19 rummet.
290 505 95 20 Dernäst
406 505 66 20 borde
488 505 26 20 de
531 505 124 26 föreslagna
672 504 127 21 kanalarbe-

47 541 50 19 tena
112 539 61 28 följa.
204 539 133 21 Jernbanors
358 539 116 28 byggande
488 539 68 20 borde
572 539 7 20 i
595 538 119 21 allmänhet
730 538 68 21 öfvor-

47 573 83 21 lemnas
152 573 32 20 till
205 573 74 28 bolag,
303 573 40 21 och
366 573 63 21 dessa
450 573 143 21 understödas
616 573 24 20 af
661 573 137 27 regeringen.

48 608 112 27 Styrelsen
175 607 67 22 borde
258 608 48 21 icke
322 608 119 20 verkställa
457 607 80 22 sådana
548 607 97 26 arbeten,
661 607 91 20 emedan
764 607 36 20 det

47 642 48 21 icke
116 642 72 21 kunde
209 643 38 20 ske
269 643 49 21 med
338 642 76 21 fördel.
445 643 75 20 Lahtis
541 642 82 26 banan,
646 649 46 13 som
714 649 51 13 vorc
779 641 24 21 af

48 676 96 22 särdeles
160 677 46 27 vigt
220 677 34 21 för
270 677 112 21 mellersta
398 677 102 26 Finland,
516 676 57 28 finge
587 672 76 30 likväl,
680 676 73 20 såvida
769 676 31 20 in-

48 718 43 20 gen
112 711 68 28 utsigt
200 712 78 20 funnes
294 713 32 19 att
342 711 95 21 enskildt
453 711 65 27 bolag
534 711 70 21 skulle
620 710 51 27 vilja
688 710 65 27 åtaga
768 710 33 27 sig

48 746 49 26 den,
112 746 24 20 af
148 748 69 18 staten
234 746 90 28 byggas.

117 780 222 28 Landtdagsmannen
355 780 72 21 Keto
443 779 131 27 förklarade,
590 781 31 19 att
636 779 92 21 orsaken
740 779 62 20 hvar-

48 815 46 20 före
116 815 83 20 talaren
221 816 59 26 gjort
300 815 106 20 förbehåll
428 815 7 19 i
456 814 102 21 afseende
574 814 12 20 å
599 814 133 27 jernvägens
748 813 52 21 fort-

50 849 100 21 sättande
171 850 33 20 till
225 844 141 26 Österbotten
387 849 48 27 låge
457 849 57 26 deri,
537 850 32 19 att
592 847 151 28 ridderskapet
762 848 39 20 och

50 883 63 21 adeln
129 884 31 20 uti
176 884 37 20 sitt
228 883 72 21 beslut
312 883 6 21 i
330 883 67 21 saken
414 883 77 21 uttalat
507 882 33 28 sig
556 882 33 21 för
605 882 41 21 den
663 882 96 27 mening,
770 883 31 19 att

49 919 63 20 nästa
120 918 317 28 jernvägsbyggnadsföretag,
449 924 46 14 som
506 917 24 20 af
539 918 71 19 staten
621 916 104 26 utfördes,
736 916 67 20 borde

51 952 67 21 blifva
139 952 70 21 banan
231 945 215 29 Tammerfors-Åbo.
476 952 43 21 För
540 952 66 27 öfrigt
626 951 77 21 trodde
719 950 84 21 talaren

50 987 48 21 icke
115 989 31 19 att
161 987 65 28 bolag
241 986 73 22 kunde
330 987 77 26 bildas,
422 993 45 14 som
483 987 64 27 åtoge
564 986 33 28 sig
613 987 31 19 att
660 985 71 28 bygga
743 986 60 27 jern-

50 1022 56 20 bana
123 1022 92 20 cmellan
231 1022 135 20 Tavastehus
383 1021 39 20 och
439 1020 154 21 Tammerfors.

118 1056 222 27 Landtdagsmannen
361 1056 119 20 Arvelin
500 1062 38 14 var
558 1061 51 14 ense
625 1054 50 21 med
690 1054 112 21 Pelkonen

52 1090 39 21 och
108 1090 122 27 åberopade
246 1090 33 21 för
296 1090 66 27 öfrigt
373 1089 210 28 landtdagsmännen
594 1089 159 20 Liimatainens
765 1088 39 21 och

51 1124 85 21 Klamis
152 1125 134 20 reservation
303 1126 58 19 emot
376 1124 154 21 betänkandet.

120 1159 222 27 Landtdagsmannen
357 1158 91 21 Klami
465 1158 67 27 ansåg
548 1158 98 27 anslaget
662 1157 33 20 för
704 1157 101 27 jordbru-

53 1194 37 20 ket
105 1193 53 21 böra
173 1193 76 27 föregå
266 1192 36 22 det
316 1192 34 21 till
363 1193 124 27 jernvägar,
504 1199 34 14 om
552 1191 85 22 hvilkas
647 1191 116 27 byggande
774 1192 31 19 ta-

54 1228 60 20 laren
135 1228 63 27 hyste
220 1234 82 14 samma
322 1227 57 28 äsigt
393 1234 47 14 som
456 1226 120 22 Pelkonen.
606 1225 147 22 Tammerfors
769 1225 36 22 ba-

54 1269 43 14 nan
113 1269 51 14 vore
180 1262 84 21 mindre
280 1262 67 28 nödig
363 1264 27 18 än
401 1262 76 20 Lahtis
488 1262 77 20 banan.
592 1260 148 22 Tammerfors
751 1260 55 20 hade

54 1297 99 21 fördelen
174 1297 24 20 af
216 1304 27 13 en
262 1296 81 29 mängd
363 1296 126 28 privilegier
509 1296 40 20 och
569 1295 66 21 borde
652 1294 86 22 derföre
754 1296 53 26 göra

54 1332 67 26 något
141 1331 57 27 sjelf.
229 1331 93 20 Talaren
343 1331 107 19 instämde
471 1331 49 19 med
534 1330 65 25 Keto,
623 1331 31 18 att
674 1329 66 27 bolag
758 1329 48 20 icke

54 1364 70 21 skulle
136 1365 85 27 uppstå,
237 1371 46 14 som
296 1364 85 28 byggde
390 1365 93 26 jernväg
492 1364 34 20 till
537 1363 155 26 Tammerfors,
709 1363 23 20 sä
742 1363 65 26 länge

55 1399 72 21 denna
143 1399 47 21 stad
205 1399 55 21 hade
276 1399 67 27 utsigt
359 1400 32 19 att
407 1399 83 20 erhålla
504 1398 56 21 bana
576 1404 79 21 genom
671 1398 82 19 statens
764 1396 43 21 till-

55 1433 102 28 görande.
187 1434 51 21 Men
254 1434 84 21 talaren
354 1433 76 21 trodde
447 1433 39 22 ock
502 1434 31 20 att
548 1431 155 28 Tammerfors,
719 1439 33 14 om
765 1433 41 20 sta-
