1009 1703
210 132 41 23 924

212 197 41 23 N:o
268 198 34 21 91.
385 197 56 22 Den
456 198 30 21 27
501 197 140 22 november
657 198 69 21 1863.

252 232 22 22 8.
290 232 19 21 d.
339 232 123 28 Föredrogs
480 232 153 28 lagutskottets
651 232 138 21 betänkande
804 238 36 15 n:o
856 232 20 27 3,
894 238 38 15 an-

184 267 84 28 gående
286 267 56 28 ogift
359 267 91 28 qvinnas
466 267 126 28 myndighet
607 267 36 21 vid
658 267 44 21 viss
717 266 66 28 ålder,
799 266 40 22 och
854 268 78 27 antogs

184 302 24 21 af
221 302 87 21 ståndet
322 302 68 20 första
405 301 140 21 alternativet
560 302 7 20 i
582 301 67 28 sagda
664 301 144 27 betänkande,
819 301 113 29 angående

183 337 59 20 såväl
258 337 91 28 qvinnas
363 336 128 27 myndighet
506 343 46 14 som
568 336 63 21 äfven
647 336 215 27 giftomannarätten,
878 336 55 20 dock

184 371 50 21 med
256 371 66 21 sådan
344 370 93 28 ändring
456 370 6 21 i
478 371 90 20 sednare
584 377 64 14 mom.
664 370 23 21 af
700 371 12 26 8
728 371 12 20 2
756 372 32 19 att
802 371 42 25 mö,
860 370 74 21 derest

184 406 43 21 hon
250 412 51 15 vore
324 405 72 21 bosatt
418 405 7 20 i
448 412 82 14 samma
552 405 87 26 socken,
662 411 45 14 som
728 404 82 21 hennes
826 404 62 21 fader
903 404 30 21 el-

184 441 32 20 ler
236 440 83 27 moder,
339 439 62 28 ålåge
422 439 36 21 vid
476 439 118 29 uttagande
615 439 23 21 af
655 439 89 28 lysning
762 439 34 20 till
811 439 122 28 äktenskap

184 475 52 26 visa,
260 476 31 19 att
313 474 43 21 hon
379 473 109 22 meddelat
510 473 136 22 föräldrarna
662 473 160 22 underrättelse
841 480 35 14 om
891 473 42 21 den

184 509 127 21 tillämnade
331 508 155 27 förbindelsen,
505 510 55 19 samt
575 509 32 20 att
622 508 107 21 föräldrar
744 507 48 22 icke
808 507 70 21 skulle
894 514 40 21 ega

185 544 44 20 rätt
250 544 32 20 att
304 544 53 26 göra
379 542 71 21 dotter
472 542 71 27 arflös,
566 548 34 15 om
621 542 43 20 hon
680 542 54 28 gifte
750 541 33 28 sig
798 542 58 20 emot
872 542 62 20 deras

184 577 58 29 vilja.

213 641 41 21 N:o
271 641 33 21 92.
401 640 54 21 Den
472 641 9 20 1
498 640 134 21 december
650 640 70 20 1863.

254 681 22 21 S.
292 681 19 20 d.
341 680 123 28 Föredrogs
479 680 154 28 lagutskottets
649 680 139 21 betänkande
803 686 35 15 n:o
849 681 19 25 6,
879 680 57 21 huru

186 715 35 21 vid
237 715 123 28 ansökning
375 722 35 13 om
425 715 81 28 lagfart
520 715 12 21 &
548 715 42 20 fast
605 715 106 27 egendom
726 714 92 21 förfaras
834 714 63 27 skall,
908 714 27 21 dä

186 750 111 21 sökanden
320 749 20 28 ej
363 749 43 21 kan
426 749 50 21 fullt
492 749 74 28 styrka
581 750 33 20 sin
630 749 146 21 företrädares
792 749 95 21 ätkomst
902 749 34 21 till

186 785 143 28 egendomen.
359 784 78 21 Bifölls
453 784 97 27 sålunda,
565 785 32 20 att
612 783 27 22 de
654 784 7 20 i
677 785 11 26 $
706 785 8 19 1
732 785 59 20 inom
804 785 131 27 parentesen

186 821 112 27 upptagna
314 818 38 21 ord
368 819 70 20 skulle
454 819 58 27 utgä.

214 854 41 21 N:o
271 854 34 21 93.

255 888 21 21 8.
292 887 20 22 d.
342 887 124 28 Föredrogs
489 887 233 21 ekonomieutskottets
743 887 137 21 betänkande
901 894 34 14 n:o

186 924 20 26 2,
222 922 113 29 angäende
350 921 27 21 fri
393 922 197 28 spanmälshandel,
605 921 84 22 hvilket
704 921 126 28 godkändes
843 922 49 21 med
904 929 32 14 sä-

186 958 42 21 dan
244 957 112 26 afvikelse,
372 958 32 19 att
420 957 25 20 de
461 957 24 20 af
498 956 169 21 bondeständets
682 957 132 27 deputerade
831 957 40 20 och
886 957 50 20 herr

186 991 214 21 landssekreteraren
416 998 41 13 von
473 991 157 27 Weissenberg
646 991 30 20 uti
692 991 108 20 utskottet
810 991 82 27 afgifna
904 997 32 13 re-

187 1025 134 22 servationer
343 1024 23 21 af
387 1024 86 21 ständet
495 1026 97 27 antogos,
614 1024 110 21 äfvensom
745 1026 32 19 att
793 1025 85 20 ständet
894 1025 42 20 för-

187 1059 69 22 enade
276 1059 34 28 sig
328 1059 7 20 i
351 1059 42 20 den
408 1059 24 21 af
445 1059 50 21 dess
510 1059 41 21 och
566 1059 191 28 borgareständets
773 1058 141 21 medlemmar
930 1059 7 20 i

186 1094 106 21 utskottet
307 1093 85 28 yttrade
408 1093 95 28 mening,
519 1092 135 22 beträffande
665 1093 115 20 kommuns
790 1093 105 26 rättighet
906 1094 32 19 att

186 1128 86 27 förfoga
292 1127 61 21 öfver
372 1127 146 28 tillgängarne
538 1127 8 20 i
566 1127 185 28 socknemagasin,
768 1133 45 14 som
829 1127 108 28 indragas.

215 1162 41 21 N:o
272 1162 34 21 94.

256 1196 22 21 8.
294 1195 20 21 d.
343 1195 124 28 Föredrogs
482 1195 211 28 landtdagsmannen
709 1195 173 28 Kumpulainens
900 1202 37 21 pe-

188 1229 189 23 titionsmemoria!
397 1229 113 28 angående
528 1229 114 22 införande
662 1229 24 21 af
699 1231 31 19 ett
746 1229 118 28 lindrigare
879 1232 58 25 post-

188 1266 70 27 porto,
274 1263 40 22 och
330 1263 106 21 särskilda
450 1263 68 21 andra
533 1263 153 28 förändringar
702 1263 7 20 i
725 1263 161 28 postväsendet,
897 1263 39 21 och

187 1301 67 26 antog
270 1297 86 22 ständet
371 1297 67 29 sagda
452 1297 174 29 petitionsfräga,
642 1298 70 27 jemte
728 1297 210 29 landtdagsmannen

187 1333 111 22 Heikuras
316 1332 75 21 dervid
409 1332 124 28 föreslagna
549 1333 83 27 tillägg,
648 1334 32 19 att
695 1332 7 21 i
718 1332 157 29 sammanhang
890 1333 48 20 der-

188 1368 50 22 med
253 1367 72 21 tillika
340 1366 66 22 borde
422 1367 7 21 i
445 1366 173 29 underdänighet
634 1366 93 22 ansökas
740 1374 35 14 om
786 1367 152 28 upphäfvande

188 1402 25 22 af
232 1402 37 22 det
290 1404 152 26 postmästare,
465 1402 33 21 för
520 1402 114 28 utdelning
654 1402 24 20 af
689 1402 50 20 med
754 1404 77 26 posten
848 1402 90 23 afsända

189 1437 110 29 tidningar
313 1436 39 22 och
368 1436 128 27 tidskrifter,
513 1436 104 29 tillaggda
632 1436 86 22 arvode.
