975 1698
357 136 38 17 Den
407 136 11 17 8
430 135 47 23 april.
727 130 39 20 747

272 196 48 21 Den
335 196 14 21 8
363 196 66 29 april,
445 196 88 23 klockan
548 195 28 22 10
586 196 50 28 före
650 196 117 29 middagen.

118 258 136 22 Protokollet
270 259 72 20 fördes
357 259 24 20 af
396 259 172 26 undertecknad,
585 259 113 21 hist-.filol.
720 259 75 21 kandi-

52 294 36 21 dat
103 293 41 21 och
159 293 171 21 extraordinarie
346 293 151 28 senatskopist.

119 362 54 21 Vice
190 361 161 22 ordföranden
340 357 13 38 i
365 361 118 28 kejserliga
498 363 100 20 senatens
611 362 187 29 justitiedeparte-

52 398 70 25 ment,
137 396 50 21 herr
207 395 163 29 geheimerådet
383 396 92 21 friherre
490 396 107 21 Sackleen
617 397 132 27 företrädde,
766 398 31 21 åt-

52 431 54 28 följd
122 430 23 21 af
158 429 298 22 referendariesekreteraren
476 430 7 20 i
501 430 117 28 kejserliga
639 433 101 19 senatens
760 432 38 21 all-

52 467 80 20 männa
146 464 70 21 kansli
233 464 111 21 Snellman
363 464 39 21 och
423 464 98 28 uppläste
540 464 56 21 inför
617 465 86 22 ståndet
721 466 28 21 H.
769 466 28 21 K.

52 500 50 22 M:ts
118 500 78 28 nådiga
216 499 94 28 reskript
330 499 23 21 af
370 498 41 22 den
434 500 25 20 31
479 498 98 22 sistlidne
598 506 67 21 mars,
685 501 112 28 angående

52 535 143 27 landtdagens
213 533 122 22 afslutande
351 534 41 20 den
414 534 25 20 15
454 534 7 20 i
479 534 71 20 denna
569 534 88 28 månad,
677 535 120 28 hvarjemte

53 570 50 20 herr
118 568 162 28 geheimerådet
295 568 40 21 och
351 568 113 26 friherren,
480 568 87 21 hvilken
581 568 33 21 till
625 569 86 21 ståndet
722 570 76 21 inlem-

53 604 55 21 nade
128 603 70 27 styrkt
213 602 86 22 afskrift
314 602 24 21 af
351 602 37 21 det
402 602 79 28 nådiga
496 602 117 28 reskriptet
628 603 41 21 och
684 604 115 21 öfversätt-

53 638 53 28 ning
122 638 63 21 deraf
198 637 32 21 till
246 637 70 21 finska
330 636 98 29 språket,
444 636 134 28 meddelade,
599 639 31 19 att
650 638 28 21 H.
694 638 27 22 K.
737 638 40 22 M:t
791 640 8 20 i

54 672 67 22 nåder
142 672 114 21 stadfästat
276 672 127 21 ständernas
423 672 70 21 beslut
512 672 7 21 i
540 672 117 29 anledning
676 674 24 20 af
721 674 78 28 nådiga

54 708 188 28 propositionerne
258 706 113 29 angående
390 706 25 29 a)
434 706 151 29 upphäfvande
600 707 24 21 af
637 707 163 29 ridderskapets

54 742 40 22 och
110 742 74 22 adelns
200 742 137 21 uteslutande
353 743 43 19 rätt
415 743 32 19 att
462 748 40 22 ega
521 742 115 28 frälsejord
655 742 49 22 med
725 744 75 20 säteri-

54 777 76 27 frihet,
146 776 24 29 0)
186 776 152 29 upphäfvande
359 776 23 21 af
400 776 194 28 indigenatsrätten
615 776 33 21 för
667 777 134 22 läroständet

55 813 58 20 inom
129 812 82 26 landet,
228 813 23 25 c)
266 810 114 29 ändring
370 806 14 38 i
399 811 57 21 vissa
476 811 59 21 delar
555 811 23 21 af
597 811 109 22 allmänna
726 812 75 28 lagens

56 846 119 29 stadgande
186 846 7 21 i
204 847 27 20 24
247 846 49 28 kap.
312 846 25 21 B.
353 845 33 27 B.,
403 845 39 22 och
458 846 25 29 d)
498 846 85 28 garanti
598 846 24 21 af
635 846 37 21 det
687 847 35 21 län
733 847 68 28 hypo-

55 882 180 27 teksföreningen
254 881 8 21 i
277 880 73 21 landet
365 881 98 20 kommer
479 882 32 19 att
526 881 12 20 å
551 881 82 21 utrikes
649 883 34 19 ort
698 883 103 27 upptaga.

124 916 150 22 Talemannen
289 915 108 28 betygade
417 915 97 21 ständets
534 915 95 21 vördnad
645 915 39 22 och
701 915 100 23 erkänsla

56 952 34 20 för
104 951 36 21 det
151 951 79 27 nädiga
240 950 160 26 meddelandet,
413 950 110 20 hvarefter
531 950 50 20 herr
590 950 162 28 geheimerädet
763 951 40 21 och

56 986 108 21 friherren
175 986 69 27 jemte
260 984 300 21 referendariesekreteraren
574 984 111 21 Snellman
694 985 106 21 afträdde.

125 1020 164 21 Ofvanberörda
304 1019 79 28 nådiga
399 1019 93 29 reskript
507 1019 73 27 intogs
595 1019 7 21 i
618 1019 133 28 protokollet
762 1020 39 20 och

57 1062 37 15 var
110 1055 120 21 detsamma
245 1054 128 27 sälydande:

125 1090 38 20 Wi
178 1088 187 22 ALEXANDER
381 1088 41 21 den
437 1088 81 27 Andre,
531 1088 50 21 med
597 1088 59 21 Guds
672 1088 61 22 Näde
751 1088 53 28 Kej-

58 1132 47 14 sare
122 1124 39 21 och
177 1123 170 29 Sjelfherrskare
363 1124 60 20 öfver
438 1123 50 21 hela
505 1122 121 29 Ryssland,
650 1122 55 22 Tsar
723 1123 23 21 af
762 1123 41 21 Po-

57 1159 43 27 len,
117 1158 119 22 Storfurste
251 1158 34 20 till
299 1158 105 26 Finland,
419 1159 40 19 ete.
476 1159 40 19 ete.
532 1158 39 20 ete.

128 1192 110 28 Tillbjude
256 1192 68 26 Eder,
341 1192 41 21 Oss
398 1192 111 27 älskelige,
529 1191 58 21 Väre
608 1193 77 26 trogne
701 1191 104 21 undersä-

58 1230 56 24 tare,
130 1227 190 21 Landtständerna
338 1226 7 21 i
363 1226 208 21 Storfurstendömet
585 1225 104 27 Finland,
711 1225 94 28 grefvar,

58 1262 111 26 friherrar,
185 1261 127 28 ridderskap
328 1261 40 20 och
383 1260 59 28 adel,
463 1260 141 28 erkebiskop,
624 1260 113 28 biskopar,
756 1266 49 22 pre-

60 1297 109 27 sterskap,
190 1296 111 21 städernes
323 1295 133 28 borgerskap
477 1295 39 21 och
534 1294 86 28 menige
636 1294 103 28 allmoge,
760 1294 45 21 Vår

60 1331 126 28 synnerliga
200 1332 79 27 ynnest
295 1330 40 21 och
349 1329 86 28 Nådiga
450 1329 144 28 bevågenhet,
615 1328 50 21 med
684 1328 49 21 Gud
748 1328 57 20 Alls-

60 1365 90 28 mäktig.

127 1399 46 22 Vår
184 1399 85 28 Nådiga
287 1399 52 28 vilja
355 1400 30 25 är,
403 1400 31 19 att
449 1398 41 21 den
501 1405 29 14 nu
540 1397 118 29 påstående
673 1397 132 28 landtdagen

61 1435 55 23 skall
132 1435 89 22 afslutas
237 1435 42 23 den
294 1435 13 22 3
323 1435 44 28 (15)
381 1434 63 29 April
458 1433 146 23 innevarande
620 1433 30 28 är,
666 1432 27 23 då
708 1432 45 23 Vår
769 1439 37 24 ge-
