975 1706
377 124 39 16 Den
428 124 11 17 5
451 124 48 22 april.
744 118 39 21 757

64 183 34 21 för
116 182 160 29 jordbrukaren
296 190 27 14 en
344 183 67 28 vinst,
429 184 34 21 för
482 184 88 22 hvilken
591 184 70 22 denne
679 184 66 21 borde
761 191 51 15 vara

65 217 103 22 tacksam.

132 252 222 28 Landtdagsmännen
369 253 145 21 Haikonen
530 253 39 21 och
586 254 96 21 Simula
697 260 51 14 voro
760 260 51 14 ense

64 286 50 21 med
128 286 108 28 Hagman.

135 320 220 29 Landtdagsmannen
374 321 197 22 Teräsrautila
588 322 69 27 ansåg
672 322 41 20 den
727 322 84 21 föreva-

64 355 67 21 rande
146 355 152 22 diskussionen
308 356 7 20 i
327 358 73 19 ämnet
410 364 52 14 vara
472 356 89 22 alldeles
572 356 80 28 onödig
663 357 56 20 samt
729 356 82 28 yrkade

65 390 141 28 omröstning.

132 424 221 28 Landtdagsmannen
368 425 190 29 Pohjalainen
571 426 72 21 kunde
659 425 48 21 icke
717 431 53 15 anse
781 425 30 21 af-

63 458 123 26 skaffandet
196 460 23 20 af
227 460 261 28 husbehofsbränningen,
504 462 58 20 emot
572 460 168 22 bondeståndets
752 459 58 29 vilja,

63 493 135 22 annorlunda
213 495 27 20 än
256 494 71 21 såsom
343 500 27 15 en
381 495 111 27 uppenbar
502 494 124 28 kränkning
636 494 25 21 af
669 494 141 28 grundlagen.

62 528 232 29 Fabriksbränningen
309 528 112 22 medförde
436 530 8 20 i
459 529 66 29 öfrigt
539 529 61 28 långt
616 536 60 14 mera
690 528 85 22 förderf
783 530 27 19 än

64 563 36 20 det
116 563 124 21 nuvarande
256 565 66 19 sättet
337 565 31 19 att
383 563 101 22 tillverka
498 564 99 21 bränvin.

131 597 221 28 Landtdagsmannen
368 598 141 21 Pelkonen
528 598 79 28 gillade
622 598 49 21 icke
686 597 125 29 någondera

64 632 24 21 af
101 632 26 21 de
143 632 90 28 förslag,
254 632 75 22 hvilka
344 632 24 21 af
381 633 105 21 utskottet
501 633 71 21 blifvit
587 632 144 27 framställda,
753 639 57 14 eme-

63 667 43 21 dan
121 666 48 22 icke
184 667 125 28 någondera
324 667 185 22 öfverensstämde
525 667 50 22 med
584 668 80 20 folkets
675 667 70 28 tycke.
769 667 41 21 Ta-

62 702 62 21 laren
139 701 51 21 ville
206 702 55 20 dock
276 702 75 21 förena
367 702 34 27 sig
415 702 50 21 med
481 696 89 34 Östring
585 702 40 21 och
639 702 75 21 Klami
729 700 81 28 deruti,

63 738 32 19 att
110 736 86 21 ståndet
211 736 66 21 borde
292 736 73 21 skrida
381 736 32 21 till
427 737 136 28 omröstning
577 736 93 22 rörande
684 736 36 21 det
734 742 76 14 senare

64 771 144 21 alternativet.
238 772 99 27 Antoges
353 770 65 28 detta,
434 772 51 20 ville
500 772 83 20 talaren
595 771 79 21 efteråt
685 772 52 26 göra
748 770 62 22 hvar-

60 805 96 29 jehanda
178 805 146 29 påminnelser
347 807 59 19 emot
428 806 42 22 det.
505 806 45 21 Det
571 812 77 14 senare
671 805 140 21 alternativet

63 848 51 14 vore
137 840 68 28 enligt
227 840 95 21 talarens
344 840 89 28 mening
453 842 32 20 att
505 840 135 28 föredragas,
663 840 91 22 emedan
774 839 37 21 det

62 875 100 21 lemnade
178 876 68 20 större
262 874 72 22 frihet.
363 874 50 22 Den
429 882 45 14 som
490 875 132 21 fortfarande
637 874 52 22 ville
699 874 52 21 idka
761 874 49 22 hus-

63 910 186 28 behofsbränning
263 910 57 28 finge
337 911 52 27 göra
405 910 42 26 det,
463 910 41 21 den
519 917 46 14 som
579 910 48 20 icke
640 909 52 21 ville
706 908 37 22 det
753 909 57 28 finge

63 945 44 21 låta
127 944 37 21 bli.
194 944 94 21 Talaren
306 950 38 15 var
365 944 127 28 öfvertygad
511 944 81 27 derom,
612 946 32 18 att
664 944 81 21 enhvar
764 950 46 14 som

63 979 69 21 ifrade
153 978 33 22 för
206 979 108 28 sedlighet
334 978 47 22 icke
402 979 85 21 komme
510 980 32 20 att
564 978 99 28 begagna
683 978 34 28 sig
737 978 23 20 af
777 978 33 20 sin

63 1014 169 28 bränningsrätt.
248 1013 11 21 I
275 1013 65 28 öfrigt
350 1013 51 21 ville
412 1014 83 21 talaren
506 1013 120 27 framhålla,
637 1013 103 21 hurusom
751 1012 58 21 stån-

62 1049 43 26 det,
126 1048 7 21 i
152 1048 104 21 händelse
277 1048 37 21 det
331 1048 24 21 af
368 1048 26 21 de
411 1048 69 28 öfrige
496 1048 90 21 stånden
601 1048 7 19 i
624 1047 67 21 saken
708 1047 101 27 vidtagna

63 1083 71 21 beslut
154 1083 87 20 komme
261 1084 32 19 att
309 1089 64 14 anses
388 1083 107 27 gällande,
516 1082 48 21 icke
579 1081 55 22 hade
649 1082 72 28 någon
737 1088 72 15 annan

62 1119 66 26 utväg
148 1119 27 20 än
194 1119 32 19 att
244 1117 74 22 förlita
333 1117 33 28 sig
380 1117 29 28 på
423 1117 28 21 H.
466 1117 27 22 K.
509 1117 46 21 M:t.
584 1117 34 20 De
634 1117 71 28 öfriga
719 1115 91 22 stånden

63 1153 55 21 hade
138 1152 56 28 tagit
214 1153 31 20 ett
259 1152 80 28 vågadt
354 1153 58 26 steg,
433 1152 27 21 då
475 1152 25 21 de
515 1151 93 22 likasom
623 1151 50 21 med
687 1151 50 21 våld
752 1151 59 21 velat

62 1186 116 29 frånrycka
198 1186 209 21 bondeståndet
369 1181 43 38 ett
427 1187 137 28 privilegium
584 1186 40 21 och
639 1185 121 28 dymedelst
776 1185 33 20 til-

62 1222 49 20 låtit
131 1221 33 28 sig
183 1223 31 18 att
230 1221 64 28 lägga
309 1227 27 14 en
352 1222 54 26 tung
421 1221 58 21 skatt
492 1221 29 28 på
536 1220 84 21 landets
636 1220 101 28 allmoge.
768 1219 41 22 Ta-

62 1257 61 20 laren
144 1255 148 22 återhemtade
310 1255 38 20 sitt
363 1255 97 28 yrkande
475 1255 28 28 på
518 1255 135 28 omröstning
668 1254 93 21 rörande
777 1255 33 19 ut-

63 1290 92 21 skottets
170 1289 91 22 sednare
277 1289 122 22 alternativ.

130 1324 221 27 Landtdagsmannen
367 1323 128 22 Mansten
510 1323 126 26 betviflade,
648 1325 35 20 att
698 1323 27 21 de
741 1323 70 27 öfriga

63 1359 91 20 stånden
175 1358 70 21 skulle
260 1358 76 21 förena
351 1357 33 28 sig
400 1359 49 20 med
463 1357 159 22 bondeståndet
637 1364 35 14 om
688 1356 122 29 antagande

64 1393 22 20 af
101 1393 36 20 det
152 1399 76 15 senare
244 1393 147 26 alternativet,
407 1392 101 22 eftersom
524 1392 27 21 de
566 1393 13 20 å
594 1392 34 21 sin
643 1391 47 22 sida
700 1391 111 22 allaredan

63 1427 97 29 godkänt
180 1427 36 22 det
237 1428 69 21 första
326 1427 139 22 alternativet
485 1427 39 22 och
544 1426 49 22 icke
608 1427 59 28 brytt
681 1426 34 29 sig
730 1433 35 14 om
781 1427 31 20 att
