970 1709
341 133 37 19 Den
392 134 22 18 30
426 139 51 13 mars.
716 129 41 21 633

105 193 123 29 Föredrogs
247 194 219 22 ekonomiutskottets
484 195 136 21 betänkande
641 202 34 14 n:o
690 196 20 27 8,
726 197 7 20 i
749 204 37 14 an-

36 228 90 28 ledning
141 229 24 20 af
177 229 28 21 H.
222 229 27 20 K.
264 229 51 21 M:ts
328 229 80 28 nådiga
422 230 134 28 proposition
567 230 113 28 angående
691 230 96 28 lindring

37 262 24 21 af
74 262 128 28 jordegares
221 262 125 29 skyldighet
367 263 33 20 till
420 264 171 27 hällskjutsning
611 266 56 18 samt
682 266 50 26 väg-
748 264 39 21 och

38 296 149 28 brobyggnad.

106 330 127 22 Bordlades.

105 398 124 30 Föredrogs
245 402 31 19 ett
291 400 24 21 af
327 400 209 29 landtdagsmannen
547 400 91 21 Poikela
648 400 93 29 ingifvet
751 407 37 22 pe-

39 434 155 29 titionsförlag,
205 435 113 28 angående
329 435 134 22 afskaffande
472 435 25 21 af
504 435 186 28 lasaretsafgiften
698 436 7 20 i
714 429 74 27 Öster-

40 469 82 21 botten.

107 503 162 22 Remitterades
284 504 33 21 till
334 504 96 21 ståndets
447 504 98 21 enskilda
560 504 178 21 besvärsutskott.

108 572 221 28 Landtdagsmannen
352 572 194 29 Kumpulainen
567 573 100 28 uppläste
687 575 32 18 ett
736 573 55 28 peti-

41 607 151 28 tionsförslag,
214 607 113 28 angäende
347 609 89 26 postens
456 607 144 21 befordrande
619 607 104 21 vintertid
742 607 49 22 med

41 641 116 29 ångfartyg
173 641 47 21 från
236 641 125 28 Hangöudd
375 642 33 20 till
423 641 98 28 Sverige.

109 676 222 28 Landtdagsmannen
350 676 67 21 Koto
436 676 73 21 kunde
529 676 47 21 icke
596 675 86 22 biträda
704 676 88 28 petitio-

42 717 53 20 nen,
119 710 90 21 emedan
231 711 35 21 det
286 717 51 14 vore
357 711 142 28 regeringens
519 710 39 21 sak
578 711 55 20 atti
649 710 55 21 slika
719 711 73 28 frägor

43 746 88 27 vidtaga
150 745 83 28 ätgärd.
264 745 93 22 Talaren
376 745 56 21 hade
453 745 108 22 dessutom
583 745 48 21 lätit
649 745 86 21 berätta
749 746 44 27 sig,

43 783 31 19 att
94 780 92 21 emellan
207 780 66 28 ryska
294 779 40 22 och
349 780 92 21 svenska
457 780 157 28 regeringarna
629 787 46 14 som
690 780 49 21 bäst
754 787 38 14 un-

43 814 157 23 derhandlades
216 814 113 29 angäende
344 821 83 14 samma
443 815 69 20 ämne.

111 849 223 28 Landtdagsmannen
349 849 146 28 Blomgvist
513 850 102 20 motsatte
632 849 33 28 sig
680 850 113 27 petitions-

43 885 115 28 förslaget,
182 884 91 21 emedan
289 884 154 21 erfarenheten
465 884 66 26 visat,
551 885 31 20 att
602 891 27 13 en
649 883 81 28 ångbåt
746 884 48 21 icke

43 919 72 22 kunde
131 919 7 20 i
153 919 110 21 anseende
279 918 33 22 till
328 919 26 21 de
370 919 88 28 stränga
473 919 112 21 vintrarna
596 918 127 21 underhålla
733 919 61 20 kom-

44 954 135 21 munikation
196 954 94 21 emellan
306 953 26 21 de
348 953 93 21 nämnde
457 955 97 20 orterna.

112 988 222 28 Landtdagsmannen
358 987 87 22 Klami
465 987 96 28 medgaf,
585 990 32 19 att
638 987 56 22 Keto
710 987 84 22 kanske

45 1023 56 22 hade
121 1025 54 25 rätt,
195 1030 50 14 men
267 1023 67 28 ansåg
350 1022 85 21 ståndet
451 1023 84 20 ändock
550 1029 52 14 vara
616 1022 133 28 berättigadt
765 1023 31 20 att

44 1058 53 28 ingå
111 1057 50 22 med
176 1057 93 29 petition
284 1057 8 21 i
307 1058 80 20 ämnet.
417 1057 64 21 Emot
496 1057 123 28 Blomqvist
635 1057 113 21 anmärkte
765 1059 30 18 ta-

45 1093 72 26 laren,
139 1094 32 19 att
190 1092 75 21 hafvet
286 1091 99 21 söderom
406 1085 73 27 Åland
499 1091 76 21 endast
595 1091 68 20 under
680 1091 22 21 få
716 1091 24 21 år
756 1091 40 20 och

45 1127 105 22 månader
164 1127 105 21 vintertid
281 1133 38 14 var
335 1127 23 20 så
373 1125 117 29 isbelagdt,
509 1128 32 19 att
556 1126 37 21 det
608 1125 48 21 icke
671 1125 73 22 kunde
760 1125 36 21 be-

46 1162 65 21 faras.
140 1161 76 21 Under
232 1161 80 22 sådana
328 1161 55 20 tider
399 1161 65 28 ginge
480 1160 36 21 det
531 1168 28 13 an
575 1161 32 20 att
622 1160 79 28 anlöpa
717 1159 79 22 Baltis-

46 1198 59 27 port,
129 1195 95 33 derifrån
247 1196 78 27 posten
348 1195 67 21 sedan
436 1195 73 20 kunde
529 1195 74 20 färdas
623 1195 121 27 landvägen
764 1194 33 21 till

47 1230 100 21 Finland.
177 1230 72 21 Afven
265 1229 60 21 detta
340 1229 68 21 borde
423 1236 63 14 anses
502 1236 46 14 som
562 1236 28 13 en
606 1229 64 20 vinst.

115 1264 223 28 Landtdagsmannen
353 1263 193 28 Kumpulainen
562 1263 130 27 förklarade,
708 1264 32 19 att
755 1262 43 21 han

48 1301 20 27 ej
90 1299 113 28 föreslagit
223 1299 71 20 denna
313 1298 188 21 kommunikation
522 1298 92 21 allenast
632 1298 34 21 för
681 1297 117 28 postförin-

49 1341 49 20 gen,
114 1335 52 18 utan
182 1333 41 19 ock
239 1333 34 20 för
287 1333 190 26 person-trafiken.

116 1367 32 20 Pä
168 1365 122 22 framställd
310 1365 135 28 proposition
466 1365 133 22 förkastades
615 1364 182 28 petitionsförsla-

50 1403 36 27 get
102 1401 49 21 med
166 1401 27 20 22
209 1401 35 27 nej
262 1401 58 20 emot
331 1396 10 38 5
361 1400 30 27 ja.

119 1434 91 22 Ständet
225 1434 111 22 ätskildes.
