989 1703
224 143 41 20 818
499 148 38 17 Den
551 148 18 16 11
585 147 49 22 april.

198 210 31 19 att
244 207 160 22 bondeståndet
419 207 86 21 förenar
519 207 33 27 sig
563 207 6 20 i
580 206 161 29 ridderskapets
757 206 39 21 och
807 206 75 21 adelns
894 207 54 20 samt

197 242 191 29 borgareståndets
403 241 79 28 beslut,
497 243 23 26 ty
536 241 41 21 den
593 241 31 21 tid
640 248 45 14 som
703 241 92 21 återstår
805 240 34 22 för
850 240 98 22 ständer-

196 285 39 14 nes
258 284 149 15 sammanvaro
430 277 40 20 har
493 276 67 21 redan
579 275 72 22 blifvit
667 276 23 21 så
705 275 56 27 kort,
777 277 31 19 att
822 275 127 28 skiljaktiga

196 313 73 20 beslut
288 312 48 21 icke
356 318 60 14 mera
436 311 67 21 hinna
518 310 188 28 sammanjemkas.
737 309 29 22 Så
781 309 67 22 framt
862 309 86 22 ståndet

196 346 49 22 icke
264 346 87 21 förenar
370 346 33 27 sig
418 345 7 21 i
441 345 66 28 sagde
522 345 78 26 beslut,
615 344 87 21 befarar
715 344 40 28 jag
770 346 31 19 att
816 344 49 20 hela
881 343 66 22 saken

197 380 42 22 blir
259 380 36 22 vid
315 380 37 21 sitt
371 380 58 20 förra
448 379 67 27 skick,
530 379 83 21 hvilket
626 379 39 28 jag
681 379 107 28 knappast
803 381 45 18 tror
864 380 32 20 att
911 378 37 21 nå-

197 422 42 21 gon
256 414 55 22 enda
327 414 24 22 af
363 414 97 21 ståndets
474 414 142 21 medlemmar
631 413 70 21 skulle
717 412 75 22 önska.

265 449 108 28 Slutligen
393 448 98 22 anhåller
506 449 39 27 jag
561 450 31 19 att
607 448 22 21 få
643 448 74 21 erinra
732 448 82 26 derom,
830 449 32 19 att
878 454 33 14 om
928 447 20 21 vi

196 483 42 23 ock
260 484 7 20 i
290 483 61 29 fråga
374 490 34 14 om
427 483 27 21 de
470 482 110 22 allmänna
595 482 124 28 grunderne
735 482 70 22 skulle
821 482 85 22 besluta
921 482 27 28 på

199 520 31 20 ett
245 519 54 21 eller
314 520 66 20 annat
396 519 48 25 sätt,
464 518 24 21 så
503 517 98 22 kommer
616 518 47 21 vårt
679 517 71 22 beslut
765 517 8 22 i
788 518 43 21 alla
846 517 39 21 fall
901 516 48 23 icke

197 555 32 20 att
245 553 65 22 binda
325 552 112 23 händerna
452 553 29 27 på
496 559 26 15 en
538 552 130 22 kommande
684 552 110 28 landtdag,
813 554 23 26 ty
851 552 55 22 först
922 551 27 22 då

197 587 62 22 torde
282 587 37 22 det
340 594 43 22 nya
404 587 212 29 kyrkolagförslaget
634 587 7 20 i
661 587 48 21 dess
725 587 75 21 helhet
814 587 89 21 komma
918 588 31 19 att

197 623 124 28 föreläggas
344 622 124 21 ständerne.
497 621 34 22 En
553 621 39 22 sak
611 623 24 19 är
654 621 42 28 god
712 621 64 22 äfven
791 621 7 21 i
814 621 34 21 sin
863 621 85 28 början,

197 657 56 21 blott
271 657 72 21 denna
361 657 77 27 början
454 658 24 19 är
493 656 144 27 säbeskaffad,
653 658 32 19 att
700 656 81 21 folkets
796 655 70 22 fördel
882 655 66 22 ound-

197 691 97 28 vikligen
310 690 84 22 fordrar
410 692 33 20 att
457 690 42 22 den
515 691 70 27 göres.

265 725 222 28 Landtdagsmannen
502 725 107 21 Brusila
624 724 51 22 fann
690 725 167 28 ifrägavarande
868 724 80 22 ärende

197 768 52 14 vara
269 760 24 21 af
309 760 112 28 synnerlig
439 760 52 28 vigt,
506 760 59 21 säväl
581 760 6 21 i
603 760 84 28 andligt
703 766 45 16 som
764 760 114 28 lekamligt
893 760 55 21 afse-

198 795 62 27 ende,
273 794 102 22 hvarföre
391 794 84 22 talaren
490 794 67 29 ansåg
573 794 36 22 det
624 802 52 14 vara
692 794 48 22 bäst
756 796 32 20 att
802 795 86 21 ståndet
906 795 42 21 för-

197 830 70 22 enade
287 830 34 28 sig
339 829 8 21 i
365 829 172 29 prestaständets
551 829 78 21 beslut.
660 829 73 22 Saken
748 830 56 21 hade
819 830 129 28 visserligen

197 864 67 22 redan
279 864 65 28 länge
359 864 73 21 blifvit
446 864 115 28 granskad,
577 871 49 15 men
643 864 36 21 det
695 864 95 22 skadade
804 864 49 21 icke
864 865 32 21 att
906 864 41 22 den

195 900 120 27 yttermera
330 898 164 22 skärskädades.

265 932 222 29 Landtdagsmannen
506 933 90 29 Tykki
615 933 80 28 gillade
711 933 101 22 häremot
826 933 122 24 ridderska-

197 969 47 27 pets
260 968 40 21 och
315 967 76 22 adelns
405 967 80 28 beslut,
499 968 122 28 hvarjemte
636 968 83 21 talaren
733 968 101 21 förmälte
850 968 34 28 sig
898 968 50 22 med

197 1002 135 21 tacksamhet
347 1002 84 21 biträda
447 1003 36 20 det
497 1002 108 27 yttrande,
621 1009 46 14 som
683 1002 24 21 af
719 1002 74 21 Klami
809 1003 7 20 i
832 1002 67 21 saken
917 1002 31 21 af-

195 1036 82 29 gifvits.

264 1069 223 30 Landtdagsmannen
498 1070 119 22 Heikura
627 1071 51 21 fann
689 1071 167 28 ifrägavarande
868 1071 80 22 ärende

195 1105 114 28 verkligen
325 1112 52 15 vara
391 1106 24 21 af
423 1105 47 28 vigt
480 1105 40 22 och
531 1105 73 22 fordra
614 1105 103 28 grundlig
727 1106 146 28 ompröfning.
893 1106 53 21 För-

196 1139 71 28 slaget
287 1139 56 22 hade
365 1140 35 21 väl
423 1140 67 21 sedan
510 1140 71 28 nägon
601 1139 32 22 tid
648 1141 56 20 varit
719 1140 97 21 utdeladt
832 1140 6 21 i
854 1140 93 27 ständet,

195 1181 50 15 men
267 1173 61 22 tiden
351 1173 56 22 hade
430 1174 113 22 oafbrutet
563 1174 110 28 upptagits
689 1175 23 21 af
725 1175 68 21 andra
808 1175 99 27 ärender,
923 1175 23 21 sä

196 1210 32 19 att
249 1216 51 14 man
323 1208 54 22 först
399 1209 28 27 pä
447 1208 26 21 de
492 1208 108 22 allrasista
615 1209 95 27 dagarne
727 1209 78 21 hunnit
821 1216 56 21 egna
892 1216 54 21 upp-

195 1242 148 21 märksamhet
365 1242 23 20 åt
410 1243 126 20 detsamma.
571 1242 34 21 Då
628 1250 50 12 man
701 1243 84 21 således
807 1244 7 19 i
837 1243 109 21 anseende

194 1275 33 21 till
251 1275 26 21 de
299 1275 22 21 få
344 1275 73 28 dagar,
440 1283 47 13 som
509 1283 90 14 numera
621 1276 110 22 återstode
752 1276 34 22 för
804 1276 142 29 landtdagens

194 1316 161 20 sammanvaro,
379 1309 50 22 icke
453 1310 74 21 hunne
549 1310 100 28 företaga
671 1317 26 15 en
721 1310 67 22 sådan
810 1311 136 29 granskning

194 1344 25 21 af
239 1344 220 29 kyrkolagförslaget,
482 1352 46 14 som
551 1344 102 22 ärendets
672 1346 48 28 vigt
739 1345 83 28 kräfde,
837 1346 57 21 helst
910 1353 36 15 en-

194 1377 41 30 ligt
257 1378 56 22 hvad
336 1379 85 22 talaren
443 1379 127 22 förmodade
592 1379 83 29 knappt
696 1387 44 22 nog
760 1381 71 28 någon
851 1381 55 22 enda
924 1381 24 21 af

195 1413 96 22 ståndets
312 1413 141 22 medlemmar
471 1415 28 27 på
517 1414 92 22 förhand
624 1414 108 22 innehade
748 1415 130 29 erforderlig
893 1416 52 21 kän-

194 1448 78 23 nedom
288 1449 7 21 i
311 1448 74 28 saken,
400 1455 53 16 vore
468 1448 37 23 det
519 1449 49 22 bäst
583 1450 32 21 att
629 1449 77 28 frågan
722 1450 128 29 uppskjötes
864 1451 33 22 till
908 1453 37 20 nä-
