992 1698
364 127 36 17 Den
415 129 20 15 19
449 129 41 17 febr.
731 124 40 20 285

50 195 39 13 ran
111 189 31 19 att
162 195 33 13 om
213 187 41 21 den
270 194 43 21 nya
329 188 64 27 lagen
408 188 85 20 komme
510 188 32 20 till
559 188 71 27 stånd,
654 196 48 13 man
720 191 13 19 &
748 190 54 20 hans

50 222 84 20 hemort
150 221 39 21 der
205 221 156 28 lägenheterne
376 228 51 13 voro
443 222 87 27 mycket
541 223 55 26 små,
612 223 108 27 knappast
731 223 69 20 skulle

50 256 22 19 få
91 255 32 20 sin
144 255 82 28 boskap
246 257 23 18 ut
288 256 48 20 från
355 255 87 21 fähuset
462 258 52 18 utan
534 257 32 19 att
586 257 140 27 rättegångar
747 265 53 20 upp-

50 289 68 26 stodo,
135 290 40 21 och
190 290 203 21 knutadvokaterne
409 290 82 21 erhöllo
507 290 109 27 förtjenst.

118 323 221 28 Landtdagsmannen
367 323 114 22 Brusila
503 324 51 20 fann
578 324 26 21 de
628 325 24 20 af
673 325 125 27 professorn

50 357 82 20 Geitlin
154 358 7 19 i
184 357 53 20 hans
261 357 133 20 reservation
414 357 64 20 hafde
496 357 115 27 yttranden
631 365 40 20 ega
691 359 108 20 företräde

50 391 91 21 framför
157 391 71 27 öfriga
243 391 7 20 i
265 391 107 20 utskottet
387 391 84 28 afgifna
486 391 134 21 utlåtanden.

118 425 222 27 Landtdagsmannen
355 425 84 20 Kiuru
453 425 63 28 ingaf
525 427 31 19 ett
567 426 105 27 skriftligt
681 427 119 21 anförande

50 459 22 20 af
85 459 96 28 följande
197 459 105 20 innehåll:

117 493 35 21 Då
172 494 40 27 jag
234 493 109 26 besinnar,
366 493 109 20 hurudant
498 493 146 21 förhållandet
662 497 24 18 är
704 496 27 26 på
754 495 45 21 min

51 527 94 27 hemort,
169 527 43 20 kan
232 528 39 27 jag
289 527 34 20 för
342 527 44 21 min
406 527 34 20 del
460 527 48 21 icke
526 528 116 27 godkänna
660 529 42 20 den
720 529 80 28 nådiga

50 561 175 28 propositionen,
248 561 134 20 beträffande
406 561 128 28 förändring
556 562 5 20 i
586 569 28 13 nu
634 563 100 26 gällande
755 563 45 28 lag-

51 596 134 27 stadganden
205 595 112 28 angående
338 595 99 28 egofred,
461 596 20 26 ej
501 596 68 20 heller
585 600 155 17 sammansatta
756 598 44 27 lag-

36 648 4 3 .
52 630 40 21 och
115 629 222 21 ekonomiutskottets
358 629 99 20 deröfver
473 630 82 27 afgifna
571 630 143 21 betänkande.
748 631 52 22 Skäl

50 664 34 21 för
99 664 44 20 min
158 663 117 21 afvikande
289 663 58 27 åsigt
361 663 85 20 hemtar
459 664 39 27 jag
513 664 33 20 till
562 671 26 13 en
603 664 35 21 del
648 665 48 20 från
707 666 93 21 nämnde

51 698 95 21 utskotts
164 697 145 22 betänkande.
340 697 45 21 Der
404 699 63 26 säges
487 698 111 27 nemligen
612 699 28 27 på
655 699 65 20 slutet
736 700 24 21 af
773 701 27 20 si-

51 732 41 21 dan
110 733 32 19 11:
167 734 45 24 ,att
230 731 119 22 vårdandet
365 731 22 21 af
400 731 74 21 hästar
490 733 40 20 och
546 739 70 14 annan
633 735 69 18 större
719 733 81 29 boskap

51 767 47 26 blir,
122 766 26 21 då
167 766 27 21 de
214 766 87 21 befinna
321 767 34 26 sig
373 766 7 20 i
399 765 63 28 skog,
487 767 73 20 alltför
577 766 128 29 besvärligt,
728 775 35 14 om
779 769 19 27 ej

51 801 89 20 alldeles
157 801 118 27 omöjligt",
292 801 40 20 och
348 801 7 19 i
370 800 103 21 afseende
489 801 52 20 derå
555 801 91 20 föreslås
661 802 28 27 på
705 802 95 28 följande

51 835 47 21 sida
117 837 44 24 ,att
180 842 26 14 en
224 835 59 26 hvar,
307 841 46 15 som
371 835 38 20 vill
429 834 82 28 skydda
530 835 47 20 sina
596 842 53 21 egor
663 838 45 18 mot
722 837 78 21 andras

50 870 75 20 hästar
140 870 40 20 och
197 871 68 19 större
284 869 89 27 boskap,
392 876 52 13 vore
460 870 86 27 skyldig
561 872 31 18 att
608 870 62 20 dessa
686 870 48 21 sina
749 878 52 20 egor

51 904 99 27 afstänga
166 904 50 20 med
232 903 66 21 sådan
314 904 47 27 gles
376 903 86 27 hägnad
478 904 24 20 af
516 904 40 20 den
575 904 160 28 beskaffenhet,
754 912 46 14 som

50 938 8 20 i
74 939 11 26 $
102 939 25 19 12
143 939 24 20 af
180 938 37 20 det
231 938 7 20 i
254 938 164 28 propositionen
433 938 90 27 intagna
536 938 82 27 förslag
629 938 33 20 till
672 938 130 29 författning

52 974 148 24 omnämnes*,
217 972 39 20 och
272 973 23 19 sä
310 972 81 20 vidare.
421 972 106 20 Deremot
541 972 63 20 heter
620 972 36 20 det
672 980 34 13 om
717 974 84 20 mindre

52 1006 92 27 boskap,
165 1006 34 21 till
219 1006 100 28 exempel
337 1005 91 27 kalfvar,
447 1006 39 26 fär,
507 1008 49 26 gäss
577 1006 40 20 och
635 1009 66 19 annat
720 1008 81 27 fjäder-

51 1040 29 26 fä,
103 1040 88 21 hvartill
211 1041 40 27 jag
273 1042 58 18 ännu
354 1040 51 20 ville
428 1040 90 28 tillägga
538 1040 47 20 svin
604 1040 40 21 och
662 1042 77 26 grisar,
756 1044 44 23 ,att

52 1074 75 28 hvarje
148 1081 65 21 egare
233 1074 51 28 sjelf
299 1074 40 21 bör
356 1074 65 21 värda
437 1074 58 27 dem,
511 1076 53 19 enär
578 1074 26 21 de
620 1074 125 29 lämpligast
760 1076 40 20 och

53 1108 49 21 med
121 1110 69 20 större
211 1108 70 21 fördel
299 1109 34 20 för
351 1115 80 21 egaren
451 1109 53 20 böra
522 1108 74 21 kunna
616 1108 72 22 fodras
703 1110 97 26 hemma,

52 1150 51 13 vare
119 1143 33 27 sig
167 1143 7 20 i
190 1150 56 20 egna
261 1143 40 20 hus
317 1142 53 21 eller
385 1143 28 27 pä
430 1143 63 20 beten
511 1143 40 20 och
570 1142 158 28 trädesäkrar*;
751 1151 50 14 men

53 1177 63 21 äfven
130 1177 71 21 denna
215 1177 125 28 skyldighet
355 1177 34 20 för
405 1184 80 20 egaren
500 1183 64 14 anser
576 1177 40 27 jag
630 1184 52 13 vara
696 1178 54 25 svär,
766 1184 35 14 om

53 1211 19 27 ej
90 1211 90 21 alldeles
197 1212 90 27 omöjlig
306 1213 32 18 att
358 1211 107 27 uppfylla,
488 1211 132 20 ätminstone
639 1211 27 27 pä
681 1211 44 20 min
741 1211 61 20 hem-

54 1247 40 18 ort.
123 1245 35 20 Dä
170 1245 40 27 jag
225 1245 80 20 uttalar
320 1245 59 20 detta
396 1245 151 26 ihägkommer
561 1245 40 26 jag
614 1244 98 21 hurudan
726 1245 76 20 bland-

53 1279 53 28 ning
121 1279 7 20 i
144 1278 75 21 skiftet
235 1279 23 20 af
271 1279 52 20 vära
343 1285 52 21 egor
409 1278 76 29 räder,
508 1280 55 19 samt
578 1279 32 19 att
624 1278 178 21 betesmarkerna

53 1315 37 18 äro
109 1312 123 26 samfällda,
255 1313 23 20 sä
296 1313 32 19 att
345 1319 51 13 man
414 1312 83 26 nödgas
516 1312 53 20 köra
590 1311 31 21 sin
641 1311 82 27 boskap
739 1312 62 27 längs

53 1353 93 14 renarna
162 1345 23 21 af
198 1352 109 21 grannens
323 1345 70 20 äkrar.
423 1344 75 27 Flere,
511 1345 25 27 ja
550 1344 62 20 tiotal
622 1345 180 27 hemmansegare

53 1381 65 20 hafva
134 1387 26 13 en
177 1379 34 21 del
226 1379 24 21 af
263 1379 47 20 sina
325 1379 64 20 äkrar
401 1378 90 21 bredvid
506 1379 40 20 och
562 1378 93 20 emellan
673 1377 129 28 hvarandra,

55 1415 90 21 emedan
162 1421 27 14 en
205 1421 72 14 annan
293 1413 35 21 del
343 1413 24 21 af
379 1413 64 21 äkrar
459 1413 39 20 och
514 1415 68 25 ängar
597 1412 71 28 ligger
678 1412 75 27 spridd
762 1413 42 20 här
