967 1703
211 135 42 20 578
489 140 37 17 Den
538 141 22 16 21
573 145 52 12 mars.

251 198 222 28 Landtdagsmannen
494 198 111 21 Tiainen
625 198 77 21 trodde
722 198 8 20 i
750 198 65 28 lagen
830 198 54 20 böra
898 197 37 21 be-

184 234 103 20 stämmas
307 232 108 22 huruvida
437 232 135 28 tjenstehjon
595 232 67 20 borde
684 232 85 28 åtnjuta
788 232 36 20 lön
845 232 33 20 för
894 231 41 21 den

183 267 32 21 tid
230 267 37 21 det
282 267 49 27 låge
347 266 66 28 sjukt.

252 301 221 28 Landtdagsmannen
489 300 106 22 Brusila
612 308 37 13 var
665 307 51 15 ense
732 301 49 20 med
792 300 92 21 Tiainen
896 300 39 21 och

185 335 85 27 tillade,
289 337 31 19 att
340 336 84 20 talaren
445 334 34 21 för
495 336 32 19 sin
544 335 34 20 del
593 335 68 27 ansåg
677 334 36 21 det
729 335 63 28 sjuka
807 334 129 28 tjenstehjo-

186 371 37 19 net
238 370 50 21 icke
303 369 53 21 Wöra
372 369 22 21 få
410 369 33 21 för
459 369 173 28 sjukdomstiden
647 369 98 21 beräkna
761 369 103 28 aflöning,
880 369 57 20 helst

186 404 49 21 dess
258 404 113 21 husbonde
391 404 7 20 i
418 404 79 27 många
517 404 38 20 fall
574 403 73 21 kunde
668 411 51 14 vara
740 403 64 28 fattig
823 403 39 21 och
878 403 59 21 dess-

186 441 60 19 utom
267 440 78 25 tvangs
366 439 41 26 att,
430 438 77 21 medan
528 439 99 27 tjenaren
647 438 36 28 låg
699 438 59 27 sjuk,
781 438 49 27 dyrt
845 437 50 29 lega
910 444 27 14 en

186 480 72 14 annan
274 473 99 20 arbetare
387 472 8 21 i
410 473 55 20 hans
481 473 68 20 ställe.

255 507 221 27 Landtdagsmannen
487 506 135 21 Pelkonen
633 506 107 21 instämde
752 506 63 21 äfven
824 506 48 21 med
881 505 57 22 Tiai-

187 549 42 14 nen
251 542 40 20 och
312 540 75 21 trodde
408 542 32 19 att
455 541 67 27 nägot
537 540 76 21 härvid
629 540 72 21 kunde
718 540 111 21 ähvälfvas
844 540 94 21 husbon-

187 576 48 27 den,
251 582 49 14 men
316 575 51 21 ville
383 575 56 21 dock
453 575 48 21 icke
517 575 75 21 bifalla
607 575 94 21 Pousars
716 575 90 27 förslag.

256 609 221 29 Landtdagsmannen
492 609 96 21 Simula
603 617 38 13 var
655 616 52 15 ense
717 609 51 20 med
778 609 100 27 Tiainen,
889 615 49 14 men

188 645 67 27 ansåg
274 644 34 21 för
329 643 33 22 sin
383 644 45 27 del,
451 645 32 20 att
498 644 84 27 tjenare
598 644 47 21 icke
661 643 67 21 borde
744 643 143 22 tillerkännas
903 643 36 20 lön

188 679 34 20 för
238 679 42 20 den
296 678 32 21 tid
344 679 41 20 han
403 679 19 27 ej
439 685 38 14 var
492 678 6 20 i
514 678 139 21 husbondens
672 678 85 26 arbete,
780 679 40 20 och
836 678 52 20 fann
904 677 36 20 det

189 712 90 21 alldeles
295 712 113 28 olämpligt
424 714 31 19 att
471 712 121 21 bestämma
607 712 55 21 huru
673 712 81 28 mänga
764 712 67 28 dagar
842 713 31 19 ett
884 712 55 27 tjen-

189 747 86 27 stehjon
291 746 57 28 finge
364 754 51 14 vara
431 746 65 28 sjukt,
513 747 91 21 emedan
620 746 36 21 det
670 746 93 28 troligen
780 746 25 21 dä
822 746 70 20 skulle
908 746 32 20 in-

190 781 63 21 träffa
269 782 32 19 att
315 782 93 26 mängen
426 781 106 27 sjuknade
548 781 23 20 af
584 781 69 27 lättja.

258 815 222 28 Landtdagsmannen
495 815 134 21 Puhakka
644 815 108 26 förmälte,
768 816 32 20 att
816 815 42 20 han
875 814 6 21 i
897 816 44 19 äm-

190 851 37 19 net
250 850 55 20 hade
328 851 77 19 nästan
429 856 82 14 samma
533 850 66 27 äsigt,
625 856 46 14 som
693 849 91 21 Pousar.
820 848 121 22 Husbonde

190 884 67 20 borde
281 884 132 20 ätminstone
434 890 27 14 en
480 884 79 20 mänad
578 886 52 18 utan
649 884 123 27 ersättning
794 884 66 20 värda
882 883 58 28 sjukt

190 918 142 28 tjenstehjon,
349 920 56 19 samt
421 917 26 21 dä
463 918 40 21 ock
519 918 57 21 förse
591 918 36 20 det
637 918 50 21 med
697 918 81 28 nödiga
788 918 82 20 kläder.
896 917 44 21 Och

191 959 45 14 som
253 952 87 22 ständet
355 959 78 21 genom
450 952 35 28 lag
501 952 116 21 stadfästat
632 952 128 21 husbonden
776 954 42 19 rätt
834 954 31 19 att
879 952 61 28 piska

190 987 101 27 tjenaren
311 987 39 20 och
371 986 127 21 husbonden
517 987 71 21 kunde
609 986 123 22 missbruka
748 987 32 20 sin
796 987 61 20 makt
873 986 23 20 sä
911 988 29 19 att

191 1021 43 20 han
251 1021 49 20 dref
313 1022 99 26 tjenaren
429 1021 41 26 dit,
491 1021 66 20 andre
574 1022 19 26 ej
611 1027 68 21 gerna
694 1022 77 27 ginge,
792 1021 40 20 och
848 1021 37 20 der
901 1020 39 21 han

192 1057 50 26 toge
263 1055 76 26 skada,
363 1055 66 21 borde
450 1055 86 21 ständet
557 1055 70 20 tillika
642 1055 120 21 bestämma
778 1057 31 19 att
824 1055 116 21 husbonde.

192 1096 46 13 som
255 1089 91 20 sålunda
361 1089 66 20 vållat
443 1090 111 27 tjenarens
570 1089 109 27 sjukdom,
700 1090 67 20 borde
783 1089 66 21 vårda
864 1089 76 21 honom

192 1125 53 18 utan
266 1123 122 27 ersättning
408 1123 6 20 i
436 1124 36 20 tvä
487 1123 109 20 mänader.
627 1123 64 21 Hvad
705 1123 120 21 beträffade
841 1123 42 21 den
900 1130 40 13 om-

193 1157 95 20 nämnda
304 1157 158 21 smittosamma
478 1157 139 28 sjukdomen,
633 1158 24 20 sä
672 1157 72 21 kunde
761 1158 99 27 tjenaren
876 1158 64 27 knap-

192 1193 50 25 past
258 1190 83 21 erhälla
356 1190 40 22 den
413 1193 51 19 utan
481 1193 50 25 eget
547 1191 140 21 förvällande.
718 1191 84 21 Härvid
818 1191 78 21 funnes
912 1192 28 20 sä-

192 1224 61 22 ledes
269 1226 31 19 ett
313 1226 66 19 annat
395 1225 136 21 förhällande
547 1227 26 18 än
590 1225 35 21 vid
641 1226 67 20 andra
720 1225 131 27 sjukdomar.
882 1226 58 20 Dock

194 1258 76 20 trodde
286 1258 83 20 talaren
386 1260 31 19 att
433 1258 36 21 det
484 1259 23 20 af
521 1258 146 28 monsklighet
683 1259 67 21 borde
767 1259 131 21 bestämmas
914 1261 26 19 ati

193 1292 112 20 husbonde
329 1292 62 28 äläge
414 1298 27 14 en
464 1292 78 20 månad
566 1292 67 21 vårda
655 1293 64 21 äfven
743 1299 26 14 en
790 1293 91 21 sålunda
896 1293 44 28 sjuk

194 1327 91 27 tjenare.

261 1360 223 29 Landtdagsmannen
499 1362 98 21 Pousar
612 1362 106 27 erinrade,
730 1364 31 19 att
772 1362 36 22 det
818 1363 7 21 i
836 1370 27 14 en
874 1363 65 21 lands:

194 1397 33 20 ort
247 1402 52 15 vore
319 1396 81 21 allmän
421 1396 38 21 sed
479 1398 32 19 att
531 1397 152 26 tjenstefolket
703 1397 99 28 nyttjade
818 1398 121 21 husbonder

194 1430 112 28 tillhöriga
321 1431 76 21 kläder
413 1431 39 21 och
469 1431 108 28 upplyste,
593 1433 32 19 att
640 1432 37 21 det
691 1432 24 21 af
728 1432 82 21 talaren
822 1433 117 28 föreslagn:
