975 1698
357 128 37 17 Den
407 128 10 16 7
431 128 48 23 april.
722 124 41 20 725

40 188 69 21 skilda
124 188 132 28 landsorter,
275 188 50 21 hela
340 188 74 22 landet
429 189 102 21 fördelar.
564 189 63 21 Inom
647 190 74 21 landet
741 190 48 21 fun-

40 229 38 14 nes
94 223 23 21 så
131 224 85 26 många,
237 230 45 14 som
303 223 95 21 saknade
419 224 157 27 undervisning
594 224 40 20 och
649 224 140 28 upplysning.

40 256 90 22 Derföre
154 257 40 20 och
217 257 27 21 då
264 258 134 27 upplysning
420 264 61 20 vore,
498 264 34 14 om
556 258 47 21 icke
623 258 165 28 förmögenhet,

40 290 96 28 förmåga
151 292 32 19 att
198 291 149 21 åstadkomma
367 291 127 28 tillgånger,
511 292 125 27 upprepade
652 292 83 20 talaren
752 292 38 20 sitt

39 324 96 28 yrkande
152 332 34 12 om
201 325 124 27 beviljande
342 325 23 20 af
379 325 82 27 anslag.

106 359 223 28 Landtdagsmannen
344 359 91 21 Klami
451 359 108 27 förmälte,
568 361 31 19 att
615 366 28 14 nu
659 366 52 14 vore
726 360 63 26 fråga

39 400 33 14 om
89 395 31 19 att
135 394 131 28 bemyndiga
281 394 108 28 styrelsen
404 395 31 19 att
446 394 33 20 för
490 394 110 26 skolorna,
611 394 74 20 derest
696 394 92 28 tillgång

38 428 86 27 funnes,
140 428 96 21 utbetala
253 434 25 15 en
295 428 43 21 viss
354 435 93 19 summa,
469 428 47 21 icke
538 429 30 19 att
587 428 98 28 uppbära
705 428 42 20 den
767 428 24 21 af

38 462 76 21 folket.
150 456 173 34 Öfverläggning
348 462 74 21 derom
444 462 69 21 skulle
534 462 7 20 i
562 462 33 21 sin
616 462 93 28 ordning
728 462 59 28 följa.

40 496 77 21 Skolor
133 496 55 22 hade
204 497 128 27 visserligen
351 496 66 21 redan
437 496 7 20 i
463 497 79 27 många
562 496 155 28 församlingar
737 496 52 22 fåtts

39 531 33 21 till
88 532 69 20 stånd.
193 532 67 20 Detta
280 538 51 14 vore
347 532 62 20 fallet
425 532 64 20 äfven
505 532 7 20 i
533 531 41 21 den
594 532 140 27 församling,
750 532 39 20 der

39 566 83 21 talaren
138 566 56 21 hade
210 566 37 20 sitt
262 566 100 21 hemvist.
387 566 46 21 Och
449 568 32 19 att
497 566 25 21 de
534 566 63 21 äfven
608 566 97 21 härefter
716 565 72 22 kunde

39 600 177 27 tillvägabringas
231 600 3 20 i
246 600 78 27 många
340 600 160 27 församlingar,
516 601 51 20 utan
584 600 77 27 bidrag
675 600 24 21 af
708 601 82 25 staten,

38 634 51 21 ville
105 634 83 21 talaren
204 635 48 20 icke
267 634 64 21 neka.
367 634 51 21 Men
439 633 88 22 dermed
548 640 51 15 vore
615 633 48 22 icke
679 633 50 22 hela
744 634 45 20 lan-

39 668 36 21 det
90 668 79 28 hjelpt,
185 670 23 26 ty
227 669 78 27 många
320 668 154 29 församlingar
489 669 89 26 funnes,
594 668 38 21 der
652 668 26 21 de
699 668 91 21 sålunda

38 703 49 21 icke
103 703 70 21 skulle
189 704 73 20 kunna
282 703 167 21 åstadkommas.
487 703 44 21 Det
551 709 50 15 vore
626 703 79 21 derhos
727 703 62 20 deras

38 738 58 20 inom
114 738 120 25 samhället,
250 744 46 15 som
313 737 55 21 hade
385 744 59 14 mera
459 737 144 28 upplysning,
620 737 123 28 skyldighet
759 739 31 18 att

40 779 22 14 se
78 772 33 20 till
126 774 32 19 att
170 772 82 27 jomväl
268 772 32 26 de,
317 779 46 13 som
379 773 58 20 ännu
453 772 48 21 icke
517 771 76 28 insägo
609 772 74 27 vigten
700 771 23 21 af
737 779 54 20 upp-

40 807 94 27 lysning,
151 807 23 20 af
188 807 40 20 den
244 806 72 21 blefve
332 806 118 28 delaktige.
478 807 50 20 Man
544 806 67 21 borde
627 806 49 21 icke
688 807 64 20 vänta
763 806 28 27 pä

40 841 41 21 den
98 841 40 27 tid,
154 841 27 21 dä
197 841 25 21 de
239 841 77 28 sjelfve
334 841 69 21 skulle
419 841 72 21 känna
507 840 103 22 behofvet
625 840 68 22 deraf.
728 840 11 21 I
754 847 38 14 an-

41 875 89 29 ledning
146 875 23 21 af
183 876 55 20 hvad
254 875 112 27 Paajanen
382 875 70 27 yrkat,
469 875 51 21 ville
536 875 83 21 talaren
632 874 77 22 endast
719 875 73 20 erinra

40 912 32 18 att
87 910 103 20 vetandet
205 909 55 21 hade
276 909 41 21 den
335 909 110 28 egenskap
462 911 31 19 att
504 909 97 27 aflägsna
612 909 40 21 och
663 908 129 22 öfvervinna

41 944 79 20 verkan
137 944 24 20 af
174 944 83 20 frosten
277 945 56 19 samt
347 943 59 27 gifva
424 944 129 20 menniskan
573 944 91 27 utvägar
685 944 34 20 till
739 943 53 20 und-

40 978 93 21 vikande
150 978 23 20 af
186 978 174 28 hungersnöden.

108 1012 224 28 Landtdagsmannen
347 1012 66 20 Keto
430 1012 49 20 ville
497 1012 110 28 medgifva
621 1013 32 19 att
669 1011 36 22 det
720 1012 73 20 kunde

40 1054 52 14 vara
109 1047 46 21 skäl
170 1048 32 20 att
218 1048 70 20 staten
308 1046 49 21 med
378 1046 105 21 räntefria
498 1047 46 26 län,
565 1047 27 27 pä
611 1046 29 21 tio
662 1046 33 21 till
711 1046 82 21 femton

40 1082 36 26 är,
92 1081 145 21 understödde
253 1080 134 22 inrättandet
403 1081 23 20 af
440 1081 83 27 skolor,
540 1087 48 14 men
605 1080 72 22 kunde
697 1080 98 21 dercmot

42 1116 48 20 icke
106 1116 54 27 gilla
179 1115 186 28 Kumpulainens,
385 1115 119 21 Puhakkas
526 1115 39 21 och
588 1114 85 22 Klamis
696 1115 98 27 yrkande

42 1157 33 13 om
94 1152 66 19 annat
175 1150 72 20 direkt
263 1150 118 20 understöd
399 1150 23 20 af
436 1151 78 19 staten.
548 1149 80 21 Dertill
644 1148 70 22 skulle
731 1149 65 21 ocksä

42 1185 71 20 säsom
128 1184 79 28 yrkadt
222 1184 72 21 blifvit
309 1184 108 20 erfordras
433 1184 67 20 minst
515 1183 194 21 femhundratusen
727 1183 68 21 mark.

43 1218 50 22 Men
111 1218 55 21 efter
182 1218 42 20 den
240 1218 111 26 missväxt,
368 1225 46 13 som
426 1218 108 27 öfvergätt
545 1217 83 26 landet,
640 1217 72 21 kunde
724 1216 71 21 denna

44 1260 93 19 summa,
152 1252 86 21 utöfver
255 1252 41 21 den
307 1252 88 28 vanliga
411 1252 97 26 skatten,
521 1251 48 21 icke
583 1251 24 21 af
618 1251 74 21 landet
706 1251 89 21 betalas.

114 1286 71 22 Sedan
202 1286 86 21 ständet
304 1292 79 22 genom
398 1286 101 28 votering
514 1286 50 20 med
580 1286 27 20 30
618 1286 71 20 röster
701 1287 57 19 emot
771 1286 25 20 12

45 1321 107 20 förkastat
167 1320 85 20 Klamis
268 1320 82 27 förslag
366 1328 33 12 om
417 1320 64 27 årligt
497 1320 76 27 anslag
588 1320 24 19 af
626 1327 27 12 en
664 1319 47 20 half
720 1320 76 26 miljon

46 1354 61 21 mark
123 1353 33 21 till
172 1354 160 26 folkskolorna,
349 1354 72 20 bifölls
438 1360 78 21 genom
537 1353 128 28 ytterligare
685 1353 111 27 votering,

46 1388 49 21 med
111 1389 26 20 29
153 1389 71 20 röster
240 1389 58 20 emot
314 1389 33 26 11,
363 1388 34 21 för
413 1388 66 28 sagda
490 1387 100 22 ändamål
604 1387 195 22 trehundranittio-

48 1426 62 18 tusen
127 1423 68 21 mark.
