986 1703
367 112 38 17 Den
418 113 22 17 10
452 112 48 22 april.
741 107 40 21 799

63 166 91 34 Östring
171 172 41 20 och
229 170 163 30 Kumpulainen
408 172 122 21 förfäktade
543 172 124 28 jernvägar.
695 172 57 21 Dem
766 174 44 20 för-

62 208 53 19 utan
129 206 79 21 funnes
223 207 67 26 vägar
305 206 7 20 i
327 206 80 21 landet.
438 206 121 28 Jernvägar
573 206 104 22 behöfdes
688 206 55 22 icke.
768 207 42 21 Ta-

62 240 61 20 laren
142 240 51 20 ville
211 240 34 20 för
260 239 48 21 dem
323 240 48 20 icke
386 240 82 28 bevilja
483 247 27 14 en
525 240 73 28 penni,
614 240 48 21 icke
678 247 26 14 en
721 241 90 21 endaste

61 274 79 28 kopek.

130 307 222 28 Landtdagsmannen
371 307 111 21 Poikela
503 308 98 21 erinrade
624 310 37 25 att,
685 308 26 20 då
733 309 77 27 frågan

62 348 35 14 om
113 342 26 20 de
155 342 110 20 allmänna
279 342 104 20 arbetena
398 341 92 27 förevar,
504 342 93 26 ståndet,
608 342 8 20 i
626 342 102 21 afseende
739 343 12 20 å
761 343 49 20 dem

61 375 50 21 icke
133 375 82 21 fattade
237 376 66 20 annat
325 375 109 21 bestämdt
451 375 77 28 beslut,
543 378 28 19 än
586 377 33 20 att
633 376 27 21 de
675 376 71 21 skulle
760 376 51 21 med

63 410 82 20 statens
163 409 72 20 medel
254 409 83 20 utföras
354 409 8 20 i
378 409 42 21 den
435 410 50 21 mån
500 410 118 27 tillgångar
634 409 72 22 dertill
721 410 89 27 funnes;

63 443 40 21 och
123 444 102 20 motsatte
243 443 84 21 talaren
347 443 33 28 sig
400 444 139 27 upptagande
557 444 23 21 af
593 444 36 20 det
644 444 167 28 ifrågavarande

61 473 68 39 lånet.
238 499 16 9 -

129 511 222 28 Landtdagsmannen
361 511 193 28 Kumpulainen
565 512 86 28 yttrade
661 514 33 19 att
705 512 48 27 den,
764 519 46 14 som

62 545 114 28 medgåfve
191 547 32 19 att
237 546 91 20 kanaler
344 545 39 21 och
396 546 124 28 jernvägar,
536 546 49 20 med
600 546 52 20 flere
663 546 81 21 sådana
753 546 58 21 före-

62 582 44 25 tag,
123 586 51 15 voro
190 580 33 20 för
238 579 75 21 landet
327 580 86 27 nyttiga
428 580 40 20 och
480 580 128 21 befordrade
620 580 48 21 dess
678 580 133 28 utveckling,

62 614 39 21 illa
122 614 111 21 bevakade
257 614 84 21 landets
363 614 68 27 bästa,
455 621 34 14 om
511 614 50 27 han,
582 615 71 20 såsom
668 615 67 28 någre
749 614 62 22 hörts

62 648 61 28 yrka,
138 648 51 21 ville
205 648 120 28 uppskjuta
339 648 90 21 dermed
443 649 33 20 till
491 648 123 27 framtiden,
628 649 53 21 eller
692 649 56 21 efter
757 649 54 21 fem-

63 683 30 20 tio
109 682 31 21 år.
168 682 145 28 Ingenstädes
328 682 55 21 hade
400 682 106 28 skaparen
522 683 67 28 byggt
602 683 125 28 jernvägar.
752 683 59 21 Utan

62 716 75 22 arbete
153 717 40 20 och
208 717 93 20 kostnad
316 717 55 20 hade
388 716 26 21 de
430 717 139 28 ingenstädes
579 717 94 21 vunnits.
698 717 113 28 Skaparen

62 751 56 21 hade
137 751 75 20 endast
232 751 64 28 gifvit
315 751 105 28 grunden.
449 751 64 21 Hvad
529 751 42 21 den
585 751 126 21 nuvarande
723 752 89 27 jernvä-

62 792 43 21 gen
120 785 127 26 beträffade,
263 785 54 21 bure
331 785 42 21 den
388 785 33 28 sig
436 785 48 21 icke
499 787 65 20 ännu.
593 785 53 21 Men
661 785 94 22 orsaken
765 785 48 22 der-

62 819 33 21 till
115 826 52 14 vore
187 819 98 28 tydligen
305 819 47 27 den,
369 821 31 19 att
416 819 41 21 den
472 826 51 15 vore
539 820 24 21 så
577 819 57 21 kort.
664 819 41 22 Om
721 819 42 21 den
779 821 33 20 ut-

63 853 106 22 sträcktes
185 854 33 21 till
233 853 27 22 de
275 855 59 20 stora
349 854 88 28 sjöarna
452 854 7 21 i
474 854 36 21 det
524 854 47 21 inre
586 853 81 28 landet,
683 854 70 21 skulle
769 855 43 20 tra-

62 888 58 21 fiken
143 889 12 20 å
177 888 41 21 den
242 888 93 21 ofelbart
357 888 91 28 tilltaga,
472 889 23 20 så
517 890 32 19 att
567 887 42 22 den
629 888 131 21 åtminstone
776 888 39 28 gaf

62 922 58 21 hvad
138 923 137 21 underhållet
289 922 97 21 kostade.
416 923 113 27 Derjemte
545 923 71 20 skulle
631 922 97 22 rörelsen
743 923 8 20 i
765 922 47 21 lan-

63 957 37 21 det
115 957 53 21 ökas
184 957 39 21 och
239 957 114 27 välmågan
368 957 69 28 höjas.
466 957 107 21 Särskildt
584 957 51 21 ville
646 957 83 21 talaren
740 957 73 20 erinra

63 998 36 14 om
117 991 55 21 huru
188 991 137 27 nödvändiga
340 991 26 21 de
381 991 125 27 föreslagna
521 991 132 27 fyrbäkarna
667 998 59 13 vore.
755 990 58 21 Lan-

63 1025 47 21 dets
133 1025 162 28 skeppsrörelse
318 1031 51 14 vore
388 1025 46 20 stor
452 1025 40 20 och
506 1024 7 21 i
529 1024 83 21 saknad
628 1024 24 21 af
665 1024 26 21 de
706 1024 107 27 ifrägava-

63 1059 67 21 rande
150 1059 133 28 fyrbäkarna
303 1058 115 21 inträffade
437 1059 140 28 skeppsbrott
594 1058 52 21 ofta.
674 1058 82 28 Mänga
770 1058 43 21 far-

63 1095 38 26 tyg
120 1093 94 21 behöfde
232 1093 67 21 likväl
318 1093 47 20 icke
381 1093 28 27 gå
423 1092 116 27 förlorade,
553 1093 68 20 innan
636 1092 106 21 förlusten
757 1094 56 19 mot-

63 1127 90 22 svarade
168 1127 121 21 kostnaden
305 1127 33 20 för
354 1126 62 21 dessa
430 1127 75 21 båkar.
534 1126 34 22 De
583 1127 67 20 borde
666 1125 87 22 derföre
763 1125 50 22 med

63 1161 36 22 det
115 1161 118 28 görligaste
249 1161 68 21 första
332 1161 114 21 anskaffas.

131 1195 221 28 Landtdagsmannen
375 1195 160 28 Mynttinen
558 1195 103 20 motsatte
683 1194 34 28 sig
735 1195 78 27 uppta-

63 1229 72 28 gande
157 1229 24 22 af
201 1230 37 21 det
256 1229 166 28 ifrågavarande
436 1229 67 27 lånet,
518 1229 41 21 och
574 1228 99 21 erinrade
689 1230 32 19 att
735 1227 78 22 bevill-

63 1263 82 28 ningen
163 1263 91 21 bifallits
272 1263 183 28 hufvudsakligen
470 1263 33 21 för
517 1263 157 26 folkskolorna,
690 1261 40 21 och
746 1261 67 21 allde-

63 1297 32 21 les
110 1297 49 22 icke
174 1297 34 21 för
224 1297 138 28 upptagande
377 1297 24 21 af
415 1297 41 21 lån.

132 1331 220 27 Landtdagsmannen
374 1331 100 20 Holma
495 1330 95 27 medgaf,
612 1331 33 19 att
663 1329 91 20 kanaler
773 1329 40 20 och

60 1364 119 27 jernvägar
193 1370 52 14 voro
261 1364 34 20 för
309 1363 74 21 landet
398 1363 92 27 nyttiga,
504 1370 50 14 men
570 1369 35 14 om
621 1364 31 19 ett
669 1362 24 21 så
708 1363 55 19 stort
777 1362 37 20 lån

64 1405 46 14 som
131 1398 37 21 det
186 1397 166 29 ifrågavarande
367 1398 107 27 upptoges
490 1396 39 22 och
544 1396 29 28 på
587 1403 27 14 en
630 1396 58 28 gång
703 1394 112 22 användes
