1003 1709
204 137 40 21 896
477 142 37 16 Den
528 142 21 16 14
562 141 48 22 april.

176 208 38 15 nas
234 202 34 20 till
287 200 139 22 bokhandeln
446 200 40 21 och
502 200 123 21 inkomsten
641 200 33 21 för
689 200 115 20 desamma'
813 199 72 21 anslås
900 200 23 20 åt

176 236 70 21 finska
260 234 236 28 litteratursällskapet.
863 262 4 2 -

244 270 220 28 Landtdagsmannen
487 269 127 21 Mansten
638 269 67 28 ansäg
727 270 33 20 att
778 268 96 22 ständets
890 275 33 14 se-

176 306 118 26 kreterare,
316 304 96 21 notarier
435 304 40 21 och
497 304 46 21 tolk
565 303 67 22 borde
655 310 27 14 en
701 304 53 21 hvar
772 303 82 21 erhälla
868 303 55 21 bäde

177 340 89 21 svenskt
286 339 39 21 och
345 339 65 21 finskt
430 339 112 28 exemplar
560 338 24 21 af
596 338 139 28 protokollet.
765 338 11 21 I
791 338 67 28 öfrigt
873 338 50 20 ville

176 375 84 21 talaren
276 376 31 19 att
322 375 32 19 ett
369 374 112 28 exemplar
496 373 70 21 skulle
577 373 69 28 gifvas
657 373 33 21 till
701 373 53 21 hvar
764 372 76 29 kyrka.
860 365 63 29 Åter-

176 409 76 21 stoden
267 408 73 22 kunde
355 408 100 28 försäljas
470 414 79 22 genom
565 407 136 21 bokhandeln
715 407 39 21 och
765 407 43 27 det,
820 414 45 14 som
877 407 47 21 der-

176 444 87 28 igenom
278 443 82 27 inflöte,
376 442 144 22 öfverlemnas
536 443 22 21 åt
573 442 70 21 finska
657 442 235 28 litteratursällskapet.

244 477 220 28 Landtdagsmannen
487 477 134 21 Puhakka
643 476 76 22 trodde
742 478 32 20 att
796 476 86 22 ståndet
903 476 21 28 ej

177 512 66 21 borde
263 514 53 26 göra
336 512 37 20 sitt
393 511 109 29 protokoll
521 511 33 21 till
570 518 26 14 en
612 511 149 21 handelsvara.
790 511 34 21 De
840 510 85 29 tryckta

177 546 139 29 exemplaren
338 546 70 21 skulle
429 546 85 21 utdelas
537 545 61 22 öfver
619 545 51 21 hela
692 545 74 21 landet
784 546 23 20 så
822 545 61 28 långt
898 545 26 20 de

176 581 81 21 räckte.
287 581 43 21 Till
345 580 165 29 Lappmarkens
525 580 103 28 domsaga
642 579 67 21 borde
723 579 77 22 sändas
810 581 32 20 ett
852 586 72 15 exem-

177 616 47 28 plar
238 616 34 20 till
287 616 54 20 hvar
355 615 77 28 kyrka.

244 650 221 28 Landtdagsmannen
484 649 100 21 Holma
603 648 108 22 instämde
730 649 7 21 i
756 648 112 22 Manstens
882 650 43 26 ytt-

177 684 66 22 rande
263 685 7 20 i
289 684 72 28 öfrigt,
380 691 49 14 men
445 684 68 28 ansåg
528 685 32 20 att
575 684 26 20 de
615 683 118 28 exemplar,
750 689 45 15 som
811 683 55 21 efter
881 683 43 21 för-

177 718 117 28 delningen
317 718 115 26 återstode,
454 718 67 21 borde
540 720 52 19 utan
611 718 73 21 vidare
700 718 95 28 omgång
810 717 114 22 öfverlem-

177 760 39 14 nas
231 753 34 20 till
280 752 69 21 finska
364 752 236 28 litteratursällskapet.

244 786 220 28 Landtdagsmannen
487 786 120 22 Tiainen
629 786 52 21 fann
703 786 96 22 ståndets
816 786 109 28 protokoll

177 821 90 21 alldeles
287 821 48 21 icke
355 821 64 21 hafva
438 821 67 28 något
523 822 31 20 att
570 820 68 21 skaffa
652 820 51 22 med
718 820 152 28 gudstjensten
885 821 39 20 och

177 855 115 28 kyrkorna.
322 855 80 21 Dessas
426 856 59 20 antal
507 854 67 22 borde
597 854 84 22 derföre
702 855 48 21 icke
765 855 69 21 heller
850 855 74 28 läggas

176 890 33 20 till
224 890 71 28 grund
309 890 34 21 för
359 890 148 28 utdelningen,
522 890 57 20 helst
594 889 41 21 den
650 889 127 28 derigenom
793 889 40 21 ock
848 889 77 21 utfölle

177 925 79 27 ojemn.
287 924 11 21 I
318 924 41 21 den
379 924 102 28 domsaga
500 924 84 21 talaren
599 923 179 29 representerade
793 924 79 21 funnos
888 931 37 13 en-

178 958 46 21 dast
240 966 40 14 sex
294 959 87 27 kyrkor.
401 958 122 29 Domsagor
534 958 81 29 gåfves,
626 958 81 27 hvilka,
718 958 69 21 ehuru
797 958 48 21 icke
856 960 69 19 större

177 993 49 21 med
246 993 103 21 afseende
364 994 12 20 &
391 993 162 28 folkmängden,
573 992 54 22 dock
643 992 54 22 hade
713 993 42 21 tolf
767 992 86 29 kyrkor.
884 992 41 21 Ta-

177 1028 60 20 laren
253 1028 51 20 ville
320 1027 84 23 derföre
420 1030 32 18 att
467 1028 109 28 upplagan
592 1027 23 21 af
629 1027 97 21 ständets
741 1027 116 28 protokoll,
871 1027 54 21 lika-

178 1069 44 13 som
239 1062 148 28 betalningen,
396 1062 69 22 skulle
481 1062 95 21 fördelas
591 1062 45 20 lika
647 1062 93 20 emellan
751 1061 42 21 alla
803 1062 121 27 domsagor.

245 1096 220 28 Landtdagsmannen
482 1096 109 22 Simolin
606 1103 39 14 var
659 1096 65 21 äfven
740 1102 51 14 ense
804 1096 50 20 med
864 1096 61 21 Man-

177 1132 54 25 sten,
247 1130 167 28 undantagande
430 1131 54 21 dock
499 1132 32 19 att
546 1131 83 20 talaren
645 1130 47 20 icke
709 1130 50 21 ville
774 1131 31 20 att
820 1130 67 28 nägot
904 1130 24 20 af

177 1165 110 28 upplagan
302 1164 70 22 skulle
388 1165 150 21 bortskänkas.
568 1164 63 22 Hvad
647 1171 45 14 som
707 1164 55 21 efter
773 1164 151 28 fördelningen

177 1200 115 26 Sterstode,
311 1200 66 20 borde
395 1200 101 28 försäljas
512 1199 40 22 och
567 1199 124 21 inkomsten
707 1198 109 22 användas
831 1198 33 21 till
880 1199 45 27 gäl-

177 1234 69 21 dande
263 1234 23 21 af
299 1234 257 28 tryckningskostnaden.

244 1267 221 27 Landtdagsmannen
480 1267 143 29 Paajanen
637 1266 104 22 förenade
757 1266 34 28 sig
803 1266 7 20 i
821 1266 103 21 Simolins

177 1302 106 28 yttrande.

244 1336 221 28 Landtdagsmannen
488 1336 102 22 Klami:
613 1336 40 20 Att
672 1335 84 21 talaren
779 1334 92 28 derföre,
894 1337 31 19 att

177 1372 77 20 nästan
276 1371 76 28 hvarje
374 1371 69 28 kyrka
465 1372 55 20 hade
541 1370 105 22 bibliotek
666 1370 54 21 eller
738 1370 67 27 arkiv,
820 1370 58 21 velat
894 1372 31 19 att

178 1406 108 28 upplagan
302 1406 70 21 skulle
388 1406 94 21 fördelas
498 1406 92 21 emellan
606 1405 116 29 kyrkorna.
745 1404 92 22 Talaren
848 1405 76 21 trodde

177 1442 31 18 att
228 1440 132 28 protokollet
380 1440 90 22 sålunda
488 1447 51 15 vore
554 1441 7 20 i
576 1440 72 21 bättre
663 1440 72 21 förvar
751 1439 40 21 och
806 1446 60 14 mera
881 1440 43 20 till-
