967 1703
350 139 37 16 Den
400 138 21 17 31
434 143 51 13 mars.
721 132 40 23 647

112 197 220 29 Landtdagsmannen
358 198 119 22 Simolin
503 206 38 13 var
565 199 7 20 i
597 199 42 21 allo
665 205 52 16 ense
742 199 50 22 med

44 226 96 34 Östring.
170 233 34 20 De
220 233 146 28 olägenheter,
382 233 100 21 Heikura
497 233 132 26 omförmält,
645 233 72 22 kunde
732 235 7 19 i
756 235 36 20 det

44 269 109 19 närmaste
174 267 107 28 afhjelpas
301 267 88 21 dermed
405 269 31 18 att
451 267 37 21 det
502 267 141 28 öfverflödiga
658 268 82 21 antalet
755 268 37 21 hä-

44 302 44 19 star
103 301 34 20 för
152 301 177 21 embetsmännen
345 301 108 28 indroges.

111 335 222 29 Landtdagsmannen
353 335 151 28 Mynttinen
523 335 108 21 instämde
646 336 7 20 i
668 335 56 21 hvad
739 336 53 20 Hei-

43 370 55 20 kura
120 369 74 21 anfört
214 369 38 21 och
274 369 82 27 tillade,
378 371 32 19 att
431 377 34 13 om
489 370 196 27 skjutspenningen
707 370 85 27 höjdes,

43 405 80 27 många
139 404 129 21 kommuner
284 404 47 21 icke
347 404 70 21 skulle
433 405 44 21 låta
493 404 69 21 förmå
577 404 33 28 sig
625 406 32 18 att
673 404 32 21 till
721 406 71 19 entre-

44 440 104 26 prenörer
160 438 89 29 uppläta
260 438 159 29 skjutsningen,
435 438 91 22 emedan
537 440 31 20 ett
579 440 54 20 stort
643 438 60 21 antal
713 439 79 27 skjuts-

44 473 165 29 ningsskyldige
230 473 70 21 skulle
318 474 23 20 af
357 473 42 21 den
414 473 67 28 högre
497 473 197 28 skjutspenningen
709 473 83 21 inledas

43 509 31 19 att
90 508 53 28 vilja
158 508 77 27 sjelfve
253 508 118 21 verkställa
387 508 158 28 skjutsningen.

110 542 221 28 Landidagsmannen
341 542 89 21 Klami
441 542 96 29 medgaf,
548 544 33 19 att
591 542 98 28 stegring
697 542 7 21 i
713 542 80 28 skjuts-

43 577 125 27 penningen
192 577 68 21 ökade
281 578 82 20 statens
383 577 96 27 utgifter.
511 577 51 21 Men
583 584 45 13 som
648 578 71 20 staten
738 577 55 21 hade

34 612 58 22 sina
106 611 120 22 inkomster
241 611 48 22 icke
305 613 84 19 ensamt
404 612 23 20 af
441 611 183 28 jordbrukarene,
646 612 51 20 utan
714 618 25 14 en
756 611 37 21 be-

42 646 70 29 tydlig
132 646 35 21 del
187 645 62 22 deraf
267 646 32 21 uti
318 646 112 21 tullmedel
450 646 40 21 och
509 646 34 21 för
563 645 159 29 kartasigillata
743 646 51 21 med

46 688 60 14 mera
120 681 74 20 intlöte
211 681 63 21 äfven
290 681 23 21 af
327 681 25 20 de
368 681 67 20 andra
445 681 98 26 stånden,
559 681 109 21 drabbade
679 681 71 20 denna
760 683 33 18 ut-

46 715 42 29 gift
107 715 47 21 icke
175 717 84 19 ensamt
276 715 184 28 jordbrukarene,
482 715 73 21 hvilka
570 715 99 21 deremot
683 722 110 14 ensamme

46 750 67 28 drogo
129 750 98 21 fördelen
242 750 23 20 af
279 749 207 29 skjutspenningens
501 750 101 27 höjande.
627 749 113 28 Medtoges
752 751 41 19 sta-

46 787 48 19 tens
117 784 117 29 tillgängar
255 784 128 28 härigenom
405 785 170 27 alltförmycket,
599 784 72 21 kunde
688 784 60 21 detta
763 784 30 21 af-

46 820 84 28 hjelpas
152 826 77 21 genom
251 819 120 27 bevillning
391 820 40 20 och
451 819 140 27 nedsättning
608 818 7 20 i
631 818 37 21 det
683 819 59 21 antal
756 818 38 22 hä-

46 856 52 25 star,
121 854 34 21 för
172 854 84 21 hvilket
276 854 178 21 embetsmännen
474 854 58 28 fingo
553 853 97 22 beräkna
670 853 124 28 skjutspen-

46 889 84 27 ningar.
160 888 106 28 Billighet
286 888 40 22 och
345 888 91 21 rättvisa
456 888 99 21 fordrade
577 888 98 21 deremot
690 890 31 19 att
734 887 60 29 jord-

46 923 119 27 brukaren,
176 930 46 14 som
238 923 54 21 hade
308 923 33 28 sig
357 923 237 28 skjutsningsbesväret
609 922 83 29 älagdt,
707 922 87 21 derföre

47 958 82 20 erhölle
145 965 27 13 en
187 958 7 20 i
210 958 70 27 nägon
296 958 49 20 män
361 957 151 21 motsvarande
523 957 128 27 ersättning.
675 956 58 22 Ville
744 964 50 13 man

48 999 79 21 genom
146 993 37 27 läg
202 992 168 28 skjutspenning
390 991 69 21 drifva
478 992 158 20 kommunerna
656 991 34 21 till
705 993 31 19 att
751 991 45 21 läta

47 1026 118 21 verkställa
176 1026 152 28 skjutsningen
340 1033 78 20 genom
431 1027 172 26 entreprenörer,
615 1026 23 20 sä
647 1025 87 21 komme
745 1031 50 14 man

50 1062 47 20 bäst
112 1061 82 26 dertill,
215 1068 34 14 om
265 1067 50 14 man
330 1060 50 21 med
396 1067 37 14 ens
449 1062 54 19 satte
519 1060 43 21 ned
577 1060 42 21 den
634 1062 15 18 t.
665 1067 32 13 ex.
713 1059 34 21 till
762 1061 32 19 tre

48 1095 67 28 penni
135 1095 33 21 för
188 1097 87 19 versten
296 1095 53 20 eller
367 1096 27 19 än
414 1095 69 21 bättre
504 1097 49 25 toge
575 1094 41 21 den
635 1094 89 21 alldeles
740 1093 56 21 bort.

48 1129 115 28 Motviljan
184 1131 45 20 mot
243 1130 37 20 det
295 1131 32 19 att
342 1129 89 28 uppläta
447 1129 151 28 skjutsningen
614 1129 22 20 ät
651 1129 144 27 entreprenör

48 1164 48 27 läge
118 1163 48 21 icke
186 1164 7 20 i
208 1163 97 22 fikandet
321 1164 55 20 efter
391 1163 58 21 vinst
463 1170 78 21 genom
557 1163 164 27 skjutsningen,
743 1164 52 19 utan

48 1196 63 28 deri,
125 1200 32 19 att
172 1197 36 21 det
229 1198 7 20 i
255 1197 120 21 allmänhet
391 1197 32 20 för
436 1197 161 28 jordbrukaren
611 1197 52 20 fölle
679 1196 33 27 sig
728 1197 68 20 känn-

49 1233 76 20 barare
144 1233 32 19 att
191 1232 73 21 betala
278 1232 67 27 något
360 1232 7 20 i
383 1231 100 27 kontant,
504 1233 27 19 än
547 1232 32 19 att
593 1232 78 26 utgöra
686 1230 37 21 det
737 1230 6 21 i
759 1237 37 14 na-

49 1268 55 19 tura.

110 1300 91 25 "Genom
224 1300 135 28 omröstning
381 1300 81 21 beslöts
484 1300 95 21 härefter
601 1299 50 20 med
675 1299 27 20 33
727 1300 71 20 röster

50 1336 58 20 emot
126 1335 13 20 3
158 1336 32 19 att
204 1341 65 13 mom.
285 1341 34 13 om
334 1334 107 27 vägafgift
456 1334 69 21 skulle
541 1333 105 21 uteslutas
662 1333 40 20 och
717 1333 80 28 skjuts-

49 1368 126 28 penningen
197 1368 131 21 bestämmas
347 1367 34 21 till
401 1369 76 19 sexton
497 1367 67 28 penni
584 1367 33 20 för
634 1368 86 20 versten
737 1366 60 23 öfver

50 1403 50 23 hela
114 1402 84 31 landet;
214 1403 93 22 hvarhos
322 1409 65 16 mom,
403 1401 33 22 för
452 1401 65 31 öfrigt
533 1401 79 23 bifölls,
