964 1700
352 126 36 18 Den
403 127 20 17 14
437 132 50 12 mars.
726 123 41 20 525

44 185 121 29 skyddades
181 192 78 21 genom
276 186 36 27 lag
322 186 33 20 för
367 186 66 21 skada
444 193 46 14 som
501 186 123 21 förorsakas
635 194 78 20 genom
725 188 70 21 stock-

43 220 99 27 flötning.
174 220 92 20 Talaren
287 220 81 26 yrkade
390 220 86 20 derföre
497 221 76 20 remiss
595 221 32 20 till
644 222 98 21 ständets
758 230 36 13 en-

44 254 65 20 skilta
124 254 180 21 besvärsutskott.

110 287 44 21 Vid
177 288 92 20 anställd
294 288 137 27 omröstning
453 288 47 20 blef
520 288 211 29 petitionsförslaget
751 290 43 20 för-

43 321 85 22 kastadt
143 322 50 20 med
210 322 25 20 17
252 323 70 19 röster
337 323 46 19 mot
399 322 32 20 13.

109 390 223 28 Landtdagsmannen
352 390 195 28 Kumpulainen
563 391 100 28 uppläste
679 399 26 13 en
722 391 71 29 skrift,

41 424 61 22 hvari
118 424 164 29 Kumpulainen
306 425 99 28 föreslär,
427 427 31 20 att
478 426 86 21 ständet
582 426 68 21 mätte
667 426 38 21 hos
720 426 28 21 H.
764 427 28 21 K.

41 460 39 20 M:t
99 459 7 21 i
126 459 174 28 underdänighet
320 459 131 28 petitionera
472 467 34 14 om
526 460 142 21 utarbetande
684 461 24 21 af
722 468 26 14 en
764 469 29 20 ny

40 493 131 28 författning
182 493 112 28 angående
305 494 172 27 landtmäteriet,
493 495 7 20 i
511 494 37 21 det
559 495 63 27 syfte,
633 497 32 18 att
676 495 26 21 de
714 496 78 28 många

41 528 126 28 omgängar,
191 535 45 14 som
258 528 69 27 enligt
344 535 30 14 nu
390 529 100 27 gällande
505 529 37 28 lag
557 535 51 14 vore
623 529 104 21 förenade
743 530 49 21 med

41 570 27 13 en
90 562 284 28 landtmäteriförrättning,
397 563 72 21 kunde
488 563 142 27 förminskas;
653 563 41 21 och
717 564 75 21 tillade

41 596 163 28 Kumpulainen
232 598 31 20 att
285 596 157 28 utbrytningen
465 598 25 20 af
511 599 31 19 ett
564 597 84 21 mindre
666 598 127 28 jordstycke

42 631 69 28 enligt
133 631 125 21 nuvarande
281 632 271 27 landtmäteriförordning
574 632 86 20 komme
684 633 31 19 att
728 632 64 21 kosta

41 666 90 20 dubbelt
146 672 61 14 mera
222 668 27 18 än
265 665 56 21 hvad
337 666 79 27 sjelfva
429 666 78 27 jorden
522 672 52 14 vore
589 666 63 26 värd,
668 666 40 21 och
724 667 69 27 ansåg

41 700 103 28 föröfrigt
164 702 31 18 att
216 707 26 13 en
262 699 54 21 hvar
331 700 68 20 borde
414 700 21 20 få
451 700 68 21 anlita
535 700 41 20 den
591 700 145 21 landtmätare
749 700 43 22 han

40 734 61 26 ville,
120 736 52 19 utan
192 736 31 18 att
242 733 92 22 behöfva
350 734 39 21 hos
405 735 138 27 guvernören
559 734 83 21 ansöka
659 740 35 15 om
708 734 83 21 förord-

41 768 78 22 nande.

109 802 220 28 Landtdagsmannen
356 796 116 34 Östring
495 802 123 26 anmärkte,
643 804 33 19 att
694 802 98 22 besvärs-

41 837 108 21 utskottet
164 837 67 20 redan
248 836 117 21 behandlat
381 843 26 14 en
419 836 167 28 petitionsfråga
596 836 57 21 ifrån
664 836 128 22 Korsholms

40 871 119 21 medledels
175 870 67 22 härad
257 871 7 20 i
280 877 82 14 samma
378 870 57 28 syfte
452 878 45 13 som
513 870 42 21 den
570 870 165 27 ifrågavarande
752 872 39 20 och

40 906 92 27 yrkade,
148 907 32 19 att
194 904 175 28 Kumpulainens
384 904 82 28 förslag
481 904 50 21 med
541 904 103 21 afseende
655 905 58 20 såväl
725 904 67 28 derpå

40 947 46 13 som
103 939 40 21 ock
158 939 49 21 dess
223 938 180 28 ofullständighet
418 939 67 20 måtte
501 940 52 19 utan
568 938 75 20 vidare
659 938 115 22 förkastas.

107 1007 88 21 Ankom
218 1014 26 14 en
268 1007 126 27 deputation
418 1007 46 21 från
487 1006 161 29 prestaståndet
670 1006 76 22 anförd
769 1007 25 21 af

39 1042 204 27 kontraktsprosten
259 1040 87 28 Hellén,
363 1041 88 21 hvilken
467 1040 133 27 meddelade,
617 1042 31 20 att
658 1042 133 26 prestastån-

39 1077 37 20 det
91 1076 85 27 antagit
190 1075 132 28 inbjudning
336 1076 48 20 från
399 1075 150 27 ridderskapet
565 1075 39 21 och
620 1075 64 21 adeln
700 1076 32 20 att
746 1076 44 20 del-

39 1113 51 26 taga
106 1111 5 20 i
129 1117 26 13 en
171 1110 135 27 underdånig
324 1109 93 28 petition
437 1111 32 19 att
483 1109 28 21 H.
527 1108 27 22 K.
570 1108 40 21 M:t
626 1109 82 21 täcktes
724 1110 13 20 &
752 1111 37 20 nä-

39 1147 33 18 sta
94 1144 104 27 landtdag
220 1144 44 21 låta
286 1144 113 27 förelägga
423 1143 115 21 ständerna
562 1143 66 27 nådig
646 1144 144 27 proposition,

38 1179 142 27 hvarigenom
200 1177 117 21 ständerna
337 1177 111 27 inrymdes
463 1179 43 18 rätt
522 1179 32 18 att
569 1177 7 20 i
591 1177 86 20 samråd
692 1177 49 21 med
756 1185 33 13 re-

39 1213 105 28 geringen
165 1212 120 20 bestämma
305 1211 25 20 de
350 1211 110 20 allmänna
474 1211 101 28 grunder,
591 1211 110 20 hvarefter
717 1211 71 21 tullaf-

39 1247 95 28 gifterna
154 1245 66 21 borde
240 1245 108 21 debiteras
369 1245 40 20 och
425 1245 118 27 uppbäras;
568 1245 40 20 och
623 1245 47 20 från
686 1245 104 27 borgare-

39 1280 87 22 ståndet
148 1281 32 19 att
196 1280 10 20 i
226 1279 175 28 underdänighet
424 1279 131 28 petitionera
578 1286 36 13 om
638 1278 116 22 ständerna
776 1280 12 20 &

38 1316 63 19 nästa
116 1314 104 26 landidag
234 1314 74 20 kunde
327 1314 124 26 föreläggas
467 1313 74 27 nådigt
556 1312 83 28 förslag
654 1313 33 21 till
702 1313 86 27 fridlys-

38 1347 143 29 ningsstadga
200 1347 63 21 äfven
284 1347 34 20 för
338 1354 47 20 gas-
402 1347 38 20 och
456 1346 196 27 vattenledningar,
675 1352 48 14 men
741 1346 49 21 der-

39 1384 58 19 emot
121 1381 87 28 afslagit
228 1380 191 29 borgareständets
440 1380 81 28 förslag
536 1380 33 20 till
585 1380 135 27 underdänig
732 1380 57 27 peti-

39 1416 46 21 tion
107 1422 34 15 om
161 1416 105 27 rättighet
284 1415 33 21 för
332 1414 116 22 ständerna
465 1416 30 19 att
511 1414 84 21 besluta
612 1414 112 27 angäende
738 1414 51 21 tull-
