964 1706
343 123 38 23 Ben
394 129 10 17 $
417 131 51 15 mat.
698 123 2 2 *
712 121 39 22 431

99 184 122 26 Fortsattes
243 186 151 24 diskussionen
416 189 7 21 i
446 188 118 29 anledning
585 188 26 22 af
627 189 155 28 lagutskottets

38 223 130 21 »etänkande
183 230 34 14 n:o
234 224 34 25 22,
283 224 114 27 angående
412 224 126 28 kyrkoplikt
553 231 28 13 m.
597 231 28 13 m.

98 257 223 27 Landtdagsmannen
349 258 102 20 Simula
473 258 80 27 gillade
576 258 37 20 det
633 257 24 21 af
677 257 104 28 Nyrönen

37 291 118 27 'öreslagna
170 291 78 28 tillägg
263 292 40 20 och
319 292 92 20 menade
427 294 32 18 att
474 292 12 20 2
502 293 11 26 &
527 292 67 20 borde
605 292 120 20 diskuteras
741 292 40 20 och

37 325 90 28 ifgöras,
143 326 46 20 förr
205 327 26 19 än
248 326 41 21 den
304 332 30 14 nu
349 326 165 28 ifrägavarande
530 326 11 28 $
559 327 17 19 1.

97 360 223 29 Landtdagsmannen
335 360 135 22 Pelkonen
485 360 107 22 instämde
608 360 7 22 i
629 354 101 34 Östrings
741 360 40 21 och

37 394 77 22 Zlamis
134 395 116 28 yttranden
271 395 40 21 och
331 395 114 28 godkände
463 396 12 28 $
497 396 18 26 1,
536 396 68 27 enligt
623 395 158 28 betänkandet,

36 436 43 15 nen
101 429 51 22 ville
175 429 98 22 deremot
296 431 32 20 att
349 431 114 27 ingressen
486 431 34 20 till
539 430 156 27 förordningen
715 430 66 21 borde

35 464 62 21 alifva
113 465 66 20 sådan
195 471 47 14 som
258 465 41 20 den
315 464 64 29 lydde
395 465 7 21 i
417 465 42 21 den
474 465 79 28 nådiga
568 464 171 29 propositionen.

97 499 223 28 Landtdagsmannen
340 499 134 28 Nyrönen:
494 501 32 20 att
543 500 43 20 han
601 499 94 28 päyrkat
709 499 36 22 det
761 498 23 21 af

35 541 74 14 a0nom
125 534 125 28 föreslagna
264 534 77 29 tillägg
362 534 33 21 till
410 535 11 27 $
439 535 18 26 1,
473 534 86 22 derföre
574 535 32 20 att
622 541 26 14 en
664 534 118 27 brottsling

35 569 58 28 2ljest
108 569 111 28 undginge
235 569 39 21 allt
293 569 68 28 tvång
376 569 39 21 och
431 569 72 22 blefve
520 577 26 14 en
568 569 46 21 lika
629 569 42 28 god
685 568 96 29 kyrkans

34 603 91 22 medlem
148 610 45 15 som
215 604 54 21 hvar
292 604 40 21 och
353 611 27 14 en
401 611 81 20 annan,
503 603 138 22 alldenstund
657 603 69 28 enligt
741 604 12 27 $
770 604 9 19 1

34 639 63 28 ingen
117 638 68 22 borde
205 638 98 22 dömmas
324 639 33 20 till
377 639 128 28 kyrkoplikt
520 639 40 21 och
576 638 69 28 enligt
660 639 11 26 $
687 638 12 21 2
715 637 66 28 ingen

33 673 54 28 inge
102 673 65 22 fällas
189 673 33 21 till
245 680 86 21 ansvar,
353 673 34 21 för
408 673 36 22 det
458 673 42 22 han
516 675 45 20 mot
575 675 100 26 prestens
689 673 92 27 varning

33 709 36 27 går
84 708 34 21 till
133 708 136 21 nattvarden.

97 743 223 28 Landtdagsmannen
342 742 115 23 Brusila
479 749 38 15 var
540 749 51 15 ense
615 743 50 21 med
689 741 91 23 Simolin

33 778 109 28 angående
164 778 41 21 den
226 778 99 21 enskilda
343 778 165 28 kyrkoplikten,
525 778 40 21 och
580 778 67 28 ansåg
663 778 41 21 den
720 778 61 27 inga-

32 813 63 21 lunda
117 814 78 26 utgöra
217 813 72 28 någon
313 813 110 28 gvarlefva
445 813 48 21 från
513 812 133 29 päfvetiden.
681 811 34 23 De
734 819 46 14 som

32 847 67 22 stiftat
115 847 42 22 den
172 848 46 27 lag,
234 855 46 14 som
296 849 58 20 ännu
369 847 72 28 gällde
452 848 32 21 uti
495 846 165 29 ifrågavarande
671 847 110 28 afseende,

31 882 53 21 hade
99 883 58 21 varit
171 882 126 22 lutheraner
313 882 39 21 och
367 883 45 20 lika
427 883 42 21 fria
483 883 7 20 i
506 884 49 19 tron
569 889 46 14 som
625 882 156 22 menniskorna

31 925 27 14 nu
73 918 34 20 för
122 917 67 21 tiden.
211 911 133 27 Ändamålet
359 917 49 21 med
423 917 156 28 kyrkoplikten
594 923 52 15 vore
661 918 33 19 att
706 917 75 28 intaga

31 952 143 27 brottslingen
190 952 7 20 i
212 952 96 28 kyrkans
327 952 40 20 och
382 951 167 29 församlingens
565 951 144 29 gemenskap,
725 951 55 21 afse-

31 987 53 22 ende
105 986 75 22 dervid
200 986 103 21 skriftens
324 986 39 21 ord
382 986 65 27 ,hvar
468 987 37 21 två
520 986 53 21 eller
589 988 33 19 tre
638 987 36 20 äro
690 986 90 21 försam-

30 1021 47 22 lade
92 1022 7 20 i
115 1022 50 20 mitt
179 1028 75 20 namn,
270 1021 38 21 der
323 1022 24 19 är
359 1021 40 27 jag
414 1021 54 21 midt
482 1021 75 21 ibland
572 1020 68 21 dem."

96 1056 33 21 På
139 1055 122 21 framställd
271 1055 135 29 proposition
417 1055 46 21 blef
469 1062 80 22 genom
558 1054 155 29 omröstning
696 1050 14 38 $
723 1056 10 20 1
743 1062 37 14 an-

29 1093 65 26 tagen
106 1090 140 26 oförändrad,
260 1090 69 28 enligt
339 1089 156 27 betänkandet,
509 1090 51 20 med
571 1089 26 21 27
606 1090 24 27 ja
645 1091 57 19 emot
713 1090 12 20 9
736 1090 43 27 nej.

97 1124 222 28 Landtdagsmannen
336 1124 111 21 Simolin
463 1124 39 21 och
519 1124 105 21 Brusila
639 1124 141 21 reserverade

29 1160 34 28 sig
78 1161 59 19 emot
152 1159 104 26 beslutet,
272 1158 115 22 erinrande
403 1160 32 20 att
450 1158 59 21 tiden
526 1160 57 20 ännu
598 1158 49 21 icke
662 1165 51 14 vore
729 1158 51 21 inne

29 1196 32 19 att
75 1193 47 21 helt
139 1194 38 20 och
188 1193 72 21 hället
275 1193 92 21 afskaffa
382 1192 26 22 de
419 1193 66 27 band,
501 1193 52 21 våra
564 1192 95 21 förfäder
669 1192 68 21 infört
747 1192 34 21 till

29 1228 191 29 upprätthällande
236 1228 24 20 af
273 1227 167 28 församlingens
456 1227 71 28 helgd.

97 1262 222 28 Landtdagsmännen
345 1261 203 28 Teräsrautila,
571 1261 147 28 Blomgvist
741 1261 39 21 och

29 1297 105 22 Retula
149 1296 108 22 instämde
272 1297 7 21 i
294 1296 170 22 reservationen.

382 1359 46 28 82

98 1398 222 30 Landtdagsmannen
339 1398 119 22 Simolin
479 1398 72 22 kunde
575 1398 20 28 ej
619 1396 52 30 gilla
693 1398 32 21 att
745 1396 36 23 det

29 1436 88 28 samtal,
133 1435 88 21 hvartill
237 1435 122 29 förbrytare
375 1434 68 29 enligt
459 1434 72 21 denna
545 1434 12 27 $
571 1433 67 21 borde
649 1433 88 20 inställa
748 1432 34 30 sig
