986 1698
381 119 36 16 Den
432 119 20 16 19
466 118 40 17 febr.
748 114 42 20 279

139 178 65 21 Emot
218 177 97 22 ståndets
330 178 131 21 sistberörde
475 178 71 21 beslut
556 178 138 21 reserverade
706 178 32 28 sig
749 179 69 20 landt-

71 213 148 27 dagsmännen
247 212 115 27 Puhakka,
391 212 142 27 Kontiainen,
557 212 83 26 Klami,
662 212 156 26 Liimatainen,

73 246 83 21 Pousar
170 246 39 20 och
226 246 169 28 Kumpulainen.

140 314 122 28 Föredrogs
278 316 154 19 sammansatta
442 314 45 28 lag-
498 314 40 21 och
550 313 222 22 ekonomiutskottets
784 314 34 21 be-

72 348 108 21 tänkande
196 355 34 14 n:o
246 349 19 26 2,
281 349 7 19 i
303 347 117 28 anledning
436 348 23 21 af
473 348 78 28 nådiga
569 347 162 28 propositionen
748 355 35 13 n:o
800 349 18 24 6,

71 382 112 28 angående
206 382 160 28 ägostyckning
388 382 40 21 och
448 382 178 28 jordafsöndring
649 382 12 21 å
682 383 76 20 frälse-
778 383 39 22 och

71 417 172 20 skattehemman
260 418 56 19 samt
331 416 102 27 legoaftal
450 423 33 14 om
500 417 71 26 någon
587 416 35 20 del
638 417 23 20 af
674 417 55 20 slika
744 417 74 27 lägen-

72 451 68 20 heter.

140 485 126 20 Bordlades.

139 519 176 20 Sammanträdet
331 519 58 20 slöts,

588 554 19 15 In
621 553 59 17 fidem:

552 581 16 18 S.
583 581 25 19 W.
625 581 124 24 Houghberg.

234 667 47 21 Den
300 667 25 21 19
337 667 118 28 februari,
468 663 84 37 klockan
569 667 27 22 10
606 667 50 28 före
670 667 118 28 middagen.

137 725 44 20 Vid
195 724 132 28 protokollet
343 723 163 22 undertecknad
521 723 189 28 brukspredikant.

138 793 124 27 Föredrogs
283 793 154 28 lagutskottets
452 792 119 28 bordlagda
586 791 137 22 betänkande
739 799 35 14 n:o
792 793 26 20 14

70 828 6 20 i
93 827 118 27 anledning
231 827 24 20 af
271 827 165 28 propositionen
455 833 34 14 n:o
512 827 25 20 12
557 826 134 21 beträffande
707 826 110 22 allmänna

70 862 95 28 grunder
180 862 35 20 för
231 868 26 14 en
273 868 30 21 ny
317 861 157 27 brottmälslag.

138 895 221 28 Landtdagsmannen
368 894 192 28 Kumpulainen
574 895 68 27 ansäg
650 894 116 22 utskottets
774 895 42 21 för-

69 932 48 27 slag
132 930 109 22 innehålla
257 930 7 21 i
279 930 43 21 alla
337 930 117 21 afseenden
469 929 116 28 tidsenliga
599 929 152 28 förändringar
766 929 6 21 i
788 936 28 14 nu

70 964 116 23 bestäende
205 964 253 28 brottmälslagstiftning
477 966 55 18 samt
551 971 53 13 vara
623 963 125 21 utarbetadt
768 964 49 20 med

70 1000 42 20 den
131 1006 86 20 omsorg
233 999 40 21 och
289 998 161 28 noggrannhet,
466 1000 32 19 att
512 998 37 21 det
563 998 72 20 kunde
651 998 23 20 af
683 998 86 21 ständet
780 1005 36 13 an-

69 1036 72 26 tagas,
157 1035 51 19 utan
225 1033 67 21 andra
307 1032 116 28 ändringar
434 1032 55 27 deri,
505 1034 27 19 än
543 1032 48 20 dem
604 1032 213 21 universitetssekre-

69 1070 87 19 teraren
171 1067 127 21 Grotenfelt
312 1067 32 20 uti
360 1067 53 20 hans
429 1069 58 19 emot
496 1066 149 22 betänkandet
655 1066 83 28 afgifna
748 1072 69 14 reser-

69 1102 73 21 vation
158 1101 103 21 förordat.
292 1100 141 28 Granskning
448 1101 23 20 af
483 1100 59 21 detta
556 1100 82 27 förslag
652 1100 7 21 i
670 1100 86 21 ständet
766 1106 51 14 vore

70 1136 69 27 enligt
155 1136 94 20 talarens
265 1134 89 28 mening
368 1134 129 28 öfverflödig
510 1134 40 22 och
561 1134 104 21 orsakade
676 1134 80 27 onödig
766 1134 52 20 tids-

69 1170 95 27 utdrägt.

138 1204 221 27 Landtdagsmannen
377 1203 117 21 Heikura
509 1203 108 20 instämde
633 1203 30 20 uti
679 1202 56 21 hvad
750 1202 67 21 Kum-

70 1239 103 28 pulainen
196 1238 72 21 anfört
290 1238 40 21 och
353 1237 84 27 tillade,
461 1239 31 19 att
512 1244 34 14 om
567 1237 88 21 ständet
668 1237 68 21 likväl
752 1237 66 27 ansäg

69 1273 107 28 förslaget
195 1273 53 20 böra
268 1271 102 29 punktvis
391 1272 118 27 genomgäs
525 1271 40 21 och
580 1271 115 28 granskas,
711 1271 85 21 ständet
812 1271 6 20 i

69 1307 65 21 sädan
156 1306 104 21 händelse
281 1306 66 21 borde
366 1307 45 20 läta
426 1306 98 26 dermed,
544 1305 70 22 säsom
631 1305 83 22 mindre
730 1305 88 27 vigtigt,

68 1341 53 20 bero
141 1341 44 20 tills
205 1340 86 20 ständet
311 1340 35 20 för
361 1340 67 20 andra
444 1339 107 28 vigtigare
567 1339 91 21 ärender
673 1339 57 27 finge
748 1339 70 20 bättre

69 1381 35 14 om
125 1375 40 25 tid,
187 1373 39 21 och
247 1380 29 13 nu
296 1375 78 25 genast
395 1373 90 27 öfvergä
505 1373 32 20 till
556 1373 131 26 behandling
702 1372 24 20 af
738 1372 81 27 frägor,

70 1415 46 15 som
133 1410 98 19 närmare
247 1407 63 22 rörde
322 1408 119 27 allmogens
458 1407 99 21 intresse.
