970 1703
195 126 42 21 264
480 129 38 16 Den
531 129 21 16 17
564 127 42 18 febr,

167 192 96 20 mönster
279 190 33 21 för
328 189 63 21 södra
407 189 63 20 delen
485 188 24 20 af
523 187 83 26 landet,
625 193 45 14 som
686 186 55 21 hade
757 185 158 22 hufvudstaden

167 226 8 20 i
191 225 33 20 sin
247 224 77 21 närhet
347 223 40 20 och
410 222 145 27 förmodligen
576 227 50 14 vore
647 221 7 20 i
675 220 118 27 besittning
809 219 23 21 af
845 219 72 21 bättre

168 257 95 23 ordnade
284 257 119 21 samhällen
424 258 27 19 än
472 256 36 21 det
529 256 96 27 aflägsna
644 255 39 20 och
699 253 129 22 öfversedda
843 247 74 27 Öster-

169 293 82 21 botten.
282 292 94 21 Talaren
392 290 72 21 kunde
478 290 56 21 dock
550 297 33 13 om
599 289 42 21 den
657 289 23 20 af
693 289 80 21 honom
789 288 128 21 framhållna

168 326 137 28 byaordning
325 325 59 28 gifva
404 325 36 20 det
460 324 90 26 vitsord,
574 325 31 19 att
625 323 126 21 densamma
771 324 37 26 egt
827 322 92 21 bestånd

169 361 107 21 alltsedan
292 360 23 21 år
331 360 55 20 1804
402 360 38 20 och
458 360 31 19 att
505 359 41 20 den
563 357 122 22 sedermera
701 357 70 21 blifvit
787 358 94 26 antagen
898 356 22 20 af

170 395 67 21 andra
259 394 167 28 kringliggande
449 393 91 22 socknar
563 394 56 19 samt
641 393 31 19 att
694 398 79 21 genom
793 391 126 21 densamma

169 429 111 27 förebygts
296 428 110 28 åtskilliga
421 428 140 27 rättegångar
575 434 36 14 om
625 428 74 26 vägar,
715 426 64 21 diken
795 433 27 13 m.
838 432 28 14 m.
882 425 37 27 dy-

169 464 47 20 likt.
240 463 11 21 I
266 463 92 21 nämnde
374 462 136 28 byaordning
525 461 134 21 förekomme
672 460 49 21 icke
731 460 121 28 någonting
862 459 57 21 stad-

169 497 102 28 gadt.om
292 498 30 20 att
343 496 210 28 magasinsmätaren
574 491 51 25 vore
647 494 112 21 exekutor.
789 494 38 21 Ett
842 494 34 20 för
891 493 28 21 Il-

169 532 58 20 mola
242 531 80 21 socken
338 530 100 28 gällande
459 530 245 28 magasinsreglemente
725 529 130 21 tillerkände
872 528 48 21 der-

170 567 59 19 emot
249 567 111 19 mätarene
381 564 91 21 berörde
491 564 116 28 rättighet,
628 571 51 13 men
699 563 66 29 sagde
785 563 135 27 reglemente

171 600 55 21 hade
241 599 49 22 icke
306 599 113 21 fastställts
435 599 49 20 utaf
498 600 136 27 guvernören
649 598 7 21 i
672 598 77 27 Wasa,
765 604 45 15 som
827 598 93 20 tvärtom

169 634 88 27 afslagit
277 633 151 28 ansökningen
448 634 85 26 derom,
553 634 53 20 utan
625 632 57 21 hade
702 632 84 21 landets
802 633 71 25 senat,
889 631 31 21 dit

171 669 66 20 saken
261 667 81 28 dragits
365 668 7 20 i
395 668 141 27 besvärsväg,
558 667 40 21 och
619 674 45 14 som
678 667 67 21 borde
761 667 68 20 förstå
844 666 34 27 sig
893 666 28 28 på

171 702 74 28 dylika
265 702 184 28 angelägenheter
469 702 71 21 bättre
560 702 27 20 än
603 694 101 34 Östring,
724 700 50 22 med
789 700 104 22 afseende
909 700 12 21 å

171 737 106 21 särskilda
296 736 151 21 förhållanden
468 736 40 21 och
529 736 186 27 omständigheter
736 735 81 21 bifallit
836 734 33 22 till
889 736 32 20 att

170 771 108 21 fastställa
298 770 154 28 reglementet;
476 771 89 21 hvarom
591 770 38 21 allt
649 770 84 21 talaren
755 769 50 22 ville
828 769 92 28 upplysa

171 799 99 33 Östring,
287 811 46 15 som
349 805 73 21 drifvit
438 805 55 28 gäck
508 805 49 21 med
573 805 76 21 sådant
664 812 47 14 som
726 804 43 21 han
783 804 48 21 icke
841 804 79 20 kände.

239 839 221 27 Landtdagsmannen
484 839 86 21 Klami
593 838 122 27 anmärkte,
736 840 32 19 att
787 838 133 28 föregående

171 874 68 20 talare
259 874 77 20 afvikit
356 874 77 20 nästan
454 874 32 20 för
503 874 61 27 långt
578 873 57 21 ifrån
652 873 77 28 sjelfva
745 874 79 20 ämnet.
854 872 67 21 Detta

171 915 52 14 vore
244 907 55 21 dock
319 908 62 20 deras
402 908 73 20 ensak.
506 908 11 20 I
536 908 74 28 frågor
626 914 46 20 om,
692 907 107 21 huruvida
815 907 41 21 den
872 914 49 14 exe-

171 942 77 21 kutiva
257 942 157 28 myndigheten
428 943 3 19 i
442 942 133 22 kommunen
589 942 66 20 borde
665 942 134 21 handhafvas
810 942 24 20 af
842 942 80 20 krono-

171 977 81 27 fogden
275 976 53 21 eller
350 977 25 20 af
395 983 27 14 en
443 977 103 21 särskildt
566 976 72 22 dertill
657 976 76 22 utsedd
749 984 89 20 person,
854 977 68 27 ansåg

172 1011 83 20 talaren
276 1011 36 20 det
333 1017 76 14 senare
428 1018 52 14 vara
494 1012 101 19 förenadt
609 1011 50 20 med
674 1011 84 20 mindre
773 1011 92 20 kostnad
882 1011 39 21 och

172 1045 64 21 äfven
252 1045 7 20 i
276 1044 65 28 öfrigt
356 1052 60 13 mera
431 1045 109 28 lämpligt,
556 1045 89 21 emedan
659 1045 150 28 kronofogden
819 1045 102 27 vanligen

173 1079 70 21 bodde
259 1079 91 27 aflägset
366 1079 39 21 och
422 1079 36 22 det
474 1080 83 21 således
572 1087 51 13 vore
640 1080 126 27 obeqvämt,
782 1081 31 19 att
823 1080 97 20 kommu-

172 1114 73 20 nicera
261 1113 33 28 sig
309 1113 49 21 med
373 1114 85 20 honom.
490 1114 93 21 Talaren
603 1114 63 27 insåg
682 1114 49 21 icke
746 1113 70 21 heller
831 1115 32 19 att
878 1113 42 21 för-

172 1148 126 27 rättningen
314 1148 70 21 skulle
400 1148 68 21 hällas
484 1149 6 20 i
507 1150 68 19 större
591 1148 75 28 helgd,
682 1155 35 14 om
731 1149 95 20 kronans
841 1147 80 22 exeku-

171 1184 59 19 torer
245 1182 132 25 verkställde
393 1182 125 21 densamma
532 1184 26 19 än
575 1189 34 14 om
626 1183 40 20 den
683 1182 142 21 verkställdes
842 1182 24 20 af
879 1181 42 22 den

172 1223 89 20 person,
281 1223 46 14 som
347 1217 133 20 kommunen
498 1217 71 21 dertill
585 1218 73 19 utsett.
689 1217 83 27 Utsäge
787 1216 133 21 kommunen

171 1251 143 19 länsmannen
335 1251 33 19 till
389 1251 31 19 sin
438 1251 112 26 exekutor,
571 1251 23 20 sä
614 1257 51 14 vore
686 1251 71 20 denne
772 1250 7 20 i
795 1250 79 27 många
889 1250 31 20 af-

171 1283 96 21 seenden
282 1284 128 27 lämpligare
426 1284 72 20 dertill
514 1285 27 19 än
559 1284 156 27 kronofogden.
745 1283 11 21 I
771 1284 66 27 öfrigt
852 1283 68 28 ansäg

171 1317 84 21 talaren
271 1317 64 21 äfven
350 1317 166 29 ifrägavarande
537 1318 159 29 omständighet
710 1318 54 21 böra
778 1318 141 27 bestämmas,

171 1352 104 33 eftersom
298 1359 49 14 man
370 1352 190 22 sammankommit
582 1353 33 21 för
639 1355 31 20 att
693 1353 60 21 stifta
774 1349 42 32 lag.
856 1352 64 22 Hvad

171 1387 102 28 Ostrings
294 1389 58 19 emot
367 1387 104 28 förslaget
486 1387 78 29 gjorda
583 1388 145 29 anmärkning
746 1387 109 31 äsyftade,
875 1387 45 24 för-

171 1422 66 21 mälte
253 1421 84 22 talaren
352 1423 34 28 sig
400 1422 48 22 icke
463 1422 74 21 kunna
552 1423 61 21 fatta.
