989 1703
195 133 40 21 828
471 137 36 17 Den
521 138 20 16 14
555 137 49 22 april.

233 197 122 28 Föredrogs
370 196 220 21 ekonomiutskottets
604 196 84 28 förslag
702 197 34 20 till
748 197 168 28 sammanjemk-

165 232 53 28 ning
238 231 23 20 af
278 231 25 20 de
325 231 125 28 skiljaktiga
469 230 77 27 beslut,
566 230 61 21 hvari
648 230 138 22 riksständen
807 233 87 19 stannat
910 232 6 19 i

165 265 119 28 anledning
306 265 23 21 af
350 265 79 28 nädiga
451 265 165 28 propositionen
638 265 114 28 angäende
775 265 96 28 lindring
896 265 24 21 af

162 300 128 29 jordegares
306 299 124 29 skyldighet
445 299 32 21 till
493 299 171 28 hällskjutsning
679 301 56 19 samt
749 301 51 26 väg-
816 299 40 22 och
857 281 59 40 bros

163 335 110 29 byggnad.

491 368 65 22 Mom.
572 369 20 20 6.

242 403 222 28 Landtdagsmannen
488 403 146 21 Pelkonen
660 403 115 28 godkände
800 403 117 21 utskottets

161 438 210 29 jemkningsförslag
391 438 7 20 i
416 438 104 20 afseende
536 438 12 20 å
562 437 151 28 ifrågakomne
732 440 104 25 moment,
860 445 56 15 eme-

165 474 40 20 dan
229 473 117 27 allmogen,
369 472 69 28 enligt
460 472 56 21 hvad
538 472 84 20 talaren
640 471 134 28 förmodade,
790 472 126 28 derigenom

163 508 88 28 bragtes
267 508 32 20 att
314 506 56 22 afstå
385 506 199 28 hållskjutsningen
601 506 21 20 åt
640 508 174 26 entreprenörer.

232 541 222 28 Landtdagsmännen
470 540 120 27 Simolin,
606 541 126 21 Punttala
747 541 40 21 och
797 541 120 22 Heikura

164 584 51 14 voro
231 583 52 14 ense
299 576 50 20 med
363 575 120 21 Pelkonen.

231 610 222 29 Landtdagsmannen
479 610 120 21 Tiainen
625 610 68 27 ansåg
718 610 198 29 skjutspenningen

163 648 54 20 böra
232 653 52 14 vara
297 645 46 21 lika
357 645 34 20 för
407 645 49 26 alla,
472 645 74 21 såvida
561 644 64 21 äfven
641 645 139 20 verstmåttet
790 645 34 20 för
834 645 82 21 enhvar

164 688 51 14 vore
237 681 46 20 lika
304 680 68 27 långt,
395 681 55 19 samt
469 679 81 27 yrkade
566 679 58 27 förty
639 681 31 18 att
686 679 87 21 ståndet
788 680 66 20 måtte
870 679 46 21 vid-

163 716 68 21 blifva
251 715 38 21 sitt
308 714 59 21 förra
384 714 73 20 beslut
476 713 134 21 beträffande
629 713 165 28 ifrågavarande
812 716 104 19 moment.

230 749 44 21 Vid
292 749 53 21 härå
363 748 95 20 anställd
474 748 134 27 omröstning
623 747 85 40 vidblef
722 748 86 21 ståndet
823 748 49 22 med
889 750 26 20 18

163 786 70 20 röster
247 785 58 20 emot
322 784 26 20 14
364 783 36 20 sitt
416 782 59 21 förra
489 782 79 21 beslut.

231 818 223 28 Landtdagsmännen
474 816 110 22 Simolin
604 816 40 21 och
665 816 135 22 Pelkonen
819 818 96 21 anmälte

164 855 58 21 emot
237 853 95 21 beslutet
348 850 142 22 reservation.

230 887 65 22 Hvad
317 886 80 28 angick
419 886 101 27 tillägget
538 885 81 27 derom,
640 886 31 20 att
687 886 107 27 styrelsen
810 886 62 28 egde,
887 887 29 28 pä

163 924 26 20 de
205 922 23 22 af
241 921 116 21 ständerne
374 921 95 27 antagna
484 920 102 28 grunder,
602 919 87 21 utfärda
704 920 128 28 förordning
848 921 7 21 i
870 922 45 20 äm-

163 960 44 24 net,
222 956 84 22 vidblef
319 955 86 21 ständet
420 954 65 21 äfven
500 954 130 21 derutinnan
647 954 37 21 sitt
694 954 59 21 förra
763 955 78 27 beslut,
852 956 63 20 hvar-

163 993 58 19 emot
244 990 117 21 utskottets
384 988 308 28 sammanjemkningsförslag
712 989 7 20 i
737 988 66 29 öfrigt
818 990 97 27 godkän-

163 1025 47 27 des;
231 1025 40 20 och
291 1023 70 21 skulle
382 1023 142 21 medständen
545 1024 55 19 samt
616 1023 246 27 expeditionsutskottet
876 1031 40 14 un-

163 1059 107 21 derrättas
285 1058 76 21 härom
376 1063 79 22 genom
471 1056 207 29 protokollsutdrag.

231 1126 124 28 Föredrogs
375 1125 36 22 det
430 1125 6 20 i
456 1125 118 28 anledning
589 1125 24 20 af
626 1125 64 21 väckt
705 1125 62 28 fråga
782 1132 35 14 om
832 1125 82 22 riddar-

163 1163 74 20 husets
256 1159 133 30 upplätande
409 1159 33 21 till
458 1161 31 19 ett
504 1159 85 21 landets
605 1159 99 21 ständers
719 1159 40 21 hus
775 1159 91 22 tillsatta
881 1162 33 19 ut-

164 1197 69 20 skotts
248 1194 139 22 betänkande
402 1194 93 21 rörande
510 1194 66 28 sagde
592 1193 88 22 ärende.

231 1229 223 28 Landtdagsmannen
470 1228 99 21 Simula
584 1229 67 26 ansäg
667 1229 36 20 det
714 1235 51 14 vara
776 1229 6 20 i
794 1229 42 20 allo
847 1229 67 28 lemp-

163 1264 76 28 ligare,
260 1264 31 20 att
312 1264 31 19 ett
363 1263 48 27 nytt
430 1262 41 20 hus
491 1262 7 20 i
513 1262 38 21 fall
566 1261 24 22 af
602 1261 68 21 behof
682 1261 125 29 uppfördes,
824 1263 91 21 emedan

164 1297 27 22 de
213 1297 150 28 reparationer
384 1296 41 21 och
448 1295 124 30 ändringar,
593 1303 46 13 som
655 1296 12 21 &
682 1296 138 21 riddarhuset
835 1297 80 22 tarfva-

164 1332 45 28 des,
230 1331 72 22 blefve
323 1331 139 27 kostsamma,
478 1333 51 19 utan
545 1332 32 20 att
592 1338 82 14 samma
690 1331 162 29 begvämlighet
868 1339 46 15 som

164 1373 78 22 genom
259 1367 32 20 ett
306 1367 48 28 nytt
368 1366 40 21 hus
424 1373 89 14 vunnes.
536 1365 109 22 Mähända
660 1365 55 22 hade
726 1366 91 21 motivet
828 1367 33 21 för
871 1367 43 21 rid-

164 1401 128 30 derskapets
315 1401 40 22 och
377 1401 75 22 adelns
474 1401 73 21 anbud
566 1401 62 27 varit,
649 1402 31 20 att
695 1401 137 23 riddarhuset
847 1402 67 21 redan
