986 1703
364 130 36 16 Den
416 130 18 15 17
449 129 40 17 febr.
737 127 41 20 273

31 196 2 18 |
60 195 46 14 som
122 188 116 21 ständerne
254 189 57 20 såväl
327 189 6 20 i
349 189 107 20 utskottet
474 196 44 13 som
534 189 7 21 i
557 190 90 21 stånden
667 191 88 27 uttalat,
771 199 33 14 om

31 219 2 2 *
59 223 43 20 alla
117 223 27 20 de
159 223 106 20 tusentals
280 223 80 27 rublar,
376 231 45 13 som
438 224 219 28 öfverläggningarne
673 225 72 21 kostat
760 227 45 20 lan-

59 256 45 27 det,
121 257 123 27 onödigtvis
260 257 96 28 förspilts
371 258 40 20 och
428 257 71 21 blefvo
514 260 52 19 utan
582 258 65 21 frukt.
675 259 44 21 Det
734 260 70 21 blefve

57 290 49 21 icke
128 291 70 20 bättre
219 291 35 20 vid
275 293 61 18 nästa
352 291 112 28 landtdag,
481 299 33 13 om
530 292 77 27 början
623 293 33 20 till
671 293 135 21 framätskri-

58 323 70 22 dande
148 325 47 20 icke
216 332 29 14 nu
265 325 94 27 gjordes.
392 325 163 22 Kommunerne
576 326 85 22 komme
682 327 70 28 aldrig
773 328 33 20 till

58 358 152 28 sjelfstyrelse,
227 366 34 13 om
277 366 49 13 man
341 359 49 21 icke
406 360 82 27 vägade
503 360 63 27 gripa
583 361 75 20 verket
673 369 27 13 an
714 362 49 20 med
774 364 32 18 att

57 392 67 21 värda
139 393 43 20 sitt.
213 392 102 23 Ständets
335 393 71 23 beslut
422 396 31 18 att
467 394 151 27 kyrkoherden
634 395 66 21 borde
716 396 89 28 förplig-

57 428 34 19 tas
106 427 46 21 helt
167 428 39 20 och
221 428 68 20 hället
304 428 71 20 aflöna
390 428 144 22 ordföranden
549 429 7 20 i
571 428 234 30 kommunalstyrelsen

57 462 72 20 kunde
143 462 83 21 talaren
242 462 49 21 icke
306 464 66 18 annat
388 464 25 19 än
431 463 72 27 ogilla.
533 463 33 27 Ty
582 463 37 21 det
634 464 60 21 stode
709 464 48 22 icke
773 464 32 21 uti

57 496 98 21 ständets
175 497 70 26 makt,
266 498 32 19 att
317 496 120 22 förminska
457 497 164 27 kyrkoherdens
636 498 43 20 lön.
709 498 44 21 För
768 498 37 21 det

56 530 198 27 missförhällande,
275 531 88 21 hvartill
383 531 156 21 ordförandens
555 532 97 27 aflöning
666 532 138 27 föranledde,

57 565 72 21 kunde
146 566 82 20 talaren
240 565 55 21 dock
305 565 47 20 icke
363 565 73 27 skjuta
446 566 90 20 tillbaka
547 566 78 26 sjelfva
635 566 74 20 saken.
733 566 71 28 Sagde

57 599 189 21 missförhällande
267 598 71 22 kunde
358 599 110 28 afhjelpas
489 600 137 28 derigenom,
647 602 31 19 att
698 601 33 20 till
747 601 57 21 stän-

56 634 47 20 dets
120 633 156 21 ofvanberörde
296 633 71 21 beslut
386 634 87 21 tillades
493 634 76 21 orden:
592 634 46 25 ,till
657 634 49 21 dess
721 637 84 25 presta-

57 667 123 27 aflöningen
201 667 142 27 reglerades".
372 667 134 27 Derigenom
527 667 70 21 hblefve
617 668 37 20 det
674 669 76 20 hinder
766 676 39 13 un-

57 701 109 28 danröjdt,
186 708 46 13 som
252 700 183 29 aflöningsfrägan
451 702 132 20 föranledde.
613 702 115 28 Förslaget
744 703 60 20 inne-

57 736 68 27 hölle,
146 737 31 19 att
198 736 25 20 de
243 736 134 26 kommuner,
397 735 73 21 hvilka
491 736 47 21 icke
558 736 59 21 inom
630 738 40 19 -tre
690 737 24 20 är
733 737 72 20 kunde

57 770 71 21 införa
153 770 227 28 kommunalstyrelse,
406 770 57 27 finge
484 770 53 21 söka
556 770 93 21 anstånd
668 771 28 27 pä
718 771 87 21 kortare

57 805 41 26 tid,
118 811 78 21 genom
217 804 100 21 anmälan
336 805 38 20 hos
390 806 115 26 guvernör,
521 804 39 21 och
575 805 30 27 på
619 804 76 28 längre
711 805 40 27 tid,
767 813 36 20 ge-

57 846 50 14 nom
124 838 99 22 anhållan
240 839 39 20 hos
295 840 96 19 senaten.
421 838 44 21 Det
480 838 112 22 medförde
607 838 139 28 följaktligen
757 840 48 20 icke

57 874 71 26 någon
145 873 45 21 risk
205 874 31 19 att
251 873 105 27 förslaget
371 874 98 26 antoges.
499 873 76 21 Blefve
591 873 105 27 förslaget
709 873 97 21 deremot

59 915 28 13 nu
103 907 131 26 förkastadt,
250 907 23 20 så
289 907 60 21 stode
364 908 55 20 intet
435 908 31 19 att
482 909 63 25 göras
561 914 38 13 ens
611 908 7 19 i
630 907 25 21 de
671 907 135 26 kommuner,

57 941 38 20 der
118 942 66 27 något
207 943 64 25 göras
293 941 79 21 kunde.
403 941 92 21 Talaren
518 941 81 27 yrkade
620 941 134 21 fördenskull
775 944 31 18 att

58 975 148 21 betänkandet
221 975 87 27 gjordes
324 975 33 20 till
372 975 42 28 lag.

125 1010 220 27 Landtdagsmannen
365 1010 118 27 Hagman
504 1009 85 28 yttrade
608 1010 33 19 sin
657 1010 73 27 glädje
746 1010 60 20 öfver

56 1043 41 21 den
115 1045 83 25 värme,
213 1043 103 21 hvarmed
331 1043 42 20 han
390 1044 68 20 under
474 1043 150 21 diskussionen
641 1043 71 21 funnit
728 1046 31 18 att
773 1051 33 13 sa-

56 1077 42 21 ken
115 1078 117 20 omfattats.
256 1077 92 22 Talaren
364 1078 39 27 såg
418 1078 7 20 i
440 1077 91 22 berörde
547 1077 161 28 omständighet
724 1085 25 13 en
767 1085 36 14 an-

56 1112 92 27 tydning
168 1112 76 27 derpå,
266 1114 30 19 att
315 1112 53 20 flere
382 1112 129 21 kommuner
527 1119 50 13 voro
594 1119 88 20 mogna,
698 1114 32 19 att
745 1112 58 20 inom

56 1146 124 27 föreslagen
197 1146 31 21 tid
243 1146 71 21 införa
329 1146 285 21 kommunalinstitutionen.
645 1146 93 21 Talaren
751 1146 54 20 hade

57 1180 77 21 önskat
158 1180 74 21 kunna
254 1181 76 20 förena
353 1180 33 27 sig
409 1180 49 20 med
480 1179 116 27 Puhakka,
619 1180 28 27 på
666 1180 26 20 de
710 1179 96 28 grunder

57 1214 70 20 denne
149 1214 127 27 framhållit,
297 1220 49 14 men
368 1220 44 14 som
434 1214 82 21 talaren
537 1215 73 26 tyvärr
631 1221 28 13 nu
675 1214 85 25 erfarit,
776 1216 31 19 att

57 1255 51 15 man
129 1249 42 19 satt
191 1248 7 19 i
218 1248 70 27 fråga,
309 1247 105 21 huruvida
432 1248 42 20 alla
493 1247 152 27 församlingar
661 1255 52 13 voro
728 1254 79 20 mogna

58 1284 31 19 att
105 1284 79 25 antaga
200 1281 114 28 förslaget,
330 1282 23 20 så
367 1281 73 21 kunde
456 1282 83 20 talaren
555 1281 34 20 för
605 1282 33 19 sin
653 1281 35 21 del
703 1281 48 21 icke
770 1281 37 28 på-

57 1319 64 24 truga
141 1317 71 26 någon
232 1316 128 25 detsamma,
381 1318 53 17 utan
454 1316 109 27 nödgades
584 1315 104 21 vidblifva
703 1316 32 19 sin
752 1316 6 19 i
774 1317 32 18 ut-

57 1350 82 21 skottet
159 1350 76 27 gjorda
255 1349 143 26 reservation,
419 1349 87 20 hvilken
529 1349 82 20 talaren
633 1348 6 19 i
660 1349 76 26 början
754 1349 53 26 hop-

58 1387 48 24 pats
122 1383 73 20 kunna
211 1383 83 27 frångå.

103 1423 71 17 Hederv.
190 1423 125 16 bondeståndets
325 1422 64 22 protok.
405 1422 22 18 II.
718 1423 21 15 18
