986 1698
204 137 38 19 126
467 142 37 15 Den
518 141 22 17 29
552 140 34 22 jan.

173 201 41 27 tigt
230 207 45 14 som
291 201 28 27 pä
329 201 36 20 det
376 199 152 27 förevarande;
539 201 22 26 ty
573 200 82 20 talaren
666 206 52 14 vore
729 200 75 20 derom
815 200 106 21 förvissad

173 236 40 25 att,
236 241 35 14 om
293 233 209 30 petitionsförslaget
524 233 40 21 hos
588 234 85 20 ståndet
696 234 50 27 gick
768 234 86 27 igenom
880 234 40 21 och

174 268 115 22 ständerne
304 269 33 20 till
352 268 55 27 följd
423 268 63 21 deraf
499 268 36 21 vid
555 270 62 19 nästa
632 268 104 28 landtdag
752 268 107 21 förelades
874 268 47 28 lag-

173 303 81 28 förslag
270 303 7 21 i
296 305 82 24 ämnet,
399 303 131 20 ätminstone
550 303 152 26 ridderskapet
722 303 40 20 och
782 302 63 21 adeln
865 304 56 19 samt

173 337 179 28 borgareständet
375 337 69 27 aldrig
460 337 69 20 skulle
546 339 79 25 antaga
640 337 35 27 lag
691 337 7 20 i
713 337 42 20 den
771 337 97 27 syftning
883 343 37 21 pe-

173 371 118 22 titionären
306 371 71 27 afsåg,
399 371 63 21 äfven
484 378 34 13 om
539 371 67 21 sådan
625 371 36 27 lag
677 371 24 20 af
714 371 160 28 prestaständet
889 371 31 20 bi-

173 405 56 21 fölls.
260 405 92 21 Talaren
367 405 86 27 yttrade
470 405 102 28 slutligen
588 405 41 20 den
644 405 156 27 förhoppning,
816 406 32 19 att
863 405 57 20 stän-

174 439 38 21 det
227 439 70 21 skulle
313 439 114 28 godkänna
442 439 117 20 utskottets
575 439 144 20 betänkande.

242 473 221 28 Landtdagsmannen
484 473 115 28 Hagman
619 473 90 21 anförde
725 475 32 18 att
772 473 24 21 af
809 473 54 20 hans
878 474 42 27 ytt-

174 507 68 21 rande
262 508 7 20 i
289 508 76 25 saken,
381 508 27 20 då
423 508 125 20 densamma
568 508 46 20 före
635 508 105 20 remissen
761 507 33 21 till
814 507 107 21 utskottet

173 542 7 20 i
196 542 86 21 ståndet
297 542 106 20 förehafts
419 542 33 20 till
469 541 171 28 öfverläggning,
656 542 66 20 borde
737 542 83 27 framgå
831 543 32 19 att
878 541 43 21 han

173 576 127 21 understödt
320 576 121 27 petitionen
462 576 76 20 endast
558 575 70 21 såvidt
648 576 41 20 den
709 576 46 20 haft
771 575 101 21 afseende
889 578 31 19 att

174 610 77 21 hindra
273 610 90 20 handels
386 610 93 20 idkande
495 610 41 20 och
551 610 73 20 arbete
640 610 13 20 &
668 610 88 27 söndag.
787 610 38 21 Sin
841 610 57 27 åsigt
914 611 7 19 i

174 644 59 21 detta
248 644 124 20 hänseende
388 644 83 20 vidblef
485 644 89 20 talaren.
607 644 64 20 Hvad
686 644 106 20 Puhakka
807 644 23 20 af
843 644 78 28 illvilja

174 678 53 21 eller
242 678 151 20 missförstånd
408 678 68 20 rört
471 674 17 36 i
496 678 42 28 hop
560 684 34 14 om
614 678 138 20 embetsverk
772 678 39 20 och
831 678 90 28 tjenste-

174 714 50 19 män
240 712 121 27 förtjenade
377 712 48 20 icke
441 712 65 28 något
522 712 110 20 afseende.

242 746 221 27 Landtdagsmannen
483 740 111 32 Östring
613 746 96 26 föreslog
729 747 32 19 att
781 752 79 21 genom
876 753 44 13 om-

173 780 100 27 röstning
296 781 66 19 måtte
385 779 86 27 afgöras
493 787 35 13 om
548 780 85 20 ståndet
653 779 126 27 godkänner
799 780 121 28 petitionen

174 815 52 21 eller
241 814 118 20 utskottets
374 813 144 21 betänkande.

242 848 219 27 Landtdagsmannen
482 848 116 27 Hagman
622 848 67 27 ansåg
711 848 209 29 voteringsproposi-

173 884 45 20 tion
233 883 48 20 icke
296 883 119 26 lämpligen
429 882 54 21 böra
502 882 68 21 blifva
589 883 72 26 sådan,
681 883 92 20 emedan
789 883 94 28 mången
898 884 24 20 af

173 918 58 26 dem,
252 924 45 14 som
319 916 126 22 understödt
469 917 129 27 petitionen,
620 917 57 27 gjort
698 917 35 20 det
757 917 75 21 endast
851 918 70 21 såvidt

174 952 41 20 den
230 952 62 27 afsåg
307 951 120 21 hindrande
442 951 24 20 af
479 951 77 20 handel
573 951 27 27 på
616 951 87 27 söndag.

241 985 222 27 Landtdagsmannen
478 984 87 21 Klami
581 984 145 22 understödde
742 985 41 21 den
799 986 23 20 af
832 980 89 34 Östring

174 1020 124 26 föreslagna
321 1019 257 27 voteringsproposition,
602 1019 49 20 med
673 1020 87 20 erinran
783 1021 32 19 att
836 1021 84 20 talaren

174 1053 96 21 önskade
292 1053 22 21 få
336 1057 107 23 noggrant
463 1053 109 20 bestämdt
591 1052 57 21 hvad
668 1053 85 20 ståndet
774 1054 23 20 af
814 1054 107 21 utskottet

174 1087 103 21 önskade.
311 1087 35 20 Nu
361 1087 77 27 gjorde
452 1087 101 27 Hagman
569 1094 27 13 en
612 1088 143 26 anmärkning
771 1091 58 18 emot
845 1088 75 21 betän-

173 1121 81 21 kandet
274 1121 40 21 och
334 1120 100 21 fordrade
455 1121 124 21 återremiss
600 1121 27 27 på
648 1121 69 27 grund
737 1121 24 21 af
775 1121 47 21 den.
852 1122 68 21 Nästa

174 1156 58 28 gång
246 1156 70 20 skulle
332 1162 27 13 en
375 1162 70 14 annan
462 1155 68 21 talare
545 1155 28 28 på
589 1162 81 14 samma
686 1157 43 19 sätt
750 1156 106 27 uppträda
871 1157 50 20 med

174 1197 27 13 en
216 1197 72 13 annan
304 1189 150 27 anmärkning.
484 1188 44 22 Det
543 1196 50 13 vore
605 1188 84 22 derföre
705 1190 48 20 bäst
769 1192 31 18 att
815 1190 54 21 först
884 1198 36 13 vo-

174 1223 86 21 terades
274 1223 107 21 huruvida
397 1223 86 21 ståndet
494 1223 114 27 godkände
618 1223 155 21 betänkandet.
803 1224 117 22 Inträffade

174 1256 48 21 icke
238 1256 59 20 detta
312 1256 66 20 borde
398 1256 85 20 ståndet
499 1256 66 20 sedan
581 1258 99 18 närmare
696 1257 68 19 uttala
780 1258 33 26 sig
828 1264 35 14 om
879 1258 41 20 den

173 1290 105 26 riktning,
293 1290 7 19 i
315 1289 89 20 hvilken
419 1289 36 20 det
470 1289 66 21 borde
553 1290 128 20 omarbetas.

241 1323 221 28 Landtdagsmannen
478 1323 135 21 Pelkonen
633 1324 80 28 gillade
733 1324 42 21 den
791 1324 24 21 af
831 1314 89 44 Östring

173 1358 124 27 föreslagna
312 1358 253 28 voteringsproposition.

242 1393 219 28 Landtdagsmannen
477 1393 127 20 Puhakka
622 1393 67 28 ansäg
709 1395 31 18 att
758 1394 27 20 dä
803 1393 70 22 Kiuru
896 1395 23 20 sä

174 1428 51 26 godt
244 1434 46 13 som
306 1427 103 27 återtagit
429 1427 218 28 petitionsförslaget,
668 1427 100 28 Hagman
789 1428 47 21 icke
857 1428 63 21 bordt
