964 1709
346 131 37 17 Den
396 132 11 16 9
419 135 51 13 mars,
711 128 39 20 491

31 189 120 23 trehundra
171 190 84 22 famnar
274 190 34 22 för
328 191 83 29 saltsjö,
433 198 49 15 men
502 192 34 21 för
550 192 83 28 insjöar
648 192 72 22 kunde
735 194 46 22 två-

31 224 85 22 hundra
130 225 85 21 famnar
230 225 69 28 enligt
314 226 147 21 betänkandet
476 226 127 22 bibehållas.

99 259 223 28 Landtdagsmannen
342 260 123 29 Nyrönen
484 261 51 21 ville
555 262 72 20 erinra
642 261 83 28 derom,
749 264 33 19 att

32 294 98 28 punkten
145 294 48 21 icke
209 294 94 29 anginge
319 295 82 28 insjöar
417 297 52 19 utan
485 295 76 21 endast
578 296 81 27 saltsjö.

100 328 223 29 Landtdagsmannen
345 329 112 21 Tiainen
479 329 100 22 förmälte
595 330 33 27 sig
643 330 48 21 icke
707 330 74 21 kunna

31 363 124 27 bedömma,
176 363 107 21 huruvida
302 363 122 29 Blomqvist
443 363 47 22 haft
510 364 47 21 skäl
575 364 33 21 för
624 365 37 20 sitt
676 364 105 28 yrkande,

31 399 23 27 ty
69 398 85 21 talaren
169 398 56 21 hade
240 397 49 22 icke
304 398 72 28 någon
393 398 123 22 kännedom
532 405 35 14 om
583 398 175 22 förhållanderne
773 399 8 21 i

32 433 83 28 saltsjö.
144 433 51 20 Men
216 433 56 21 hvad
292 433 94 28 anginge
402 433 89 28 insjöar,
513 435 15 19 t.
544 440 33 14 ex.
593 433 98 28 Ladoga,
714 434 67 27 ansåg

31 468 84 21 talaren
135 468 168 27 bestämningen
323 467 24 22 af
364 468 122 21 tvåhundra
505 467 84 22 famnar
612 468 7 21 i
642 467 103 22 afseende
768 469 13 21 &

31 503 50 21 dem
96 510 53 14 vara
163 503 125 28 tillräcklig.

98 537 223 30 Landtdagsmannen
341 537 92 22 Klami
451 538 68 27 ansåg
538 537 92 22 Holmas
650 537 83 28 förslag
749 540 31 19 att

31 572 168 27 bestämningen
221 571 73 22 kunde
317 573 63 27 göras
401 572 58 21 olika
478 572 33 21 för
532 572 58 21 olika
610 572 36 21 län
666 572 48 21 icke
730 579 51 14 vara

31 606 132 28 tillämpligt.
195 606 32 28 Ty
243 606 113 21 enahanda
371 606 83 21 olikhet
464 606 7 21 i
482 606 176 21 förhållanderne
669 606 112 21 företedde

32 641 33 28 sig
79 640 60 21 inom
155 641 75 27 hvarje
247 640 102 21 särskildt
364 641 36 20 län
417 647 46 14 som
478 641 94 20 emellan
587 640 26 21 de
629 640 70 21 skilda
709 641 72 21 länen.

31 675 65 21 Hvad
118 675 119 20 beträffade
260 675 118 28 meningen
400 675 85 27 derom,
507 676 32 19 att
559 675 120 21 tvåhundra
697 675 85 20 famnar

32 716 51 15 vore
104 709 33 21 för
157 709 58 27 litet,
240 709 51 21 ville
314 709 83 21 talaren
421 709 72 21 erinra
516 711 31 19 att
569 709 122 28 landgrund
713 709 70 27 förut,

33 744 68 28 enligt
117 743 57 22 hvad
189 744 84 21 talaren
289 743 50 22 ville
356 743 94 28 minnas,
466 744 117 21 beräknats
599 743 33 21 till
648 743 77 22 endast
741 745 39 20 ett-

33 779 85 20 hundra
146 778 93 27 famnar,
260 778 103 21 hvarföre
386 785 50 14 man
459 779 67 21 borde
549 779 53 27 nöja
623 779 34 27 sig
679 778 49 22 med
751 780 32 19 att

33 814 79 21 måttet
139 813 165 26 fördubblades,
328 813 140 28 synnerligen
488 820 46 14 som
555 813 166 28 bestämningen
745 820 36 14 en-

33 849 41 29 ligt
89 848 96 21 talarens
201 848 56 28 åsigt
273 847 76 22 endast
365 847 71 29 gällde
452 849 115 21 strömmar
577 848 41 21 och
628 848 88 29 insjöar,
732 848 50 21 men

33 883 90 22 alldeles
143 883 48 21 icke
210 883 82 28 saltsjö,
313 883 71 21 såsom
399 883 122 28 Blomqvist
540 883 114 21 förmenat.
689 883 93 22 Talaren

33 918 148 21 återhemtade
197 918 38 21 sitt
250 917 119 29 påstående
385 925 35 14 om
435 919 130 20 momentets
581 917 165 28 godkännande.

101 952 223 29 Landtdagsmannen
341 952 196 28 Kumpulainen
561 952 147 21 understödde
731 952 52 21 Kla-

33 988 41 21 mis
89 987 83 28 förslag
188 989 31 19 att
233 987 98 28 punkten
347 987 67 21 borde
430 987 131 21 oförändrad
576 989 97 26 antagas.

101 1022 223 28 Landtdagsmannen
340 1022 148 28 Blomgvist
503 1021 125 29 upprepade
640 1022 37 21 sitt
687 1022 96 27 yrkande

35 1057 39 21 och
90 1057 51 20 ville
152 1057 57 20 fästa
220 1057 97 20 ständets
328 1057 193 27 uppmärksamhet
532 1056 75 29 derpä,
623 1058 32 19 att
665 1057 119 20 trehundra

33 1092 85 20 famnar
134 1092 52 19 utan
203 1091 66 28 något
285 1091 64 20 mehn
365 1091 73 20 kunde
453 1091 132 20 bestämmas
595 1091 7 20 i
614 1090 103 21 afseende
728 1091 13 20 &
751 1091 33 20 sä-

35 1126 56 21 dana
107 1127 65 25 orter,
193 1125 38 21 der
246 1127 74 19 vatten
335 1125 79 21 funnes
429 1125 134 28 tillräckligt.
593 1125 44 20 Det
651 1125 76 28 gäfves
742 1125 42 20 vis-

36 1160 93 27 serligen
154 1160 88 26 ställen,
265 1159 39 21 der
324 1159 74 21 trettio
419 1159 40 21 och
479 1159 34 21 till
533 1159 41 21 och
589 1159 50 21 med
653 1159 30 21 tio
700 1159 85 21 famnar

35 1201 52 14 vore
107 1194 34 21 för
161 1194 97 27 mycket,
281 1199 50 15 men
351 1193 82 21 sådana
448 1193 78 21 ställen
541 1200 52 14 vore
609 1193 36 20 det
659 1193 48 20 icke
723 1193 62 28 fråga

36 1235 41 14 om.
107 1228 12 21 I
134 1228 66 27 öfrigt
214 1227 78 28 påstod
307 1227 95 26 talaren,
425 1234 46 14 som
487 1227 67 28 ansåg
569 1227 66 21 saken
652 1227 67 21 redan
734 1234 52 14 vara

36 1262 127 27 tillräckligt
179 1261 136 27 diskuterad,
331 1262 143 27 omröstning.

103 1295 222 28 Landtdagsmannen
347 1295 191 28 Pohjalainen
563 1295 80 28 gillade
669 1295 116 21 utskottets

37 1331 88 26 förslag.

105 1363 222 28 Landtdagsmannen
346 1363 106 20 Brusila
472 1363 82 20 vidhöll
574 1362 98 21 deremot
688 1363 32 20 sin
737 1362 49 22 med

37 1398 122 29 Blomgvist
173 1397 86 29 yttrade
275 1397 238 22 öfverensstämmande
529 1396 95 30 mening.
