975 1703
203 137 40 21 744
489 143 38 15 Den
540 142 9 16 7
563 141 49 22 april.

240 201 221 28 Landtdagsmannen
480 201 91 20 Klami
588 201 104 27 föreslog,
713 203 31 18 att
759 201 75 20 Lahtis
849 201 71 20 banan

173 235 68 21 måtte
256 235 75 21 ställas
346 236 7 19 i
369 235 70 28 fjerde
455 237 99 19 rummet.

241 269 221 28 Landtdagsmannen
473 269 113 21 Brusila
600 269 58 27 ville,
669 271 32 19 att
711 269 98 28 anslaget
820 269 33 21 för
861 269 60 27 jern-

174 305 70 26 vägen
261 304 65 21 borde
343 304 73 21 ställas
432 304 45 20 sist.

242 338 221 28 Landtdagsmannen
486 337 71 21 Keto
580 345 38 13 var
638 344 52 14 ense
711 338 49 20 med
779 338 87 20 Brusila
882 339 40 19 och

174 372 107 27 erinrade,
302 372 102 21 hurusom
424 373 23 20 af
460 372 57 21 hvad
530 372 112 21 Pelkonen
660 379 34 14 om
710 372 77 21 Lahtis
802 372 70 21 banan
890 380 32 13 se-

175 408 49 20 nast
244 408 74 26 yttrat,
339 407 122 27 framginge
483 408 31 19 att
534 407 65 27 ingen
616 407 23 20 af
653 407 42 20 den
710 406 85 21 komme
812 408 31 20 att
858 407 65 21 hafva

174 441 94 21 särdeles
284 448 64 21 gagn.

242 475 221 29 Landtdagsmannen
481 476 86 20 Klami
585 476 92 27 yttrade,
701 478 31 18 att
754 476 75 21 Lahtis
852 476 71 21 banan

174 510 88 20 komme
278 512 32 18 att
325 512 78 26 utgöra
419 518 26 13 en
460 510 141 28 fortsättning
616 510 24 20 af
654 510 134 21 Tavastehus
804 511 71 20 banan
891 511 32 20 till

175 544 98 28 Päijäne,
294 544 85 21 säledes
400 545 31 20 till
453 545 82 21 midten
556 545 23 21 af
596 545 80 20 landet.
707 545 48 21 Den
773 545 87 21 komme
876 545 47 21 icke

176 578 91 22 allenast
283 580 31 19 att
331 579 41 21 öka
388 579 91 21 trafiken
496 580 12 20 å
523 580 41 20 den
580 580 125 20 nuvarande
721 579 78 27 banan,
815 581 52 19 utan
883 580 41 20 ock

175 613 82 21 tillföra
276 613 112 21 trakterna
409 614 101 28 omkring
526 614 65 28 sagde
609 614 32 27 sjö
657 614 78 28 många
751 614 101 21 fördelar.
883 614 40 21 Ta-

174 648 61 21 laren
251 648 124 28 upprepade
391 648 86 21 derföre
494 649 36 20 sitt
546 649 88 28 förslag.

243 682 221 28 Landtdagsmannen
484 683 144 21 Pelkonen
649 683 108 21 instämde
779 683 48 21 med
843 683 80 21 Klami.

175 709 20 28 Ä
217 716 91 28 Päijäne
331 724 50 14 vore
404 717 97 21 rörelsen
520 725 29 13 nu
569 717 66 24 redan
655 718 80 28 ganska
754 720 49 19 stor.
835 718 88 21 Tvenne

175 751 72 21 städer
266 752 86 20 komme
373 754 31 18 att
424 759 78 21 genom
518 752 75 21 Lahtis
610 745 69 28 banan
692 752 65 22 hafva
773 753 150 21 kommunika-

175 785 45 21 tion
236 786 50 21 med
300 786 85 21 kusten.
415 786 64 22 Hvad
494 786 57 22 Keto
567 787 98 21 häremot
676 788 100 20 anmärkt
786 795 51 14 vore
849 788 76 20 endast

176 822 58 19 toma
249 820 79 21 inkast.

244 854 221 28 Landtdagsmannen
485 856 97 20 Uotila
600 856 76 21 trodde
693 856 146 21 Tammerfors
854 856 70 21 banan

176 888 53 22 böra
245 889 82 28 byggas
343 890 46 20 före
405 890 76 21 Lahtis
497 890 78 21 banan.

244 924 222 28 Landtdagsmannen
493 925 101 21 Simula
620 932 38 14 var
684 932 51 14 ense
760 926 48 21 med
831 926 93 20 Brusila.

175 958 76 21 Lahtis
270 958 72 21 banan
362 959 63 21 ledde
443 960 25 26 ju
488 960 33 20 till
540 960 101 20 stranden
659 960 23 20 af
696 966 26 14 en
739 961 39 27 sjö,
802 960 37 21 der
856 960 68 21 under

176 993 85 21 vintern
277 993 48 21 icke
341 993 77 21 funnes
434 996 66 18 annat
516 996 27 18 än
560 1001 24 13 en
602 994 39 27 sjö.

243 1027 224 28 Landtdagsmannen
486 1029 15 20 A
508 1028 64 21 kola
589 1028 92 27 begärde
697 1029 142 28 omröstning.

243 1061 222 28 Landtdagsmannen
481 1062 125 21 Puhakka
617 1063 67 28 ansåg
692 1063 121 28 jernvägen
824 1063 34 21 till
869 1063 56 21 Lah-

176 1095 26 20 tis
218 1095 53 21 böra
286 1096 77 27 föregå
378 1096 270 29 kanaliseringsarbetena.

244 1130 84 21 Genom
351 1131 136 28 omröstning
509 1132 134 21 förkastades
665 1132 48 21 med
734 1133 24 20 17
780 1135 69 18 röster
868 1136 57 17 emot

177 1165 25 20 16
223 1164 84 21 Klamis
326 1165 91 27 förslag;
441 1168 58 18 emot
518 1166 83 21 hvilket
623 1166 70 21 beslut
713 1168 159 19 reservationer
888 1175 37 13 an-

176 1199 77 20 mältes
269 1199 23 20 af
306 1199 208 28 landtdagsmännen
530 1201 113 26 Puhakka,
659 1201 169 28 Kumpulainen,
845 1202 80 21 Liima-

177 1233 81 26 tainen,
274 1232 74 21 Klami
363 1234 40 19 och
418 1234 138 27 Warpenius.

244 1265 221 29 Landtdagsmannen
481 1268 115 21 Brusila
611 1269 106 27 föreslog,
734 1271 31 18 att
777 1269 103 28 anslagen
893 1271 32 19 till

177 1300 89 21 kanaler
285 1301 67 20 måtte
373 1303 106 26 upptagas
499 1303 6 20 i
527 1303 70 27 fjerde
612 1305 95 19 rummet
723 1303 40 21 och
779 1304 98 28 anslaget
892 1305 33 20 för

176 1335 134 22 Lemströms
326 1336 65 21 kanal
407 1337 90 21 framför
513 1337 26 21 de
556 1337 75 28 öfriga.

244 1371 220 28 Landtdagsmannen
480 1373 134 20 Pelkonen
632 1373 75 22 trodde
723 1373 37 22 det
770 1374 74 21 kunna
856 1375 69 21 öfver-

176 1406 82 21 lemnas
282 1406 32 21 till
338 1407 107 28 styrelsen
465 1409 31 19 att
517 1408 119 22 bestämma
659 1409 74 22 hvilka
756 1409 169 29 kanaliserings-

176 1440 90 23 arbeten
282 1448 45 15 som
345 1441 65 22 borde
426 1442 74 29 föregå
516 1443 26 21 de
558 1443 73 21 andra.
