967 1706
198 117 41 23 584
481 125 36 17 Den
526 124 23 17 24
561 128 52 14 mars.

238 183 223 27 Landtdagsmannen
481 183 118 22 Heikura
622 190 37 15 var
682 184 24 20 af
726 190 83 16 samma
831 186 89 28 mening

170 224 46 14 som
232 217 170 27 Kumpulainen.

238 251 223 28 Landtdagsmannen
477 245 108 35 Östring
600 252 114 28 godkände
730 253 29 28 pä
773 253 58 27 skäl,
846 253 74 21 hvilka

170 286 42 21 han
236 286 68 27 ansäg
327 285 138 29 öfverflödigt
487 288 32 19 att
541 293 108 22 upprepa,
672 287 118 21 utskottets
814 294 105 15 samman-

168 320 217 28 jemkningsförslag.

237 354 222 29 Landtdagsmannen
488 354 110 22 Simolin
625 356 115 27 godkände
760 357 83 27 jemväl
866 364 54 14 sam-

170 389 293 28 manjemkningsförslaget,
483 390 57 21 helst
560 390 102 21 särskilta
682 390 124 29 eftergifter
824 391 7 21 i
849 391 72 21 karta-

171 424 188 28 sigillataafgiften
380 424 71 21 blifvit
471 424 76 28 gjorda
565 424 46 28 just
631 424 49 22 med
701 424 102 22 afseende
823 424 52 22 derä
890 427 31 20 att

171 458 43 22 alla
228 458 87 22 komme
331 460 32 20 att
377 458 73 21 betala
464 458 51 21 lika.

238 493 223 29 Landtdagsmannen
476 493 181 21 Teräsrautila
672 500 38 14 var
725 500 52 14 ense
792 494 50 21 med
852 494 68 21 Kum-

170 527 110 28 pulainen.

238 562 224 28 Landtdagsmannen
481 562 126 28 Hagman
627 562 96 28 yttrade,
744 564 31 19 att
794 562 43 22 han
853 563 27 27 pä
896 564 26 20 de

172 596 57 28 skäl,
256 596 83 28 hvarpä
361 596 97 22 ständets
481 597 58 21 förra
562 597 71 21 beslut
655 597 57 21 varit
734 596 118 29 grundadt,
874 598 48 20 icke

171 631 73 21 kunde
269 631 88 21 förorda
381 637 28 15 en
430 631 87 28 förhöjd
537 631 225 29 kartasigillataafgift
786 631 34 21 för
843 632 79 22 bonde-

172 665 93 21 ständet.

238 699 223 29 Landtdagsmannen
477 700 97 21 Simula
591 707 38 14 var
643 707 51 15 ense
709 700 50 22 med
772 700 108 28 Hagman.

240 734 222 28 Landtdagsmannen
483 734 121 22 Tiainen
627 734 113 27 förmälte,
760 736 32 20 att
808 734 44 22 han
867 735 8 20 i
890 737 33 19 ut-

173 769 82 21 skottet
269 769 29 28 pä
313 769 39 21 allt
367 770 44 20 sätt
425 769 85 21 försökt
525 769 150 28 genomdrifva
686 771 32 19 att
729 770 109 27 allmogen
854 770 69 21 skulle

172 803 73 21 betala
266 803 77 21 endast
361 803 84 21 hälften
465 806 46 18 mot
532 804 77 26 andra,
625 810 50 14 men
690 804 74 20 blifvit
779 804 145 28 öfverröstad;

172 845 30 14 nu
214 838 51 21 ville
279 838 96 27 talaren,
389 839 32 20 att
433 838 86 21 ståndet
532 838 69 21 skulle
616 838 95 21 vidhålla
723 838 37 21 sitt
772 838 58 22 förra
845 839 78 21 beslut.

241 872 222 28 Landtdagsmannen
486 873 71 21 Keto
581 873 68 28 ansäg
668 872 49 22 icke
737 873 47 21 skäl
806 872 118 23 förefinnas

173 909 31 19 att
224 907 75 21 bifalla
319 906 35 22 till
372 906 117 22 utskottets
505 907 91 28 förslag,
619 908 57 20 helst
691 915 51 13 man
757 908 67 21 redan
840 909 46 27 gått
901 908 23 21 in

172 941 58 28 uppä
246 941 100 27 förhöjda
360 942 272 28 mantalspenningar,
596 937 38 37 för
647 943 32 19 att
695 941 150 22 ästadkomma
852 943 72 27 jemn-

171 975 69 21 likhet
260 975 78 21 deruti.
372 975 35 21 Då
428 976 43 20 alla
491 975 91 22 stånden
603 976 72 20 blifvit
695 976 111 21 likställda
826 976 50 21 med
891 977 31 20 af-

173 1009 80 27 seende
273 1010 12 20 &
303 1010 136 28 rättigheter,
459 1010 51 21 ville
525 1010 84 21 talaren
625 1010 64 21 äfven
704 1010 112 28 samtycka
831 1010 33 21 till
880 1011 44 21 lika

172 1044 120 27 utskylder.

241 1077 222 29 Landtdagsmannen
479 1078 128 21 Puhakka
623 1078 114 27 godkände
753 1079 117 20 utskottets
880 1079 44 20 för-

172 1112 56 27 slag,
252 1112 91 21 emedan
362 1113 43 20 han
421 1113 68 27 ansåg
504 1112 59 21 detta
578 1119 53 14 vara
647 1115 31 18 ett
693 1114 49 27 steg
757 1113 88 26 framåt,
869 1115 55 18 samt

172 1146 86 27 tillade,
273 1147 32 20 att
321 1153 33 14 om
371 1153 50 14 man
437 1147 89 28 började.
541 1146 68 21 strida
624 1147 7 20 i
647 1147 81 21 sådana
744 1147 117 26 småsaker,
877 1155 46 13 som

172 1180 174 28 ifrågavarande,
361 1181 91 20 stånden
468 1181 71 21 blefve
555 1181 39 21 allt
609 1187 46 15 mer
670 1181 40 21 och
725 1188 47 14 mer
787 1181 70 21 skilda
867 1181 57 22 ifrån

173 1211 128 36 hvarandra.
580 1245 18 2 W

240 1282 89 21 Ankom
352 1289 27 14 en
401 1282 126 28 deputation
550 1283 48 20 frän
620 1282 153 28 ridderskapet
796 1283 39 20 och
854 1282 70 27 adeln,

173 1315 78 22 anförd
271 1316 23 21 af
307 1315 50 22 herr
373 1318 137 26 guvernören
526 1317 68 21 baron
609 1324 42 14 von
667 1316 71 27 Troil,
761 1316 88 22 hvilken
865 1317 59 21 med-

173 1351 84 26 delade,
273 1353 31 19 att
320 1351 152 29 ridderskapet
487 1351 40 22 och
542 1351 65 22 adeln
623 1353 28 27 pä
665 1351 163 28 framställning
842 1351 24 22 af
874 1351 51 22 herr

173 1385 202 22 landtmarskalken
396 1386 40 21 och
456 1386 7 21 i
482 1386 97 29 enlighet
594 1387 50 21 med
655 1386 269 29 talemanskonferensens

173 1420 7 21 i
196 1421 38 32 går
251 1420 73 23 derom
340 1421 83 22 fattade
439 1421 80 28 beslut,
538 1422 34 21 för
587 1423 33 20 att
634 1421 114 31 påskynda
762 1421 162 30 behandlingen
