989 1703
209 134 41 23 972

249 200 71 22 Sedan
340 200 96 21 anmäldt
451 199 72 22 blifvit
539 201 31 20 att
585 199 163 29 presterskapet
764 207 78 21 genom
858 201 74 27 proto-

179 235 136 28 kollsutdrag
337 234 171 28 tillkännagifvit
531 235 33 28 sig
581 234 49 21 icke
648 235 75 20 kunna
737 235 93 21 berörda
844 234 88 29 inbjud-

180 270 53 28 ning
248 271 87 26 antaga,
351 269 36 21 vid
400 269 84 21 hvilket
499 269 136 21 förhållande
651 269 73 28 någon
739 276 127 21 gemensam
876 269 56 28 peti-

180 304 45 21 tion
245 304 24 21 af
285 303 113 28 samtelige
414 303 91 22 stånden
521 303 7 21 i
544 303 90 21 ärendet
650 303 55 28 icke,
721 304 72 21 såsom
809 304 71 21 afsedt
895 311 37 14 va-

179 339 36 26 rit,
231 339 72 20 kunde
317 338 166 26 åstadkommas,
500 338 70 20 beslöt
581 337 158 22 bondeståndet
749 344 79 22 genom
840 340 91 20 omröst-

180 373 53 27 ning
248 374 32 20 att
294 372 45 21 låta
355 372 67 21 saken
437 372 94 21 förfalla.

209 436 40 21 N:o
266 436 48 21 200.
427 435 56 21 Den
499 436 12 20 2
527 435 68 28 april
611 436 70 21 1864.

247 476 124 28 Föredrogs
391 477 156 19 sammansatta
567 475 124 22 ekonomie-
711 476 40 21 och
766 476 165 29 bevillningsut-

179 511 92 21 skottets
291 510 138 21 betänkande
450 518 35 14 n:o
505 511 18 26 1,
543 510 7 21 i
565 510 120 28 anledning
700 511 23 21 af
737 510 80 29 nådiga
832 511 98 29 proposi-

179 546 74 20 tionen
277 544 112 29 angående
412 544 143 28 tillverkning
577 544 40 22 och
639 544 132 29 försäljning
788 546 24 20 af
828 546 102 27 bränvin;

179 580 39 21 och
233 579 105 21 stannade
353 579 159 21 bondeståndet
527 578 76 22 dervid
617 579 8 21 i
641 578 76 22 sådant
731 579 78 28 beslut,
824 582 33 19 att
873 581 57 21 stån-

178 614 37 22 det
229 614 62 21 biföll
307 614 73 21 dertill
395 615 32 20 att
442 614 75 28 afsäga
532 614 33 28 sig
575 613 355 30 husbehofsbränvinsbrännings-

177 649 135 28 rättigheten
333 648 39 21 och
390 648 71 21 tillåta
475 648 248 29 bränvinstillverkning
737 649 7 20 i
760 648 96 22 fabriker
872 651 59 20 emot

178 683 58 22 skatt
259 683 33 20 till
315 682 90 27 kronan,
429 683 65 20 sedan
515 683 20 28 ej
556 683 92 20 allenast
664 683 137 28 jordskatten
818 683 54 22 eller
887 684 43 21 alla

177 719 48 20 från
241 717 80 29 jorden
339 717 110 28 utgående
463 717 113 28 utskylder
591 717 34 21 till
640 717 91 28 kronan,
747 718 71 21 såsom
834 718 96 29 gärdehö

177 760 28 14 m.
226 760 36 20 m.,
282 753 53 20 utan
356 751 41 22 ock
413 752 153 28 skyldigheten
581 752 34 21 till
630 752 204 28 militärunderhåll,
850 753 80 29 skjuts-

177 787 60 28 ning,
260 788 51 27 väg-
334 786 39 21 och
396 786 143 29 brobyggnad
559 787 86 28 aflyftas
663 787 49 21 från
725 787 79 28 jorden
820 788 40 21 och
873 789 57 27 jemt

177 821 95 28 fördelas
288 821 28 28 på
331 821 85 21 landets
433 821 42 21 alla
491 821 194 21 samhällsklasser.

205 856 40 21 N:o
262 856 48 21 201.

244 889 123 29 Föredrogs
391 889 153 29 lagutskottets
567 889 138 22 betänkande
727 897 35 14 n:o
783 892 33 26 25,
833 891 7 21 i
855 892 73 21 anled-

176 925 54 28 ning
249 925 24 20 af
291 924 28 21 H.
339 923 27 22 K.
385 924 51 21 M:ts
455 924 80 29 nådiga
549 924 135 29 proposition
700 925 113 28 angående
828 926 101 28 tryckfri-

176 959 37 21 het
227 959 8 21 i
249 958 96 21 Finland
360 958 39 22 och
415 958 99 22 vilkoren
529 959 34 21 för
578 959 49 21 dess
643 959 149 28 begagnande.

243 993 86 21 Bifölls.

204 1027 42 21 N:o
262 1028 48 20 202.
423 1027 56 21 Den
494 1028 13 20 4
523 1027 68 29 april
609 1028 69 20 1864.

243 1061 124 28 Föredrogs
382 1061 178 22 bankutskottets
575 1062 83 28 förslag
670 1062 34 21 till
715 1063 214 29 sammanjemkning

175 1096 24 20 af
220 1096 128 20 ständernas
371 1096 58 20 olika
451 1096 72 21 beslut
543 1096 7 20 i
569 1096 102 21 afseende
687 1097 13 21 å
715 1097 58 21 vissa
788 1097 60 21 delar
863 1098 24 21 af
899 1098 29 22 H.

175 1129 28 21 K.
219 1130 50 20 M:ts
285 1129 80 29 nådiga
379 1130 136 28 proposition
531 1130 114 28 angående
660 1131 108 27 styrelsen
784 1132 40 20 och
839 1132 89 22 förvalt-

175 1164 82 27 ningen
273 1163 24 21 af
310 1163 105 21 Finlands
431 1164 64 21 bank.

242 1197 117 28 Förslaget
374 1198 74 21 bifölls
464 1198 113 28 angående

245 1232 20 27 1)
281 1238 64 14 mom.
361 1232 20 26 3,
397 1232 135 21 beträffande
547 1232 82 21 antalet
645 1233 24 20 af
681 1233 205 28 bankfullmäktige.

243 1266 22 26 2)
281 1271 65 14 mom.
363 1266 33 26 12,
415 1266 92 20 rörande
526 1266 97 21 bankens
639 1267 115 27 öppnande
770 1267 33 21 till
818 1268 109 22 silfverut-

174 1299 95 28 vexling,
285 1299 40 21 och

243 1334 22 27 3)
281 1340 64 14 mom.
362 1334 32 27 19,
411 1334 112 29 angående
538 1335 78 28 högsta
631 1335 154 30 lånebeloppet
800 1337 40 21 och
856 1344 27 15 en
894 1345 33 15 re-

175 1368 236 29 daktionsförändring.

242 1403 176 22 Vidkommande
438 1403 71 29 öfriga
523 1404 8 21 i
546 1404 107 29 förslaget
667 1407 113 28 upptagna
795 1407 131 29 omständig-

175 1438 63 21 heter
253 1437 82 23 vidhöll
351 1438 86 23 ståndet
453 1439 37 22 sitt
505 1439 77 22 beslut.
