978 1703
355 121 37 16 Den
404 121 12 17 9
427 120 49 23 april.
725 116 41 20 773

51 180 99 29 korligen
166 180 91 22 behöfde
273 180 128 29 penningar,
417 180 85 23 ståndet
512 180 137 29 beredvilligt
659 181 67 21 borde
738 188 55 14 sam-

51 215 64 28 tycka
129 215 35 21 till
178 215 129 28 bevillning,
326 215 95 21 särdeles
436 216 24 21 så
474 215 108 27 fördelad,
597 222 46 14 som
658 223 30 14 nu
703 216 90 21 föresla-

50 250 49 28 gits.
128 249 65 22 Flere
207 250 59 20 inom
282 249 85 22 ståndet
383 251 73 27 syntes
471 249 35 22 väl
522 249 53 29 hysa
590 249 42 21 den
646 250 99 28 mening,
762 252 31 20 att

51 283 249 29 bränvinsbränningen,
315 283 34 21 till
363 283 56 29 följd
434 284 23 21 af
470 285 33 20 tre
518 283 72 21 ständs
605 284 81 27 beslut,
706 284 87 22 komme

51 319 31 20 att
102 318 38 21 ske
160 318 7 21 i
187 318 96 21 fabriker
298 317 40 22 och
353 319 33 19 att
400 318 27 21 de
442 318 80 28 nödiga
536 318 86 21 medlen
638 318 69 21 skulle
723 319 70 21 erhål-

49 352 33 21 las
101 357 80 23 genom
196 351 197 21 bränvinsskatten.
423 351 94 22 Talaren
532 351 50 22 ville
598 352 55 21 dock
668 352 56 21 fästa
739 359 54 22 upp-

49 385 176 22 märksamheten
241 385 73 29 derpå,
331 387 31 20 att
376 385 158 22 bondeståndet
543 385 47 22 icke
600 386 80 21 bifallit
690 387 34 20 till
735 387 58 21 skatt

50 421 13 21 å
84 420 115 22 bränvinet
218 420 40 21 och
277 421 33 20 att
329 419 126 28 derigenom
475 420 83 21 således
576 419 48 22 icke
642 420 70 22 heller
726 421 67 29 något

49 455 61 22 stode
132 456 33 20 att
186 454 89 22 erhålla.
309 454 107 21 Behofvet
436 454 66 22 borde
522 454 85 21 derföre
627 455 64 28 fyllas
713 463 79 20 genom

49 489 126 28 bevillning.
208 489 46 22 Och
275 489 67 28 ansåg
361 489 84 22 talaren
465 489 48 27 den,
534 489 51 21 med
602 489 102 22 afseende
720 491 12 20 å
748 497 44 15 om-

49 524 94 22 nämnda
163 523 134 22 förhållande
315 523 135 21 beträffande
465 523 200 28 bränvinsskatten,
688 525 53 21 böra
756 533 36 13 an-

49 559 42 21 slås
107 558 33 21 till
155 558 48 28 fyra
217 558 83 28 gånger
315 558 36 21 det
365 558 125 28 föreslagna
505 558 107 29 beloppet.
641 558 94 22 Belades
746 560 47 21 der-

49 594 39 21 hos
104 593 21 21 öl
141 593 40 21 och
196 592 65 22 tobak
277 592 50 22 med
341 594 61 20 extra
420 593 129 28 bevillning,
569 595 55 19 samt
639 593 26 21 de
680 600 112 22 personer,

49 628 85 22 hvilkas
149 634 52 15 rena
216 627 97 21 inkomst
327 627 49 21 icke
392 628 122 28 öfverstege
529 628 129 21 femhundra
672 628 72 27 mark,
760 629 32 21 så-

49 670 46 14 som
115 662 51 21 herr
186 669 40 14 von
247 662 59 21 Born
325 662 32 21 uti
376 662 32 21 sin
422 662 132 21 reservation
572 664 58 19 emot
644 662 149 22 betänkandet

49 697 121 27 föreslagit,
185 696 50 21 med
249 703 28 14 en
291 696 102 28 personel
408 696 119 28 bevillning
542 696 24 21 af
578 696 27 21 40
620 697 67 27 penni
697 697 34 20 för
742 704 49 14 man

48 732 40 22 och
103 732 28 21 20
145 731 66 28 penni
231 730 34 22 för
285 730 86 29 qvinna,
394 731 70 21 skulle
479 731 69 28 enligt
562 730 94 22 talarens
672 731 120 29 beräkning

48 767 50 21 hela
116 766 149 28 bevillningen
284 765 88 22 komma
391 767 31 20 att
442 765 34 22 för
495 765 47 22 året
556 766 73 28 uppgå
643 765 33 22 till
692 766 100 29 omkring

48 801 43 22 fem
111 801 102 28 miljoner
233 799 251 23 etthundrasextiotusen
504 800 68 21 mark.
602 800 66 22 Detta
683 808 51 14 vore
750 801 41 21 vis-

49 835 95 29 serligen
164 835 65 28 något
249 841 60 14 mera
329 835 28 20 än
377 834 56 22 hvad
455 841 46 14 som
525 834 135 21 erfordrades
682 835 33 21 till
735 835 56 22 utfö-

48 870 67 23 rande
135 869 24 22 af
177 869 26 22 de
222 869 50 22 utaf
289 868 87 22 ståndet
395 869 112 22 beslutade
526 869 99 27 arbeten;
648 876 50 14 men
714 870 27 21 då
756 870 37 21 det

49 913 50 14 vore
119 906 33 21 att
171 904 99 22 förmoda
290 905 32 20 att
342 903 64 22 äfven
424 904 33 21 till
477 903 113 29 byggande
611 903 24 21 af
648 903 143 23 Tavastehus-

49 939 147 23 Tammerfors
213 939 95 28 jernväg
327 940 56 20 samt
401 938 148 28 kanalisering
562 939 23 21 af
599 938 76 21 Kalkis
691 939 44 21 fors
751 940 40 21 och

49 974 98 29 Jyränkö
168 975 77 26 ström,
265 980 78 22 genom
356 973 116 28 jemkning
487 973 6 21 i
509 973 102 21 ståndens
626 973 82 27 beslut,
730 973 62 22 bifall

48 1008 71 22 skulle
138 1008 83 27 vinnas,
243 1008 53 21 fann
316 1007 84 21 talaren
420 1007 46 21 deri
485 1007 41 21 full
540 1006 117 29 anledning
671 1009 32 18 att
717 1007 75 22 bifalla

48 1043 121 28 bevillning
188 1042 33 21 till
241 1042 38 21 det
297 1041 79 29 belopp
392 1041 84 22 talaren
490 1041 113 29 föreslagit
618 1041 40 22 och
672 1041 74 22 anhöll
760 1043 33 20 att

48 1077 86 22 ståndet
148 1077 67 21 måtte
230 1076 77 21 förena
321 1075 34 30 sig
370 1075 80 22 derom.

115 1111 221 28 Landtdagsmannen
351 1110 160 29 Warpenius
526 1110 95 28 yttrade,
641 1111 33 20 att
686 1111 43 20 han
743 1111 49 20 med

49 1147 72 28 glädje
140 1147 49 20 hört
207 1146 52 21 flere
277 1145 24 22 af
315 1145 95 22 ståndets
426 1145 139 22 medlemmar
580 1144 87 22 förorda
682 1145 61 21 bifall
759 1145 32 21 till

49 1182 42 21 den
113 1180 124 28 föreslagna
260 1179 155 28 bevillningen.
448 1179 45 21 För
513 1179 35 21 sin
566 1178 35 22 del
621 1179 67 28 ansåg
707 1179 84 21 talaren

49 1216 41 21 den
105 1222 61 15 mera
181 1213 63 22 träffa
259 1214 27 21 de
297 1213 66 22 andra
374 1213 97 28 stånden,
482 1215 27 20 än
520 1213 113 28 allmogen.
659 1212 46 22 Och
716 1213 75 21 trodde

48 1250 84 21 talaren
147 1248 159 22 bondeståndet
321 1247 85 22 derföre
422 1248 64 21 också
502 1248 24 21 så
540 1247 86 28 mycket
640 1247 68 22 hellre
718 1247 74 21 kunna

49 1278 59 34 gifva
123 1283 38 21 sitt
175 1282 62 21 bifall
252 1283 33 20 till
300 1282 131 27 densamma,
446 1283 57 20 samt
516 1281 103 22 förenade
635 1281 33 28 sig
682 1281 8 21 i
704 1281 42 21 allo
757 1289 35 13 om

48 1318 57 21 hvad
120 1312 89 32 Östring
223 1317 8 21 i
247 1317 67 21 saken
329 1317 79 21 anfört.

115 1351 222 27 Landtdagsmannen
351 1349 93 22 Klami
461 1349 53 22 fann
528 1349 37 21 det
579 1349 124 27 föreslagna
718 1349 75 21 bevill-

49 1385 168 29 ningsbeloppet
231 1384 48 22 icke
294 1384 63 29 högt,
372 1390 50 15 men
436 1384 73 21 kunde
524 1383 48 21 icke
588 1383 51 29 gilla
654 1383 139 28 Warpenius”

49 1420 112 30 yttrande,
180 1422 31 20 att
229 1419 42 23 den
286 1426 61 15 mera
361 1418 69 23 skulle
447 1418 62 22 träffa
525 1418 26 22 de
566 1418 67 22 andra
648 1417 102 28 stånden,
765 1419 27 20 än
