1000 1709
395 124 38 16 Den
449 124 20 16 11
482 123 48 23 april.
770 117 42 21 829

90 189 52 15 vore
157 182 185 29 gammalmodigt,
359 183 39 21 och
414 185 31 19 att
461 183 150 29 ridderskapet
626 184 40 21 och
677 183 63 22 adeln
751 182 47 22 haft
808 183 34 21 för

90 217 66 27 afsigt
171 218 31 20 att
217 218 73 27 bygga
305 218 33 27 sig
354 219 31 19 ett
400 220 49 26 nytt
464 218 119 22 riddarhus.

158 251 223 29 Landtdagsmannen
405 252 110 22 Simolin
537 253 68 28 ansåg
627 252 94 22 Simulas
741 252 99 21 anmärk-

90 286 54 27 ning
160 286 81 27 derom,
257 288 31 19 att
303 286 138 22 riddarhuset
454 294 51 14 vore
516 288 111 27 gammalt,
638 287 49 21 icke
698 287 96 28 förtjena
804 287 37 21 nä-

90 322 38 26 got
144 320 110 28 afseende,
275 328 42 14 men
331 316 80 26 trodde
426 322 77 28 frägan
519 328 34 14 om
569 322 148 20 riddarhusets
727 321 114 21 inlösande

89 354 34 21 till
139 356 31 20 ett
186 355 127 22 ständernas
328 356 40 21 hus
383 356 56 22 dock
454 356 53 22 böra
522 356 69 28 anstå,
606 356 84 21 tilldess
701 362 50 15 man
762 355 79 27 erfore,

89 388 107 23 huruvida
211 390 72 28 nägon
300 390 103 29 landtdag
418 390 116 22 framdeles
549 391 112 28 verkligen
678 390 102 22 erhölles.

158 424 223 29 Landtdagsmannen
403 425 107 22 Simula
531 426 100 21 erinrade
652 425 92 21 Simolin
760 424 81 27 derom,

90 460 32 19 att
136 459 85 21 talaren
237 460 49 20 icke
301 460 104 21 benämnt
420 460 138 22 riddarhuset
573 460 139 29 ,gammalt*,
724 461 54 20 utan
794 461 47 26 sagt

90 493 77 22 endast
183 496 32 19 att
230 495 37 21 det
283 502 50 14 vore
349 495 213 29 ,gammalmodigt.*

158 528 222 30 Landtdagsmannen
396 530 110 22 Tiainen
522 530 106 28 afstyrkte
643 529 149 22 riddarhusets
809 528 32 22 in-

90 563 97 28 lösande,
208 564 91 22 emedan
319 564 37 22 det
373 564 49 22 icke
437 572 51 14 vore
505 566 71 27 nägon
592 564 109 27 säkerhet,
717 571 35 14 om
767 563 74 22 vidare

89 598 130 28 landtdagar
235 599 101 21 erhölles.
366 600 40 20 Att
421 600 67 21 redan
503 607 29 14 nu
547 600 70 21 inlösa
629 598 145 28 riddarhuset,
785 598 56 22 före-

90 632 52 22 fölle
165 633 83 21 talaren
272 634 93 22 likasom
388 642 34 14 om
445 635 72 28 nägon
535 634 66 29 köpte
620 641 27 14 en
663 634 64 28 kista,
742 636 52 19 utan
810 634 32 20 att

90 674 41 21 ega
146 668 121 28 nägonting
281 670 31 20 att
328 670 55 20 sätta
399 669 32 21 uti
446 669 49 22 den.

158 702 222 30 Landtdagsmannen
400 704 133 33 Paajanen
553 711 38 14 var
611 710 52 15 ense
682 704 50 20 med
751 703 89 21 Simula.

157 737 223 29 Landtdagsmannen
401 732 117 35 Östring
537 738 76 22 trodde
632 738 33 28 sig
679 738 115 25 förmärka,
810 739 32 20 att

90 771 85 22 Simula
197 773 58 21 velat
278 773 32 21 slä
327 773 29 28 pä
371 775 61 25 stort,
448 773 27 21 dä
490 773 83 21 Simula
588 773 64 28 yrkat
667 772 137 29 uppförande
820 772 23 21 af

90 808 32 19 ett
142 810 79 25 grannt
241 808 40 21 och
301 807 101 22 modernt
422 808 46 21 hus.
497 808 40 21 Att
552 808 65 21 döma
632 808 23 20 af
668 807 27 21 de
711 807 81 29 äsigter
808 807 32 21 Si-

90 842 59 21 mula
163 842 7 21 i
187 842 66 29 öfrigt
267 842 70 22 under
352 842 144 29 landtdagens
511 843 102 29 fortgäng
627 843 75 28 yttrat,
720 842 73 22 kunde
809 843 31 20 ta-

89 877 61 21 laren
173 877 55 21 dock
250 878 70 28 aldrig
342 879 41 26 tro,
402 880 32 19 att
450 878 93 22 Simulas
558 877 101 29 yttrande
675 878 7 20 i
696 877 145 21 förevarande

90 912 39 21 sak
148 912 56 22 varit
223 913 126 21 allvarsamt
367 913 94 21 menadt.
495 913 64 21 Hvad
575 912 119 22 beträffade
710 912 41 21 den
767 912 24 20 af
803 912 38 20 nä-

90 954 39 20 gra
152 947 68 21 talare
243 948 86 27 yttrade
352 948 96 27 farhäga,
467 949 32 19 att
517 947 128 28 landtdagar
661 946 116 22 framdeles
792 946 48 21 icke

90 980 86 22 komme
192 984 32 19 att
239 982 101 27 erhällas,
356 983 51 27 säge
423 982 36 21 det
473 982 8 21 i
497 982 78 28 sjelfva
589 981 77 22 verket
681 983 24 19 ut
720 981 71 21 säsom
805 988 35 14 om

90 1015 62 22 desse
168 1016 69 22 talare
252 1017 48 21 icke
316 1016 96 22 önskade
428 1018 31 20 att
474 1017 71 27 någon
561 1016 104 28 landtdag
681 1016 73 21 vidare
771 1015 70 21 erhöl-

90 1050 38 20 les.
158 1050 39 21 Att
212 1051 86 21 ståndet
314 1051 64 21 äfven
393 1051 116 21 framdeles
525 1051 50 20 ville
586 1050 87 21 hyälfva
683 1050 29 28 pä
722 1049 63 22 adeln
796 1050 44 20 olä-

91 1085 109 29 genheten
222 1087 32 20 att
276 1086 59 27 gifva
357 1093 47 13 rum
428 1086 23 21 ät
470 1085 84 21 landets
569 1086 183 27 representanter,
768 1083 72 21 kunde

91 1120 83 21 talaren
198 1120 49 22 icke
270 1120 122 22 förutsätta.
429 1120 93 22 Talaren
545 1118 149 30 protesterade
718 1120 59 20 emot
798 1118 41 21 den

91 1154 94 28 misstro,
205 1162 34 14 om
254 1154 129 29 landtdagar
399 1155 116 21 framdeles
531 1154 100 27 erhölles,
645 1154 89 21 hvilken
750 1152 90 28 somlige

90 1189 69 21 talare
175 1189 71 29 tyckts
262 1197 51 14 vara
329 1189 95 22 särdeles
440 1190 122 28 angelägna
573 1196 34 14 om
618 1190 32 20 att
660 1187 122 22 framhålla.
797 1187 44 21 Det

90 1230 52 15 vore
162 1224 118 21 ständerne
301 1224 100 28 ovärdigt
419 1226 31 20 att
464 1224 60 22 tvifla
539 1224 28 28 på
583 1230 27 14 en
625 1223 111 27 rättighet,
752 1222 88 22 hvilken

90 1258 27 21 de
132 1258 106 28 lagenligt
253 1259 62 27 egde,
330 1259 58 21 helst
404 1258 64 22 äfven
483 1258 120 22 monarken
618 1257 69 21 lofvat
701 1257 59 21 hålla
775 1256 66 28 sagde

90 1292 106 28 rättighet
211 1293 7 20 i
233 1293 72 28 helgd.
335 1292 94 22 Talaren
444 1293 73 21 kunde
532 1292 34 21 för
580 1292 33 21 sin
630 1292 35 20 del
677 1291 48 21 icke
736 1292 66 20 annat
813 1292 27 19 än

90 1326 110 28 tillstyrka
221 1327 60 21 bifall
303 1327 40 21 till'
355 1328 148 20 riddarhusets
524 1326 119 26 inlösande,
659 1328 23 25 ty
698 1332 35 14 om
748 1325 37 21 det
800 1324 40 22 ock

91 1360 48 21 icke
162 1360 87 22 komme
272 1363 32 19 att
326 1361 98 27 uppfylla
447 1360 42 22 alla
512 1360 77 26 vilkor,
609 1360 58 26 finge
682 1358 160 22 bondeständet

92 1394 61 28 dock,
177 1395 69 29 enligt
268 1395 56 22 hvad
347 1395 136 28 ritningarne
507 1394 104 28 utvisade,
631 1400 79 22 genom
728 1392 41 22 den
785 1392 56 21 före-
