967 1703
207 131 40 20 246
491 135 38 16 Den
542 135 21 16 15
577 133 41 18 febr.

246 194 101 21 Derefter
367 193 145 21 framställdes
532 192 97 28 följande
647 192 144 27 proposition:
814 191 49 21 Den
880 198 45 14 som

180 229 126 28 godkänner
316 228 59 21 förra
385 227 148 26 alternativet,
550 233 73 14 svarar
636 227 33 26 ja;
685 226 43 21 den
743 233 44 14 som
799 225 127 28 godkänner

180 263 36 20 det
231 269 86 20 senare,
334 269 74 14 svarar
423 262 43 27 nej.

247 296 135 22 Besvarades
398 296 48 21 med
462 296 26 20 25
501 295 24 28 ja
541 295 40 21 och
596 295 12 21 6
624 295 43 28 nej.

249 331 46 21 Och
311 331 46 20 blef
370 331 57 27 förty
444 330 58 21 förra
517 329 139 21 alternativet
671 329 24 20 af
709 329 85 21 ståndet
810 330 96 26 antaget.

247 365 222 27 Landtdagsmannen
484 364 71 21 Keto
570 363 140 21 reserverade
726 363 39 27 sig.

247 399 136 28 Ytterligare
399 400 77 27 antogs
491 404 76 15 senare
583 398 140 20 alternativet
740 398 8 20 i
766 398 52 20 sista
832 404 96 14 momen-

180 436 31 19 tet
226 434 24 20 af
263 434 22 27 8,
300 434 33 20 till
348 434 55 27 följd
417 433 79 21 hvaraf
508 433 97 27 begäran
621 438 34 15 om
671 431 129 21 inställande
819 432 33 20 för
868 431 60 21 kom-

180 468 156 22 munalnämnd
351 468 69 20 skulle
436 467 96 21 anmälas
548 466 77 22 endast
639 466 40 21 hos
693 466 175 21 kronolänsman.

249 502 149 21 Talemannen
421 502 147 27 tillkännagaf
587 503 32 19 att
641 500 151 22 diskussionen
816 500 113 29 angående

180 536 165 29 ifrågavarande
366 536 80 22 ärende
466 536 86 22 komme
571 537 32 20 att
619 536 111 20 fortsättas
745 534 36 22 vid
796 536 62 20 nästa
874 541 54 14 sam-

180 572 120 20 manträde.

248 640 124 27 Föredrogs
395 639 169 22 bondeståndets
587 639 184 22 besvärsutskotts
791 639 138 21 betänkande

181 675 7 19 i
204 675 118 27 anledning
341 675 23 20 af
379 675 40 19 hos
435 674 85 21 ståndet
535 674 65 20 väckt
615 674 63 27 fråga
693 681 33 13 om
743 673 135 28 underdånig
894 680 36 21 pe-

181 708 63 21 tition
259 708 92 21 rörande
368 708 240 28 ministeransvarighet
619 708 33 21 för
662 708 70 21 finska
743 708 118 28 styrelsens
872 707 58 21 med-

181 743 97 21 lemmar.

249 777 222 27 Landtdagsmannen
495 771 110 33 Östring
627 777 85 27 yttrade
732 778 32 20 att
784 784 46 14 som
850 777 80 21 bonde-

182 811 87 21 ståndet
287 812 90 27 nyligen
398 812 27 27 på
445 811 132 28 inbjudning
597 811 24 21 af
639 811 152 28 ridderskapet
811 812 40 20 och
867 811 63 21 adeln

182 846 85 20 förenat
283 846 34 28 sig
331 846 8 20 i
354 846 23 20 af
391 846 50 20 herr
456 845 92 21 friherre
564 845 108 28 Carpelan
688 846 40 20 och
741 846 51 20 herr
803 846 127 28 Törnegren

182 880 39 20 hos
241 880 152 28 ridderskapet
413 880 40 21 och
474 880 63 20 adeln
556 880 65 20 väckt
641 880 82 28 förslag
738 880 33 20 till
786 880 92 28 petition
894 887 37 13 an-

182 914 84 28 gående
282 915 173 27 reorganisation
471 914 24 21 af
508 914 119 28 kejserliga
643 916 88 19 senaten
742 915 34 20 för
786 914 94 22 Finland
892 914 40 21 och

183 949 250 27 ministeransvarighet,
449 948 40 22 och
501 948 27 22 då
538 948 71 22 denna
620 948 39 21 sak
668 948 133 28 hänskjutits
812 948 32 22 till
856 948 76 22 bered-

182 984 53 27 ning
251 983 22 21 af
287 983 127 21 ständernas
430 983 110 21 allmänna
555 983 182 27 besvärsutskott;
757 984 63 20 alltså
836 983 96 28 föreslog

183 1018 82 20 talaren
281 1019 32 18 att
329 1018 63 20 äfven
408 1018 166 27 ifrågavarande
593 1018 90 25 ärende,
707 1018 70 20 såsom
793 1018 41 21 ock
849 1018 83 20 utskot-

183 1053 30 19 tet
229 1051 123 28 föreslagit,
368 1052 73 21 kunde
456 1051 124 22 remitteras
595 1051 34 21 till
639 1051 110 21 allmänna
759 1052 173 21 besvärsutskot-

182 1087 41 25 tet,
247 1093 46 13 som
312 1086 54 27 egde
387 1088 51 25 taga
459 1086 119 21 detsamma
598 1086 7 20 i
626 1086 160 27 öfvervägande
802 1087 7 20 i
825 1093 106 14 samman-

182 1120 58 28 hang
262 1120 50 21 med
335 1120 127 21 förberörda
483 1120 40 21 hos
546 1119 152 29 ridderskapet
721 1120 39 21 och
782 1120 64 22 adeln
866 1121 65 21 fram-

182 1154 78 21 ställda
275 1154 88 28 förslag.

249 1188 86 22 Bifölls.

251 1222 161 22 Sammnträdet
427 1224 54 20 slöts
496 1223 93 21 klockan
607 1224 25 20 12
646 1224 29 27 på
689 1226 83 18 natten.

710 1276 20 15 In
743 1274 61 18 fidem:

680 1302 55 19 Karl
759 1300 81 22 Limön.
