975 1706
374 117 38 17 Den
419 98 23 54 [A
449 109 48 35 april.
737 111 40 21 759

58 177 47 27 hof,
126 178 101 21 hvarföre
247 178 37 21 det
302 178 8 20 i
330 176 148 23 betänkandet
497 177 124 29 föreslagna
642 176 162 30 tillverknings-

58 212 103 28 beloppet
176 212 32 21 till
224 212 66 28 sagde
304 212 80 28 belopp
400 212 67 21 borde
482 212 116 21 nedsättas.

124 246 222 28 Landtdagsmannen
373 246 132 28 Paajanen
530 254 38 13 var
591 246 24 21 af
635 253 82 15 samma
739 247 65 21 tanke

58 288 45 14 som
123 281 99 21 Mansten
244 281 40 20 och
303 280 108 28 Hagman.
442 280 11 21 I
473 280 94 21 talarens
586 280 86 22 hemort
687 288 52 14 vore
754 288 50 14 man

58 316 7 20 i
80 315 87 21 tillfälle
184 317 31 19 att
230 315 82 27 erfara,
331 314 56 21 hvad
407 314 77 22 endast
498 314 220 28 fabriksbränningen
734 315 71 21 ästad-

57 350 93 20 komme.
180 349 133 28 Smugleriet
326 356 51 15 vore
394 348 38 22 der
446 350 8 20 i
469 350 40 20 flor
524 349 39 21 och
573 349 28 28 pä
611 351 86 19 senaste
708 349 32 21 tid
750 350 55 20 hade

57 384 33 21 till
106 384 40 21 och
161 384 49 21 med
226 385 31 19 ett
272 384 62 20 mord
349 383 104 22 föröfvats
468 383 9 21 i
492 385 31 19 ett
537 383 25 21 af
574 383 162 22 brännerierna.
761 384 44 21 Nä-

58 418 91 29 gonting
171 418 76 22 sådant
268 418 56 21 hade
347 418 58 21 förut
427 418 7 20 i
456 418 153 21 mannaminne
632 418 48 21 icke
702 418 103 22 inträffat.

57 454 93 21 Talaren
166 453 68 28 ansäg
248 453 87 22 ständet
349 453 53 20 böra
416 453 140 28 undandraga
571 453 33 28 sig
620 452 36 21 det
671 452 134 29 förmynder-

57 488 60 28 skap,
138 487 26 22 de
185 487 70 28 öfriga
274 487 91 21 ständen
382 487 132 28 obehörigen
528 487 58 22 velat
601 487 82 28 utöfva,
699 489 56 19 samt
769 495 35 21 yr-

57 522 55 21 kade
128 523 32 20 att
175 521 85 22 ständet
275 522 68 21 mätte
357 521 105 22 vidblifva
476 522 38 21 sitt
528 522 59 21 förra
602 521 77 22 beslut.

125 557 222 28 Landtdagsmannen
372 556 196 29 Kumpulainen
593 556 76 21 trodde
695 555 36 22 det
753 563 51 15 vara

56 599 60 14 mera
132 591 47 21 skäl
202 593 31 19 att
255 590 86 22 ständet
363 590 108 22 vidblefve
494 591 38 21 sitt
552 591 59 21 förra
631 591 76 27 beslut,
729 592 27 20 än
772 593 33 19 att

57 626 68 21 andra
139 626 139 21 alternativet
293 627 84 26 antogs.
406 625 61 22 Vore
483 625 35 22 det
533 625 28 22 H.
572 625 40 21 M:t
622 625 120 28 Kejsarens
752 626 53 28 vilja

58 662 32 19 att
108 660 191 28 fabriksbränning
313 659 104 28 infördes,
432 661 23 20 så
470 660 68 21 måste
554 667 49 14 man
619 660 74 29 åtnöja
708 660 34 29 sig
757 661 47 20 der-

58 695 55 22 med.
143 695 63 21 Hvad
222 695 98 20 deremot
335 694 118 21 beträffade
469 696 31 19 att
514 695 65 28 lägga
594 694 58 21 skatt
667 695 12 21 å
695 695 36 21 det
742 695 62 22 brän-

57 731 43 26 vin,
124 737 45 14 som
188 729 85 22 komme
290 731 32 19 att
337 729 111 22 tillverkas
463 730 8 20 i
485 729 132 28 fabrikerna,
640 729 24 22 så
678 736 52 15 vore
746 729 59 22 detta

58 773 28 14 en
106 772 71 14 annan
197 765 39 20 sak
256 765 40 20 och
316 764 51 21 ville
386 764 83 21 talaren
484 764 35 21 för
534 765 32 20 sin
583 764 34 21 del
633 764 48 22 icke
696 765 109 27 medgifva

57 801 72 27 någon
149 799 139 28 beskattning
308 799 24 21 af
350 799 71 21 denna
441 801 39 19 art.
509 799 34 21 De
563 799 34 21 för
616 799 106 28 styrelsen
739 799 66 22 erfor-

57 835 83 28 derliga
159 834 85 22 medlen
262 834 73 21 kunde
353 833 186 29 sammanbringas
559 834 28 27 på
606 833 37 22 det
663 835 43 20 sätt
721 834 84 21 talaren

57 870 111 22 allaredan
183 869 119 28 föreslagit.
332 868 93 22 'Talaren
441 868 87 22 älskade
544 869 33 20 för
593 875 55 21 egen
664 869 35 21 del
709 869 48 21 icke
767 869 37 21 nä-

58 905 102 29 gonslags
182 903 222 28 bränvinsbränning,
430 903 97 22 hvarken
548 903 257 28 husbehofsbränningen

59 940 53 21 eller
134 938 141 27 tillverkning
294 938 23 21 af
334 937 90 22 bränvin
444 938 6 20 i
470 937 81 28 fabrik,
574 938 39 21 och
632 938 51 28 såge
702 938 57 21 helst
774 940 31 19 att

58 974 109 27 bränning
182 973 48 21 icke
246 973 40 20 alls
301 972 78 21 funnes
391 972 32 21 till
439 972 7 21 i
461 971 80 22 landet.
570 971 52 22 Men
633 972 28 21 då
670 972 76 28 frågan
757 973 48 20 icke

58 1008 72 22 kunde
146 1007 170 26 bortresoneras,
332 1013 51 15 vore
399 1006 36 22 det
445 1007 125 28 lämpligast
580 1008 32 19 att
622 1006 183 23 husbehofsbrän-

58 1043 81 28 ningen
164 1041 120 29 qvarstode,
307 1048 35 14 om
365 1041 40 21 ock
427 1041 49 21 med
497 1041 86 21 kortare
606 1041 151 28 bränningstid
777 1043 28 20 än

58 1078 68 26 förut,
147 1076 56 22 intill
219 1077 63 20 nästa
296 1075 113 28 landtdag,
429 1075 28 22 då
471 1075 67 22 saken
553 1075 55 28 ånyo
624 1075 71 22 kunde
711 1076 93 28 föreläg-

59 1119 39 21 gas
112 1111 34 22 till
162 1111 126 21 ständernas
304 1110 147 29 ompröfning,
470 1111 7 20 i
492 1110 156 28 sammanhang
663 1110 50 21 med
728 1110 77 29 frågan
820 1123 4 2 -

60 1153 34 14 om
115 1145 168 29 grundskattens
303 1144 124 29 aflyftande.
457 1144 11 21 I
483 1145 66 28 öfrigt
568 1144 72 21 kunde
658 1145 83 21 talaren
756 1145 49 21 icke

59 1181 114 21 underlåta
188 1182 31 19 att
233 1180 57 21 fästa
304 1179 34 29 sig
351 1179 36 22 vid
402 1179 42 22 den
455 1179 124 28 synnerliga
588 1179 101 27 brådska,
702 1179 104 22 hvarmed

60 1216 25 21 de
106 1215 70 28 öfriga
196 1214 91 22 stånden
307 1215 81 27 afgjort
407 1214 141 21 förevarande
567 1213 86 22 ärende.
683 1213 38 22 Uti
736 1214 70 21 finska

60 1249 143 29 språkfrågan
218 1248 55 21 hade
288 1256 50 13 man
353 1249 8 20 i
377 1250 89 19 motsats
481 1248 99 21 häremot
595 1248 116 28 ådagalagt
726 1255 27 14 en
767 1249 38 20 nä-

60 1286 47 19 stan
122 1284 34 21 för
171 1284 60 27 långt
246 1283 84 28 gående
345 1283 172 22 betänksamhet.

128 1318 220 27 Landtdagsmannen
369 1317 160 28 Mynttinen
553 1317 91 28 yrkade,
667 1319 32 20 att
721 1317 85 22 ståndet

61 1353 67 21 måtte
142 1351 104 22 vidblifva
262 1351 37 21 sitt
314 1352 59 20 förra
386 1351 77 21 beslut.

129 1385 221 29 Landtdagsmannen
365 1385 85 22 Akola
470 1385 57 28 villa,
542 1386 32 20 att
589 1385 135 28 omröstning
739 1385 67 20 måtte

875 93 74 57 8.
