1003 1703
374 133 38 17 Den
425 132 22 17 14
459 133 49 22 april.
747 129 41 20 897

66 193 99 28 gängligt
180 192 34 22 för
228 193 154 22 allmänheten.
411 193 60 22 Ville
486 200 50 15 man
552 193 20 28 ej
589 193 58 28 gifva
662 193 27 21 de
705 194 109 21 öfverblif-

65 227 70 21 vande
159 228 139 28 exemplaren
321 228 32 20 till
376 228 70 21 finska
465 228 236 28 litteratursällskapet,
721 229 24 20 så
759 229 56 22 hade

64 261 85 22 talaren
173 263 20 27 ej
216 262 70 21 heller
307 262 67 28 något
393 262 98 21 deremot
506 264 31 19 att
552 262 27 21 de
595 263 172 21 öfverlemnades
782 263 33 21 till

65 296 139 22 bokhandeln
219 297 7 20 i
241 297 103 21 afseende
360 297 13 21 &
387 297 137 28 försäljning.

133 331 221 28 Landtdagsmannen
374 331 120 28 Hagman
514 338 38 14 var
572 338 51 14 ense
643 331 49 21 med
706 331 108 28 Mansten,

65 365 40 22 och
128 366 68 28 ansåg
218 366 63 20 äfven
303 367 32 19 att
353 366 157 28 kyrkoarkivet
524 372 51 15 vore
590 366 139 28 lempligaste
744 366 70 22 förva-

64 400 136 28 ringsstället
213 400 34 21 för
263 400 98 22 ståndets
376 400 117 28 protokoll.

132 434 222 30 Landtdagsmannen
369 434 83 22 Akola
466 435 58 27 ville,
536 436 32 20 att
584 436 30 20 ett
625 435 112 29 exemplar
747 435 67 22 borde

65 470 70 28 gifvas
151 470 33 21 till
199 470 53 21 hvar
267 470 70 28 kyrka
351 470 7 20 i
374 470 164 28 Lappmarkens
554 469 110 29 domsaga.
694 470 64 21 Hvad
769 477 45 14 som

65 504 103 27 derefter,
191 504 40 21 och
254 504 66 22 sedan
343 504 96 21 ståndets
462 505 140 21 medlemmar
623 504 40 21 och
682 505 132 27 tjenstemän

64 539 86 21 undfått
166 539 46 21 sina
229 539 118 28 exemplar,
363 539 117 27 återstode,
496 539 66 22 borde
578 539 95 21 fördelas
688 539 45 21 lika
749 539 65 22 emel-

64 574 36 21 lan
116 573 150 28 domsagorna.

131 608 222 29 Landtdagsmännen
376 608 108 21 Kulkas
506 608 40 21 och
568 608 119 21 Poikela
709 608 105 21 förenade

64 643 33 28 sig
113 643 6 20 i
135 643 81 21 Akolas
232 643 107 28 yttrande,
355 643 93 21 hvarhos
464 643 41 21 den
522 642 91 22 sednare
629 643 82 27 tillade,
727 645 31 19 att
771 643 43 21 han

64 677 69 28 ansåg
153 677 36 21 det
209 678 86 27 obilligt
314 679 32 19 att
360 677 84 21 fördela
459 678 110 28 upplagan
585 677 56 21 efter
656 684 71 14 annan
743 677 71 28 grund

64 713 27 20 än
106 711 122 23 kostnaden
244 712 34 20 för
293 712 134 21 densamma.

132 746 222 28 Landtdagsmannen
370 746 88 21 Klami
473 745 93 29 yttrade,
582 747 31 19 att
628 746 21 28 ej
663 745 68 22 nekas
741 745 73 23 kunde

64 782 31 20 att
115 781 125 28 fördelning
260 781 45 21 lika
325 781 94 21 emellan
438 780 44 22 alla
497 781 121 27 domsagor,
634 781 48 21 från
697 780 117 22 rättvisans

64 816 117 28 synpunkt,
204 822 51 15 vore
277 816 74 27 riktig,
375 815 102 21 eftersom
502 815 40 21 ock
561 815 122 21 kostnaden
701 814 73 22 blifvit
791 815 23 21 så

63 850 88 28 skiftad,
175 851 39 21 och
238 850 90 22 emedan
352 850 86 22 ståndet
458 851 20 27 ej
500 850 84 28 tycktes
600 849 74 21 kunna
689 849 77 22 förena
781 850 33 27 sig

63 892 34 14 om
112 892 72 14 annan
200 885 177 29 delningsgrund,
394 885 24 21 så
432 885 51 21 ville
499 884 63 22 äfven
578 884 84 22 talaren
675 884 28 28 gå
713 884 22 21 in
747 884 67 28 derpå

64 921 32 19 att
111 920 53 21 hvar
180 920 104 28 domsaga
299 919 82 21 erhölle
396 919 46 21 lika
457 920 79 27 många
552 918 118 29 exemplar.

132 954 91 22 Ståndet
238 954 106 22 stannade
359 954 95 22 derefter
469 954 8 20 i
493 954 37 20 det
544 953 78 27 beslut,
636 954 32 20 att
683 952 66 22 sedan
765 952 48 22 dess

64 989 142 27 sekreterare,
229 989 96 21 notarier
347 989 40 21 och
405 988 46 21 tolk
467 995 26 14 en
508 988 54 21 hvar
577 987 87 21 erhållit
679 989 32 19 ett
725 988 90 20 svenskt

64 1024 40 21 och
120 1025 32 20 ett
167 1024 65 20 finskt
248 1023 111 28 exemplar
374 1023 24 20 af
411 1022 138 28 protokollet,
570 1022 66 21 borde
651 1021 125 22 återstoden
792 1021 24 21 af

63 1059 111 28 upplagan
187 1058 59 21 delas
257 1058 45 21 lika
313 1058 93 21 emellan
418 1057 150 28 domsagorna,
579 1056 164 29 Lappmarkens
754 1055 59 22 dom-

65 1100 52 22 saga
132 1093 56 22 dock
205 1093 147 28 undantagen,
368 1092 40 21 och
424 1092 55 28 egde
494 1091 76 28 hvarje
585 1091 93 21 medlem
694 1091 24 21 af
728 1090 86 21 ståndet

64 1127 142 22 omhänderfå
221 1127 26 22 de
264 1127 119 29 exemplar,
399 1134 44 14 som
459 1126 121 21 tillkomme
594 1126 41 21 den
647 1125 110 28 domsaga,
767 1131 46 14 som

64 1163 41 21 han
125 1162 188 29 representerade,
333 1162 40 22 och
392 1161 123 23 sedermera
533 1160 84 22 fördela
633 1160 110 22 desamma
758 1159 56 22 efter

65 1197 161 29 godtfinnande.

131 1231 82 22 Vidare
228 1232 63 21 biföll
301 1231 86 22 ståndet
397 1231 28 28 på
436 1229 161 29 framställning
607 1229 24 21 af
639 1228 175 28 landtdagsman-

64 1273 43 15 nen
121 1266 102 28 Hagman
240 1266 79 27 dertill,
335 1268 31 19 att
381 1268 31 18 ett
426 1265 67 21 finskt
508 1264 40 22 och
562 1266 31 19 ett
603 1264 90 21 svenskt
703 1263 112 28 exemplar

65 1300 23 22 af
101 1300 133 29 protokollet
249 1300 70 21 skulle
334 1300 113 21 tillsändas
462 1299 54 22 hvar
530 1298 82 22 hofrätt
627 1298 7 20 i
649 1297 80 22 landet.

135 1368 182 22 Vicetalmannen
342 1367 87 22 Brusila
452 1368 94 28 uppsteg
570 1365 48 22 från
643 1363 171 28 talmansstolen,

64 1403 89 22 hvilken
168 1403 72 28 intogs
256 1402 23 22 af
292 1402 125 21 talmannen
432 1400 140 29 Mäkipeska;
583 1399 52 22 derå
645 1399 126 22 talmannen
782 1404 32 15 er-

64 1439 76 21 inrade
156 1438 86 21 ståndet
257 1439 39 26 att,
311 1437 69 28 enligt
395 1436 98 22 erhållen
506 1434 119 27 föreskrift,
641 1434 2 21 i
654 1440 92 21 morgon
755 1432 60 22 kloc-

110 1481 72 18 Hederv.
197 1481 126 18 bondeständets
331 1480 66 22 protok.
410 1479 26 18 11.
725 1475 22 18 87
