984 1700
382 136 38 18 Den
433 136 21 17 19
464 135 35 23 jan.
759 130 27 22 67

74 196 51 19 utan
141 195 28 27 pä
186 194 32 21 sin
234 194 52 28 höjd
302 202 26 14 en
343 195 137 29 modifiering
496 196 23 20 af
532 196 56 21 vissa
604 196 132 28 stadganden
746 196 7 20 i
764 196 51 20 den-

74 236 87 13 samma.

140 262 220 28 Landtdagsmannen
378 263 196 29 Kumpulainen
595 264 80 27 yrkade
694 266 31 18 att
739 264 75 20 försla-

72 298 37 26 get
129 298 67 20 mätte
215 297 124 21 remitteras
358 298 33 20 till
412 297 134 29 granskning
566 297 23 21 af
606 298 95 20 ständets
717 297 98 21 enskilda

72 331 177 21 besvärsutskott.
280 331 93 21 Talaren
394 332 67 30 ansåg
480 333 32 19 att
531 332 31 20 uti
583 338 27 14 en
631 332 36 28 lag
687 338 34 14 om
741 331 73 28 fattig-

71 365 81 21 värden
167 366 67 20 borde
249 367 64 26 göras
329 372 26 15 en
371 367 75 27 sträng
457 366 84 21 skilnad
552 366 92 21 emellan
655 366 109 27 bräcklige
775 366 39 21 och

71 400 33 20 till
123 400 75 21 arbete
218 400 127 27 oförmögna
364 407 111 21 personer,
494 407 46 14 som
558 400 48 21 icke
626 400 70 21 kunde
716 400 33 27 sig
765 400 52 27 sjelf

73 434 85 26 lifnära,
181 434 39 21 och
236 435 88 28 fattige,
341 441 45 14 som
405 441 51 14 vore
471 435 126 21 arbetsföre.
627 434 48 21 Den
692 433 123 22 nuvarande

71 469 157 28 författningen
245 469 35 20 led
299 469 24 21 af
340 469 36 21 det
391 469 29 21 fel
436 470 31 19 att
483 469 62 21 dessa
559 469 37 21 tvä
610 469 205 27 hufvudkategorier

71 503 23 20 af
108 503 117 28 fattighjon
239 503 71 21 blifvit
329 503 2 20 i
346 503 41 21 den
407 504 139 27 temmeligen
566 503 109 21 likställda
694 503 6 21 i
712 503 102 21 afseende

71 537 12 21 &
106 537 167 28 församlingens
299 537 124 28 skyldighet
448 539 32 20 att
502 538 48 21 dem
573 537 136 22 understöda.
746 537 71 21 Deraf

70 572 68 28 följde
154 572 41 21 den
210 572 127 28 olägenhet,
357 574 32 20 att
402 574 26 26 ju
443 573 103 28 rikligare
562 572 118 22 understöd
695 572 118 26 utdelades,

71 606 49 21 dess
141 613 59 14 mera
221 606 81 22 ökades
322 608 82 21 antalet
419 607 24 22 af
456 607 83 29 fattiga,
558 607 39 21 och
613 607 71 21 denna
698 606 117 28 olägenhet

71 641 75 21 trodde
164 641 84 21 talaren
268 642 47 20 icke
335 642 73 21 kunna
429 642 109 28 afhjelpas
564 642 49 21 med
632 641 84 21 mindre
739 642 27 20 än
782 642 31 20 att

70 676 64 27 lagen
149 676 112 27 angående
277 676 146 28 fattigvården
439 676 149 21 omarbetades
604 676 7 20 i
626 676 89 21 anförda
730 675 61 28 syfte.

139 710 110 21 Särskilde
265 710 216 22 ståndsmedlemmar
496 710 80 22 äskade
592 710 105 28 votering.

137 744 32 21 På
184 744 73 22 derom
273 745 122 21 framställd
409 745 136 28 proposition
556 744 46 21 blef
610 744 104 28 förslaget
724 744 35 21 vid
769 750 44 14 om-

69 779 99 28 röstning
184 779 120 21 förkastadt
319 779 49 22 med
385 780 24 20 17
426 780 35 28 nej
478 781 58 20 emot
553 780 25 20 15
590 779 30 27 ja.

136 848 122 28 Föredrogs
269 848 74 21 vidare
353 848 211 29 landtdagsmannen
574 848 113 28 Hagmans
696 847 117 28 bordlagda

69 882 186 28 petitionsförslag
275 883 112 27 angående
408 884 31 20 ett
459 883 65 28 årligt
544 882 76 28 anslag
639 882 47 21 från
705 882 108 21 allmänna

70 917 70 21 medel
156 918 22 20 åt
194 916 69 22 finska
278 918 267 27 vetenskaps-societeten.

138 951 221 29 Landtdagsmannen
375 952 114 21 Simolin
504 952 52 21 ville
570 951 48 21 icke
634 951 86 21 betvifla
730 953 31 19 att
771 950 42 22 för-

70 986 69 28 slaget
153 986 72 21 blifvit
240 986 73 28 gjordt
328 986 7 20 i
350 986 43 28 god
408 986 99 28 mening,
522 993 50 15 men
588 986 68 28 ansåg
670 987 32 20 att
712 987 100 19 statsver-

69 1021 37 21 ket
122 1028 50 14 vore
187 1027 60 15 mera
262 1021 7 20 i
284 1020 67 22 behof
364 1021 23 21 af
400 1021 76 28 anslag
494 1023 28 19 än
542 1020 269 28 vetenskaps-societeten,

68 1056 88 20 hvilken
169 1062 43 21 nog
224 1055 72 21 kunde
309 1055 52 21 reda
373 1056 34 27 sig
419 1056 49 20 med
481 1055 26 21 de
523 1055 115 27 tillgångar
654 1055 41 21 den
706 1054 54 28 egde
771 1054 39 21 och

70 1089 89 21 hvilken
175 1089 33 21 för
224 1089 65 28 öfrigt
305 1089 100 27 utgjorde
420 1089 56 21 blott
487 1096 27 14 en
524 1089 43 28 lyx.
590 1088 43 21 Det
643 1096 51 14 vore
705 1088 108 21 dessutom

69 1124 137 27 naturligtvis
226 1124 102 21 nationen
349 1130 45 15 som
410 1123 57 28 finge
482 1123 121 22 vidkännas
618 1123 109 28 anslaget;
749 1123 62 21 hvar-

69 1159 38 20 hos
128 1158 83 21 talaren
232 1159 111 20 anmärkte
363 1160 32 19 att
415 1158 65 27 ingen
500 1158 140 28 petitionerat
660 1165 34 13 om
712 1157 99 28 jordbru-

68 1193 49 20 kets
133 1192 166 28 upphjelpande,
315 1199 50 14 men
381 1193 35 20 väl
431 1193 95 27 mången
540 1192 148 21 framkommit
699 1191 48 22 med
757 1192 55 27 peti-

70 1227 70 20 tioner
156 1233 45 14 som
217 1226 62 21 ledde
293 1226 34 21 till
337 1226 131 22 detsammas
479 1226 128 29 stjelpande.
638 1226 92 21 ''alaren
740 1225 72 22 kunde

70 1260 85 21 derföre
170 1261 48 20 icke
234 1261 51 27 gilla
300 1261 111 27 förslaget.

138 1294 219 28 Landtdagsmannen
378 1294 106 21 Sinkko
503 1294 105 22 instämde
627 1294 7 20 i
658 1294 101 21 Simolins
779 1295 32 27 yt-

69 1329 84 20 trande.

137 1361 220 28 Landtdagsmannen
373 1356 118 33 Östring
506 1362 67 26 ansåg
586 1363 31 19 att
632 1360 178 29 petitionsförsla-

70 1398 36 26 get
122 1396 66 21 borde
204 1396 125 28 godkännas
345 1396 40 20 och
400 1395 110 28 påyrkade
525 1395 105 28 votering.
