964 1700
345 125 38 17 Den
397 126 8 16 7
419 130 50 12 mars.
713 120 40 20 477

46 191 35 14 om
104 184 72 21 skett?
207 184 75 21 Skulle
303 184 82 21 kansko
405 185 34 20 för
459 184 48 22 dem
528 184 103 22 anställas
648 192 27 13 en
691 183 92 23 särskild

43 218 167 28 eligionslärare
226 225 46 14 som
288 218 72 21 talade
381 218 63 22 deras
463 218 79 28 språk?
572 219 34 20 En
622 218 67 21 sådan
704 218 79 21 förmo-

42 252 45 21 lade
103 252 84 21 talaren
201 252 49 21 icke
265 252 74 21 kunna
355 252 93 22 erhållas
463 252 47 21 från
526 253 85 20 landets
626 252 136 21 universitet.

101 286 223 28 Landtdagsmannen
347 286 189 28 Pohjalainen
557 286 113 20 anmärkte
686 287 33 20 att
733 286 51 20 ifrä-

41 320 116 28 ravarande
178 321 11 27 &
211 320 76 21 endast
307 320 95 28 anginge
423 321 36 20 det
479 320 27 20 dä
525 320 101 27 zigenare
646 320 75 21 ströko
740 327 44 13 om-

41 355 57 27 ring
113 357 52 18 utan
181 362 61 20 pass,
258 354 48 21 icke
323 354 63 21 deras
403 354 162 28 undervisning.

101 388 222 29 Landtdagsmaunen
344 388 119 22 Heikura
482 388 77 22 trodde
579 388 44 29 sig,
645 388 28 21 dä
688 388 33 22 till
737 388 48 22 stöd

39 423 28 21 'ör
87 423 98 28 yrkande
206 431 35 13 om
262 423 129 28 utvidgning
407 423 24 21 af
444 423 141 28 zigenarenes
601 423 128 28 rättigheter
745 423 40 20 och

38 458 63 21 rihet
123 457 85 22 anförts
231 459 32 20 att
285 465 51 13 man
359 457 70 22 skulle
451 457 104 22 åsidosatt
575 457 46 21 sina
637 457 149 28 skyldigheter

38 494 55 19 mot
116 492 60 27 dem,
198 492 53 21 böra
274 492 97 21 bestrida
390 492 59 21 detta
469 492 153 26 förebärande,
645 492 71 21 såsom
737 492 48 21 sak-

38 527 67 20 nande
122 526 29 21 all
167 527 76 27 grund.
273 526 11 21 I
299 527 103 26 Libelits,
417 527 124 27 Pielisjärvi
555 527 40 20 och
611 527 68 20 andra
694 526 92 21 socknar

37 561 76 21 funnes
129 568 27 14 en
171 561 80 28 mängd
271 562 108 27 zigenare.
410 561 43 21 För
469 561 48 21 dem
533 561 92 21 likasom
641 561 68 21 andra
724 561 61 21 utde-

37 595 58 21 lades
117 595 56 28 goda
193 596 48 26 ord;
264 603 50 13 men
336 596 26 20 de
383 596 128 28 begagnade
527 596 34 29 sig
577 596 19 28 ej
613 596 24 20 af
649 596 42 20 den
707 595 78 21 under-

36 630 86 27 visning
141 629 27 21 de
188 630 89 26 erhöllo,
297 631 53 19 utan
370 630 58 20 lefde
447 637 46 14 som
513 630 75 21 vildar.
619 630 93 21 Talaren
731 637 54 21 upp-

35 663 80 29 repade
131 663 87 21 derföre
234 664 37 20 sitt
286 664 119 28 pästäende
421 671 34 14 om
469 666 112 26 strängare
597 664 36 28 lag
647 664 34 21 för
696 664 56 21 dem.

103 697 223 29 Landtdagsmannen
345 698 86 21 Akola
447 698 102 21 förmälte
569 700 32 19 att
621 698 42 21 han
684 698 50 21 med
749 699 37 20 be-

35 732 100 27 kymmer
149 732 50 20 hört
214 734 31 19 att
260 733 37 21 tvä
312 732 47 28 slag
374 732 24 21 af
411 732 140 28 predikanter
566 732 39 21 här
619 733 92 21 förslösa
727 732 60 22 tiden

35 766 51 21 med
99 766 66 28 länga
180 767 40 25 tal,
242 766 90 21 oaktadt
352 766 27 21 de
397 767 48 20 icke
461 767 54 21 hade
531 767 98 21 ähörare.
659 767 55 27 Inga
729 767 58 27 zige-

36 807 52 14 nare
104 807 52 14 voro
172 800 141 22 närvarande.
344 800 94 22 Talaren
453 800 110 29 päyrkade
579 801 143 27 omröstning.

106 834 84 21 Genom
207 835 160 27 omröstningar
382 835 81 21 beslöts
478 835 53 21 härä
546 834 50 21 med
607 836 26 20 26
644 836 71 20 röster
729 837 58 19 emot

37 870 12 20 6
65 868 138 22 förkastande
219 869 24 21 af
257 868 36 22 det
308 869 23 21 af
344 868 210 29 landtdagsmannen
570 868 164 28 Kumpulainen
749 870 38 27 pä-

38 903 81 27 yrkade
138 903 159 28 amandemang
316 903 40 21 och
374 903 49 21 med
440 904 23 20 21
483 905 58 19 emot
556 904 12 20 8
584 904 32 20 att
631 903 34 21 till
679 904 108 27 ifrägava-

37 937 67 21 rande
125 938 11 27 $
156 938 70 21 skulle
246 938 76 28 läggas
341 938 96 27 följande
456 937 128 28 stadgande:
608 937 45 27 ,En
668 938 53 21 hvar
736 944 51 15 vare

38 972 122 27 berättigad
176 974 32 18 att
223 972 63 28 gripa
301 972 128 28 oförpassad
443 972 118 27 zigenare".
652 966 2 2 |

106 1006 67 22 Emot
192 1006 97 22 ståndets
308 1007 71 21 beslut
399 1007 92 21 rörande
511 1006 42 21 den
569 1013 29 13 nu
613 1006 102 28 afgjorda
730 1007 11 27 8
757 1006 31 21 äf-

38 1048 90 14 vensom
143 1042 12 26 $
172 1042 9 20 1
197 1041 40 21 har
251 1041 212 28 landtdagsmannen
478 1040 163 28 Kumpulainen
662 1040 79 22 efteråt
756 1041 32 21 in-

39 1075 64 28 gifvit
119 1076 32 20 sin
167 1076 135 21 reservation
318 1075 123 27 skriftligen
458 1076 88 27 uppsatt
561 1074 127 28 sålydande:

107 1109 66 21 Emot
188 1110 151 27 pluralitetens
355 1109 24 21 af
392 1110 49 20 mitt
457 1109 62 21 stånd
534 1109 82 21 fattade
631 1109 82 27 beslut,
729 1110 7 20 i
751 1116 38 14 an-

40 1143 89 28 ledning
147 1144 24 21 af
189 1146 154 19 sammansatta
362 1144 45 27 lag-
424 1144 40 21 och
479 1143 220 22 ekonomiutskottets
715 1143 74 22 betän-

40 1178 72 21 kande
133 1185 34 14 n:o
189 1179 19 26 6,
229 1178 112 28 angående
362 1178 143 21 försvarslösa
524 1185 112 20 personer,
657 1177 42 22 kan
713 1179 40 26 jag
768 1178 19 28 ej

41 1212 114 21 underlåta
171 1214 31 19 att
217 1213 134 20 beträffande
363 1213 24 27 $$
400 1213 8 20 1
422 1213 40 20 och
473 1213 26 20 24
510 1212 97 21 uttalade
617 1212 44 20 min
673 1212 116 21 afvikande

41 1247 63 27 äsigt.
133 1247 64 21 Hvad
217 1248 12 26 $
250 1248 9 20 1
281 1247 142 26 vidkommer,
446 1247 42 21 kan
506 1247 40 27 jag
565 1247 20 26 ej
602 1246 64 26 fatta,
688 1246 101 21 hvarföre

40 1288 105 20 personer
160 1281 24 21 af
197 1281 41 21 den
254 1281 105 21 obdesuttne
367 1281 136 29 folkklassen
518 1280 48 21 icke
583 1280 60 20 skola
658 1280 65 21 hafva
734 1287 55 13 sam-

41 1322 34 14 ma
91 1315 37 21 fri-
144 1315 40 21 och
199 1316 130 27 rättigheter
344 1322 46 14 som
406 1315 67 21 andra
488 1314 132 26 menniskor,
639 1314 48 21 icke
703 1314 22 21 få
739 1314 51 21 idka

41 1348 41 21 den
103 1348 74 28 lofliga
197 1349 88 27 näring,
309 1356 45 13 som
375 1356 26 13 en
422 1349 52 20 hvar
490 1349 70 19 finner
576 1347 52 28 godt
646 1348 40 20 och
702 1348 87 20 hvartill

41 1382 44 22 han
101 1382 48 22 bäst
165 1390 81 21 passar,
263 1385 54 19 samt
332 1383 65 21 hafva
412 1383 83 21 försvar
511 1382 24 20 af
544 1382 33 27 sig
587 1382 60 27 sjelf,
663 1382 27 20 dä
700 1381 26 21 de
737 1388 53 21 upp-

43 1417 58 28 gifva
117 1418 31 21 sin
166 1418 132 26 vistelseort,
314 1418 37 21 der
367 1418 26 20 de
409 1419 37 19 äro
462 1416 186 26 mantalsskrifne,
664 1418 55 19 samt
736 1416 55 21 efter
