1017 1700
769 116 40 24 959

88 181 100 26 bemäida
210 181 73 25 ständs
306 181 111 32 protokoll
435 182 34 24 för
487 181 42 25 den
545 185 26 21 26
587 182 133 24 sistförlidne
735 184 103 27 februari,

88 219 61 22 hvari
167 219 186 28 borgareständet,
369 220 70 27 jemte
455 219 159 21 underrättelse
630 226 35 14 om
681 219 48 21 dess
744 219 72 21 beslut
831 220 8 21 i

88 253 120 28 anledning
222 254 25 21 af
259 253 80 29 nädiga
353 254 164 28 propositionen
533 253 114 28 angäende
661 253 104 22 behofvet
779 253 23 21 af
811 260 27 14 en

88 287 221 29 fridlysningsstadga
329 288 34 21 för
382 288 85 21 landets
483 289 125 27 jernvägar,
624 287 91 22 kanaler
730 287 40 22 och
785 288 53 20 tele-

89 322 200 29 grafinrättningar,
311 322 101 28 inbjuder
435 322 141 22 medständen
599 324 32 19 att
648 323 70 27 jemte
736 322 102 28 borgare-

89 357 87 21 ständet
196 357 76 22 förena
291 357 34 28 sig
343 357 31 21 uti
393 357 135 28 underdänig
542 357 93 28 petition
651 357 82 27 derom,
749 358 31 20 att
795 357 43 21 för-

89 392 47 27 slag
152 391 117 22 framdeles
284 392 71 21 skulle
369 392 124 28 föreläggas
507 392 116 21 ständerne
635 391 33 22 till
679 399 27 14 en
717 391 76 28 stadga
804 399 34 14 om

88 426 132 29 fridlysning
237 427 82 28 jemväl
339 427 24 20 af
381 427 154 28 gasledningar
554 426 111 22 äfvensom
679 426 159 21 vattenlednin-

89 467 39 22 gar
143 461 34 20 för
193 461 112 21 städernas
321 461 67 21 behof
401 461 24 22 af
438 463 73 20 vatten
527 461 33 21 till
576 461 150 28 eldsläekning
737 460 39 21 och
787 460 51 28 dag-

88 495 32 28 lig
135 495 152 28 förbrukning.

156 529 99 22 Berörda
269 529 130 29 inbjudning
415 532 84 27 antogs.

116 598 42 22 N:o
175 598 47 23 173.
328 598 56 23 Den
402 600 28 21 17
447 607 66 14 mars
529 600 70 21 1864.

156 639 124 28 Föredrogs
303 639 154 28 lagutskottets
480 639 138 22 betänkande
638 646 35 15 n:o
694 639 33 28 21,
744 639 7 22 i
766 639 73 22 anled-

88 674 54 29 ning
162 674 23 21 af
203 674 29 21 H.
247 674 28 21 K.
290 673 51 22 M:ts
356 674 80 28 nådiga
450 674 136 29 proposition
601 674 114 28 angående
730 674 57 21 falsk
802 681 37 14 an-

88 709 92 28 gifvelse
196 709 40 21 och
252 716 71 14 annan
339 709 173 28 ärekränkning;
531 709 40 21 och
587 709 106 21 stannade
709 709 130 21 bondestän-

88 743 38 21 det
141 743 75 22 dervid
231 744 7 20 i
252 743 97 28 följande
363 743 81 22 beslut:

157 785 11 26 8
186 785 18 19 1.
233 783 44 21 Det
297 783 7 21 i
324 783 92 21 sednare
432 790 65 15 mom.
512 784 23 21 af
549 784 71 21 denna
627 779 14 37 $
662 783 125 28 föreslagna
802 784 37 21 bö-

89 818 114 28 tesbelopp
224 818 110 21 nedsattes
353 818 34 21 till
406 818 90 27 hälften,
515 818 54 21 eller
584 818 48 21 frän
648 818 40 21 och
702 817 50 22 med
767 819 72 26 tjugu-

88 853 44 21 fem
148 852 33 22 till
198 853 40 21 och
252 851 51 23 med
317 852 130 22 femhundra
461 853 69 21 mark.

156 895 12 27 8
184 894 19 21 5.
234 893 69 22 Ordet
314 893 133 27 ,vittnesed*
456 893 70 22 borde
537 893 87 29 utbytas
636 895 59 20 emot
705 892 62 23 ordet
778 892 60 29 ,vitt-

88 929 115 22 nesbörd.*

157 970 11 27 8
184 970 19 20 6.
232 970 109 20 Ansvaret
357 969 33 21 för
405 967 27 22 de
447 969 7 21 i
470 968 71 22 denna
557 969 11 27 8
583 969 130 21 omnämnda
724 967 116 30 förbrytel-

89 1011 35 15 ser
139 1003 133 22 fastställdes
287 1003 34 22 till
337 1002 101 29 ,tukthus
453 1003 48 22 från
517 1003 40 22 och
573 1003 50 22 med
637 1004 36 20 två
688 1003 103 22 månader
806 1003 34 22 till

88 1039 41 21 och
144 1039 49 20 med
210 1040 30 19 ett
255 1039 31 26 är,
301 1038 54 21 eller
369 1038 100 28 fängelse
485 1039 47 20 från
549 1038 40 21 och
604 1037 50 22 med
669 1045 27 14 en
712 1038 78 21 månad
806 1038 34 21 till

89 1073 40 21 och
150 1072 49 22 med
219 1079 38 15 sex
275 1072 110 27 mänader,
401 1073 54 20 eller
470 1072 63 21 böter
548 1072 48 21 frän
612 1072 39 21 och
667 1072 50 21 med
731 1072 108 28 tjugufem

88 1106 34 22 till
137 1106 40 22 och
193 1107 50 21 med
258 1106 130 22 femhundra
403 1107 80 21 mark.*

157 1149 11 26 8
184 1148 18 20 7.
233 1147 132 22 Anmärktes
385 1149 32 19 att
437 1147 166 28 bötesbeloppet
617 1146 7 22 i
640 1147 59 21 förra
719 1149 121 19 momentet

88 1183 24 21 af
126 1182 71 21 denna
212 1183 11 26 8
239 1182 7 21 i
260 1182 42 21 den
316 1181 71 22 finska
399 1181 144 22 redaktionen
554 1181 24 21 af
586 1181 149 21 betänkandet
745 1181 24 20 af
777 1181 63 21 miss-

88 1219 38 26 tag
145 1216 72 21 blifvit
235 1216 86 21 nedsatt
341 1216 33 21 till
389 1218 33 19 tre
438 1217 12 20 a
465 1215 130 22 femhundra
611 1215 68 28 mark,
696 1215 6 21 i
718 1215 73 22 stället
805 1215 35 22 för

88 1253 33 20 att
136 1251 37 21 det
188 1251 115 28 rätteligen
319 1250 68 22 borde
402 1257 52 15 vara
469 1251 48 21 frän
529 1251 40 20 och
581 1250 48 21 med
640 1251 44 20 fem
695 1251 34 20 till
740 1250 39 21 och
790 1249 49 22 med

88 1285 120 22 trehundra
226 1285 67 22 mark.

156 1320 12 21 I
183 1320 66 27 öfrigt
264 1320 69 20 skulle
349 1319 7 21 i
372 1319 37 22 det
423 1319 68 22 andra
506 1321 120 19 momentet
641 1318 7 22 i
664 1318 41 22 den
721 1318 70 23 finska
806 1325 33 15 re-

88 1353 119 22 daktionen
223 1353 62 21 ordet
301 1353 117 26 ,kainous*
434 1353 86 28 utbytas
536 1354 59 19 emot
609 1353 62 20 ordet
687 1352 105 28 ,siveys.*

157 1393 12 29 8
185 1393 33 22 11.
235 1387 18 39 I
273 1392 74 22 stället
361 1393 34 21 för
410 1392 72 22 denna
497 1393 22 28 $,
535 1392 65 22 sådan
617 1392 107 21 utskottet
739 1392 42 22 den
796 1391 44 22 till-

88 1429 78 30 styrkt,
182 1430 77 28 antogs
275 1428 37 23 det
326 1428 82 30 förslag
423 1428 33 21 till
472 1428 48 29 den,
541 1434 46 15 som
602 1427 237 23 universitetssekrete-
