973 1706
201 131 40 21 152
489 138 37 16 Den
538 137 11 17 5
562 136 42 17 febr.

171 197 83 29 ganska
276 197 170 28 processlysten,
469 197 25 20 så
513 198 32 20 att
565 203 35 15 om
620 196 60 22 detta
700 196 100 28 utgjorde
816 196 60 21 bevis
891 196 29 28 på

172 231 111 29 adelskap,
299 231 41 21 den
355 232 52 20 utan
424 231 75 21 tvifvel
514 231 67 21 borde
593 230 47 22 deri
650 231 142 21 tillerkännas
803 230 59 28 adlig
872 232 46 20 vär-

172 266 84 28 dighet;
273 266 39 21 och
328 267 32 20 att
375 266 72 21 betala
462 266 67 27 något
544 265 74 21 derför
632 272 51 15 vore
699 266 48 20 icke
763 265 93 28 obilligt.
881 265 39 21 Att

171 307 102 22 processa
289 300 90 21 kostade
395 300 85 28 mycket
496 300 40 21 och
552 300 83 21 talaren
651 299 125 22 förmodade
792 299 86 21 derföre
889 301 31 19 att

172 335 42 21 den
234 342 47 14 som
301 342 38 14 var
358 334 127 29 processjuk
505 334 41 22 ock
565 334 56 21 hade
641 334 52 28 godt
714 342 34 13 om
763 341 89 21 pengar.
882 334 39 20 Att

172 372 54 26 göra
240 376 114 22 processer
369 369 77 28 dyrare
461 369 72 21 kunde
549 369 64 21 äfven
629 376 51 14 vara
696 375 27 15 en
738 370 66 26 utväg
820 370 32 20 att
866 370 55 19 mot-

172 404 76 21 arbeta
265 404 56 21 dem.
355 404 117 21 Dessutom
492 404 55 21 hade
567 403 82 21 talaren
670 403 82 27 funnit,
768 405 32 19 att
820 410 34 14 om
871 410 51 14 man

173 439 71 21 envist
258 438 69 22 håller
342 438 43 21 fast
397 438 36 21 vid
450 438 73 29 gamla
539 438 133 29 privilegier,
689 438 147 29 uppmanades
854 437 67 22 andre

174 474 125 28 derigenom
321 473 32 21 till
374 473 126 21 detsamma.
531 473 71 28 Ginge
618 480 50 14 man
683 473 99 21 deremot
796 473 68 20 andra
878 472 43 21 till-

173 510 79 25 mötes,
273 508 24 21 så
312 507 93 22 verkade
421 507 76 22 sådant
512 508 33 21 till
561 507 99 28 eftergift
675 507 24 22 af
711 507 73 22 andra.
814 507 32 21 Af
859 507 64 22 dessa

174 543 46 21 skäl
240 542 54 21 hade
315 542 84 21 talaren
419 542 108 28 samtyckt
548 542 32 21 till
598 541 84 22 ökande
697 542 24 21 af
735 542 187 28 stämpelafgiften

173 577 37 20 vid
224 583 119 22 processer.
373 576 105 21 Deremot
497 576 57 21 hade
572 577 84 20 talaren
671 578 72 18 ansett
758 576 96 28 lindring
870 577 53 20 böra

175 611 38 21 ske
231 611 7 20 i
257 618 29 13 nu
305 611 100 28 gällande
424 611 113 27 kartering
559 610 24 21 af
602 610 321 28 bouppteckningsinstrumen-

174 647 39 19 ter.
243 645 192 28 Penningevärdet
448 645 56 21 hade
521 645 65 21 sedan
604 645 54 21 1842
674 645 129 27 förändrats,
820 645 23 22 så
853 647 32 19 att
896 652 27 14 en

175 680 135 21 silfverrubel
332 687 29 14 nu
381 681 20 26 ej
422 680 72 27 gällde
513 679 87 29 mycket
615 687 60 14 mera
689 681 28 20 än
732 687 26 14 en
775 680 61 21 rubel
852 680 71 21 banko

174 714 159 29 assignationer
344 714 36 21 vid
391 715 65 27 sagde
467 714 38 21 tid.
537 714 46 22 Och
594 714 130 21 förändrade
734 721 50 14 man
796 715 33 20 till
840 715 84 21 silfver-

174 749 63 22 rubel
252 750 42 21 den
309 749 80 21 minsta
404 756 90 19 summa,
509 749 34 21 för
558 749 88 21 hvilken
662 749 116 28 stämpladt
793 756 83 22 papper
887 757 37 14 en-

176 784 40 28 ligt
238 784 105 28 förslaget
366 783 108 22 erfordras
494 784 33 21 till
547 784 330 28 bouppteckningsinstrument,
901 785 23 20 så

176 819 72 21 blefve
265 825 98 14 samman
378 819 48 21 icke
446 819 108 27 betydlig,
570 819 68 20 ehuru
649 819 49 26 den,
714 818 103 29 angifven
832 819 8 20 i
855 819 69 26 mark,

175 854 55 21 låter
250 855 51 20 stor.
335 853 50 21 Den
404 854 111 27 påyrkade
533 853 156 28 förändringen
705 854 7 21 i
728 854 71 21 denna
814 853 35 22 del
864 854 60 21 kom-

175 895 35 14 me
230 888 79 21 derhos
329 889 32 20 att
380 888 122 21 motarbeta
520 888 164 28 sparsamheten
700 889 39 20 och
756 889 109 21 drabbade
878 889 46 27 just

176 923 41 20 den
231 922 77 29 fattiga
323 923 63 20 delen
401 923 24 20 af
437 923 163 28 befolkningen.
630 923 119 28 Angående
766 924 88 27 språket
868 923 56 22 hade

176 957 84 21 talaren
283 958 6 19 i
313 957 106 21 utskottet
441 958 60 27 gjort
522 957 154 28 påminnelser,
698 965 50 14 men
766 958 48 21 icke
834 960 92 19 uträttat

176 991 76 28 något,
275 991 91 22 emedan
388 991 148 22 betänkandet
556 991 72 22 blifvit
649 993 119 27 granskadt
791 993 40 21 och
853 993 73 28 tryckt

173 1026 104 28 jultiden,
298 1026 27 21 då
343 1026 83 21 talaren
441 1027 57 20 varit
512 1027 101 21 bortrest.
643 1027 34 20 De
693 1027 38 21 der
746 1027 178 22 förekommande

176 1061 104 26 latinska,
303 1060 102 29 grekiska
424 1061 40 21 och
482 1061 117 21 hebreiska
619 1061 38 20 ord
675 1062 67 21 borde
757 1062 67 21 likväl
839 1063 29 27 på
882 1064 43 19 sätt

176 1095 144 26 Kontiainen,
339 1095 49 20 med
403 1095 89 21 hvilken
508 1096 83 21 talaren
607 1095 6 20 i
629 1096 71 21 denna
715 1096 34 21 del
765 1097 104 21 förenade
885 1097 40 28 sig,

177 1129 32 21 till
231 1129 70 21 finska
324 1129 89 28 språket
436 1129 135 22 öfversättas.
606 1129 46 22 Och
673 1131 68 28 ansåg
761 1131 83 21 talaren
866 1128 77 24 detta"

175 1164 53 20 böra
242 1164 129 21 verkställas
388 1165 106 27 antingen
510 1171 78 21 genom
604 1165 256 28 expeditionsutskottets
872 1166 53 21 eller

177 1198 118 27 styrelsens
313 1198 92 28 försorg.
435 1198 58 21 Vore
511 1199 97 20 deremot
623 1199 117 28 meningen
757 1201 32 19 att
804 1200 37 21 det
856 1200 70 21 finska

176 1232 70 21 folket
260 1232 69 21 under
345 1233 26 20 de
387 1235 32 18 tre
434 1233 29 26 år,
483 1233 42 20 den
541 1233 110 21 blifvande
668 1233 157 28 författningen
841 1241 37 13 var
894 1235 31 20 af-

176 1265 53 21 sedd
243 1267 32 19 att
290 1265 87 21 komma
392 1267 32 19 att
439 1266 68 27 gälla,
529 1267 67 20 borde
616 1267 45 20 lära
677 1267 33 28 sig
725 1267 26 21 de
768 1268 74 27 språk,
862 1268 63 21 hvar-

175 1299 56 21 ifrån
247 1299 27 21 de
289 1299 135 22 främmande
440 1300 67 21 orden
524 1307 49 14 voro
589 1301 88 27 lånade,
693 1301 72 22 kunde
776 1301 36 22 det
823 1301 41 22 ock
874 1309 52 15 vara

175 1334 53 28 godt
243 1335 32 20 att
290 1334 26 21 de
332 1334 7 21 i
353 1335 158 28 författningen
528 1335 144 29 begagnades.

243 1369 222 28 Landtdagsmannen
484 1370 100 22 Holma
606 1371 107 22 instämde
729 1372 7 20 i
752 1371 112 29 Hagmans
882 1374 43 27 ytt-

176 1403 66 22 rande
263 1404 40 21 och
324 1404 73 21 tillade
418 1407 31 18 att
474 1405 27 21 då
525 1405 157 29 befolkningen
703 1406 91 27 ökades,
816 1407 108 29 uppstodo

175 1445 44 22 nya
234 1441 55 27 torp,
306 1439 90 22 emedan
413 1439 35 22 det
462 1447 51 15 vore
529 1441 96 28 kristligt
640 1443 31 19 att
687 1441 52 27 den,
760 1448 46 15 som
820 1441 56 22 hade
892 1444 32 19 ut-
