978 1703
372 126 36 17 Den
421 125 11 17 4
444 125 48 23 april.
734 121 41 20 683

132 185 121 28 Föredrogs
273 185 152 28 lagutskottets
445 186 135 21 betänkande
600 194 34 13 n:o
655 187 33 25 27,
708 185 7 22 i
730 185 73 22 anled-

64 220 53 27 ning
135 220 24 21 af
175 220 123 21 återremiss
318 221 23 20 af
354 221 28 20 H.
397 220 26 21 K.
440 220 49 21 M:ts
504 221 79 27 nådiga
600 221 144 28 proposition,
767 228 36 13 an-

64 254 83 27 gäende
167 254 150 28 förändringar
337 255 39 20 och
395 255 75 27 tillägg
484 255 35 20 vid
535 255 107 21 allmänna
657 255 75 27 lagens
748 255 56 21 stad-

64 288 85 27 ganden
165 295 33 14 om
214 288 198 27 förmyndarevärd.

132 322 219 28 Landtdagsmannen
371 323 90 21 Klami
482 323 90 27 yrkade,
590 325 32 18 att
637 323 145 21 betänkandet
798 323 6 20 i

65 356 31 21 sin
113 356 73 21 helhet
201 358 66 20 mätte
283 358 89 26 antagas
388 358 51 20 utan
454 357 73 21 vidare
542 357 128 21 diskussion.

131 391 219 29 Landtdagsmannen
367 391 118 22 Simolin
498 392 118 26 anmärkte,
632 394 31 19 att
677 392 7 21 i
700 393 11 27 $
725 393 9 20 6
748 392 57 21 stad-

65 425 75 29 gades,
161 427 31 19 att
211 426 138 28 förmyndare
367 426 66 21 borde
454 426 83 28 ärligen
552 426 98 22 redovisa
664 427 34 21 för
714 427 32 20 sin
762 426 42 22 för-

64 460 104 28 valtning.
198 460 93 22 Talaren
307 460 50 22 fann
374 461 75 21 sädant
460 462 19 27 ej
491 461 91 21 allenast
597 462 95 28 onödigt,
704 463 50 19 utan
766 462 39 20 ock

64 495 34 21 för
113 495 96 28 pupillen
225 495 96 28 menligt.
351 495 34 21 Då
403 496 108 28 pupillens
528 496 103 28 egendom
647 496 109 28 uppginge
772 496 33 20 till

64 530 63 28 ringa
147 530 84 29 belopp,
251 530 70 21 skulle
342 537 26 14 en
390 530 95 29 betydlig
498 530 35 22 del
549 530 23 21 af
588 530 42 21 den
646 531 111 28 medtagas
773 530 32 21 till

65 565 94 21 arvoden
179 565 33 21 för
230 565 175 28 redovisningars
420 565 143 29 upprättande
577 566 39 21 och
632 565 26 22 de
673 566 80 27 bestyr,
774 573 31 13 re-

65 607 35 14 sor
115 607 27 13 m.
160 607 34 19 m.,
209 607 45 14 som
269 600 88 21 dermed
367 600 99 28 åtföljde;
483 601 39 20 och
533 607 45 14 som
589 599 72 22 vidare
672 600 133 21 kommuna!l-

65 634 106 28 styrelsen
191 635 52 20 eller
265 634 247 29 förmyndarenämnden
533 634 53 29 egde
606 635 96 20 beräkna
722 635 33 27 sig
774 634 32 22 till

66 669 39 21 och
125 669 49 20 med
194 675 26 14 en
240 669 39 20 och
301 676 26 14 en
348 669 47 20 half
407 671 90 25 procent
512 669 7 21 i
534 669 120 27 ersättning
669 669 33 20 för
718 669 37 20 sitt
770 669 35 21 be-

66 705 54 25 svär,
140 702 71 22 kunde
227 703 40 21 lätt
282 703 80 26 hända,
376 705 31 19 att
422 705 77 19 räntan
514 703 47 21 icke
573 702 86 28 förslog
674 703 33 21 till
722 705 32 19 att
771 704 34 20 be-

65 738 64 21 täcka
149 738 43 20 alla
211 737 62 21 dessa
293 738 97 27 utgifter,
410 739 51 20 utan
482 739 31 19 att
532 738 104 28 kapitalet
652 738 85 21 komme
752 738 54 21 att
794 733 17 37 i

65 772 77 22 sådant
161 772 101 20 afseende
283 772 112 28 tilleripas.
430 772 92 21 Talaren
542 772 50 21 ville
612 772 93 26 derföre,
721 774 31 19 att
767 773 11 27 &
794 774 12 19 6

65 806 66 22 borde
147 806 76 21 ändras
240 806 99 27 sålunda,
355 808 31 20 att
400 806 137 28 förmyndare
552 814 51 14 vore
618 806 78 28 pligtig
712 808 31 20 att
758 807 49 21 ärli-

67 848 42 21 gen
125 840 80 29 afgifva
221 841 138 28 redovisning
374 840 76 22 endast
460 841 6 20 i
477 841 37 21 det
528 841 44 26 fall,
588 842 31 19 att
630 840 39 22 den
681 841 126 28 omyndiges

66 875 87 21 fränder
169 876 35 20 det
219 875 107 27 fordrade,
342 882 49 14 men
406 875 7 21 i
429 882 70 14 annan
514 875 102 21 händelse
632 874 47 22 icke
695 875 69 21 oftare
780 878 26 18 än

65 910 63 21 hvart
143 910 68 28 tredje
227 910 30 20 är.

133 944 220 28 Landtdagsmännen
372 944 107 26 Simula,
498 944 153 21 Kotilainen
671 944 38 21 och
726 944 80 21 Blom-

66 979 71 28 gvist
152 978 105 22 instämde
273 979 7 20 i
296 978 102 22 Simolins
413 978 105 28 yttrande.

133 1014 221 27 Landtdagsmannen
374 1013 163 28 Hagelstam
559 1013 79 27 gillade
660 1012 147 22 betänkandet

67 1047 146 22 oförändradt.

133 1082 219 29 Landtdagsmannen
374 1082 90 21 Akola
482 1081 112 28 godkände
610 1081 63 22 äfven
690 1081 117 22 betänkan-

67 1117 36 20 det
122 1117 40 20 och
180 1117 83 27 tillade,
283 1118 32 19 att
333 1116 37 21 det
385 1116 133 29 befrämjade
533 1115 65 29 nödig
613 1116 92 29 ordning
720 1116 40 21 och
775 1123 32 14 re-

66 1151 75 28 dighet
156 1153 31 19 att
201 1151 140 28 redovisning
355 1151 99 29 afgäfvos
469 1151 74 27 hvarje
558 1150 30 21 är.

133 1186 62 21 Efter
214 1186 120 21 framställd
349 1186 134 28 proposition
496 1185 47 22 blef
555 1186 12 26 $
583 1186 11 20 6
609 1186 91 27 antagen
718 1185 90 22 medelst

67 1221 27 21 23
109 1222 69 19 röster
193 1223 45 18 mot
255 1222 32 20 13.

134 1255 219 28 Landtdagsmannen
369 1254 117 22 Tiainen
502 1254 112 22 anmärkte
630 1256 58 19 emot
704 1255 10 27 $
732 1256 31 25 11,
778 1256 31 19 att

67 1290 103 22 den'som
187 1290 88 28 myndig
290 1289 72 22 blifvit
377 1289 66 21 borde
458 1289 100 21 förverka
573 1288 139 22 förmänsrätt
728 1290 33 20 för
776 1289 33 20 sin

67 1324 87 21 fordran
171 1324 38 20 hos
224 1324 163 27 förmyndaren,
408 1331 34 13 om
457 1324 43 20 han
514 1324 31 20 lät
561 1324 30 19 ett
606 1324 24 19 är
644 1324 96 26 förflyta,
756 1325 52 19 utan

67 1361 31 18 att
117 1358 22 20 af
157 1358 153 27 förmyndaren
331 1358 81 20 erhälla
427 1357 148 27 redovisning,
598 1357 52 20 eller
665 1357 36 20 vid
716 1356 93 21 domstol

67 1393 52 20 söka
131 1392 80 21 dennes
221 1391 146 29 förpligtande
378 1393 31 20 att
420 1391 65 22 sädan
496 1391 86 28 afgifva.
604 1390 49 22 Den
664 1391 31 20 tid
706 1391 23 20 af
737 1393 33 19 tre
781 1391 28 27 är,

67 1435 46 14 som
129 1427 6 21 i
151 1427 50 21 slikt
216 1427 102 21 afseende
334 1426 71 22 blifvit
419 1426 6 21 i
440 1427 12 27 $
462 1427 76 27 utsatt,
548 1432 51 16 vore
610 1425 88 23 alldeles
708 1425 34 22 för
752 1426 57 28 lång.
