975 1700
361 125 38 17 Den
412 126 9 16 7
434 125 47 23 april.
732 120 40 20 743

52 186 109 22 betsverk.
198 185 126 23 Förökades
351 185 120 21 emellertid
496 184 207 29 ingeniörkorpsens
725 185 74 21 arbete

52 220 74 22 alltför
142 221 92 27 mycket,
250 220 72 22 kunde
335 222 26 26 ju
376 221 52 20 flere
444 220 130 28 tjenstemän
591 220 118 22 tillsvidare
721 222 78 21 anstäl-

52 256 31 21 las
99 256 35 21 vid
150 255 100 28 korpsen.

120 290 221 29 Landtdagsmannen
362 290 71 22 Keto
453 291 60 21 biföll
535 292 157 28 inbjudningen
713 294 40 20 och
767 295 32 20 ut-

53 324 71 21 talade
139 324 42 21 den
197 324 89 27 önskan,
302 326 31 19 att
349 324 86 22 ståndet
449 325 73 21 derom
538 326 67 21 måtte
619 326 76 22 förena
710 328 39 26 sig.

119 358 223 29 Landtdagsmannen
359 359 102 22 Simula
475 362 101 19 motsatte
593 361 33 27 sig
639 361 106 29 förslaget
761 362 38 22 och

52 394 77 28 ansåg,
150 396 32 18 att
201 393 152 28 ridderskapet
372 394 40 20 och
427 394 63 21 adeln
506 395 55 21 dock
577 394 62 22 bordt
655 396 145 28 ihågkomma,

52 430 32 19 att
100 428 73 21 landet
188 428 48 21 icke
252 435 51 14 vore
315 428 23 22 så
348 428 49 27 rikt,
409 430 31 20 att
450 428 38 22 här
499 428 72 23 kunde
583 429 90 23 inrättas
685 431 114 21 allehanda

52 470 42 22 nya
110 463 142 22 embetsverk.

120 497 221 28 Landtdagsmannen
363 497 117 22 Tiainen
501 499 75 20 trodde
592 499 26 21 de
634 499 165 29 ifrågavarande

51 539 42 21 nya
112 533 178 20 embetsmännen
310 532 87 22 komma
413 534 32 20 att
459 533 64 21 hafva
536 534 46 27 just
598 534 79 22 sådana
693 536 105 27 göromål,

52 575 45 13 som
124 567 62 28 älägo
213 567 196 28 ingeniörkorpsen
432 567 39 21 och
493 568 89 28 afböjde
605 569 86 21 derföre
714 570 85 29 inbjud-

51 602 88 28 ningen.

119 636 222 28 Landtdagsmannen
356 636 145 22 Pelkonen
517 645 37 13 var
570 645 51 14 ense
637 638 50 22 med
703 638 96 30 Kumpu-

51 671 80 21 lainen.

119 706 161 28 Inbjudningen
296 706 110 28 afböjdes;
423 709 58 19 emot
495 707 83 21 hvilket
592 708 73 21 beslut
675 708 123 28 landtdags-

52 748 94 14 mannen
161 740 57 22 Keto
234 733 139 29 reserverade
390 742 38 28 sig.

120 777 33 20 4:0
175 775 191 29 Omorganisation
389 776 23 21 af
432 777 134 28 postgängen
590 778 93 20 emellan
708 778 91 22 Finland

52 810 40 22 och
108 810 90 28 Sverige
214 810 60 21 öfver
290 803 83 28 Älands
388 811 42 21 haf.

120 845 221 28 Landtdagsmannen
355 845 192 28 Kumpulainen
562 846 62 21 biföll
634 846 164 29 inbjudningen.

120 880 221 28 Landtdagsmannen
358 880 157 28 Warpenius
531 880 67 28 ansäg
614 882 32 27 sig
654 882 82 27 jemväl
746 882 53 21 böra

53 916 79 26 antaga
155 914 164 29 inbjudningen,
342 915 57 21 helst
421 914 42 22 den
484 915 124 21 nuvarande
628 915 170 29 postforslingen

51 956 52 14 vore
119 950 90 20 förenad
225 950 48 20 med
288 950 59 20 faror
363 951 55 19 samt
433 950 138 28 synnerligen
587 950 110 21 mödosam
712 950 39 21 och
762 950 37 23 be-

52 984 86 28 svärlig.

120 1018 86 22 Jemväl
228 1018 210 28 landtdagsmannen
458 1019 144 21 Pelkonen
623 1020 106 21 instämde
750 1020 49 22 med

51 1054 131 28 föregäende
198 1054 75 21 talare.

119 1089 162 28 Inbjudningen
297 1090 84 26 antogs.

119 1123 140 22 Beträffande
280 1123 131 28 ordningen,
431 1123 7 21 i
458 1123 88 21 hvilken
562 1122 26 22 de
604 1122 107 29 beviljade
728 1124 69 21 ansla-

51 1165 41 21 gen
109 1159 66 20 borde
191 1159 58 27 utgä,
265 1158 123 21 bestämdes
404 1158 124 21 densamma
544 1157 100 22 sälunda:

120 1193 33 20 1:o
175 1193 43 20 Till
237 1193 214 21 folkskoleväsendet
471 1193 91 26 390,000
582 1192 62 21 mark
659 1192 84 28 årligen
760 1200 37 13 un-

51 1227 37 22 der
104 1234 27 14 en
146 1227 31 20 tid
194 1227 22 20 af
230 1229 32 18 tre
279 1227 30 20 år.

120 1262 33 20 2:0
169 1262 42 20 Till
227 1261 130 29 fyrbäkarne
373 1261 12 21 &
401 1261 109 27 Skälskär,
526 1261 172 28 Wargögaddar,
718 1261 80 28 Marja-

50 1297 74 27 niemi,
140 1296 116 27 Säbbskär,
272 1296 117 21 Ulkokalla
405 1297 39 20 och
460 1296 122 29 Skälgrund
598 1297 55 19 samt
669 1295 25 21 de
710 1296 35 20 tvä
756 1296 42 28 fyr-

50 1332 108 27 fartygen,
174 1331 36 20 det
226 1338 40 13 ena
281 1331 6 19 i
303 1331 90 27 Ladoga
408 1331 39 19 och
463 1330 35 21 det
513 1330 67 21 andra
595 1330 37 20 vid
646 1330 94 28 grundet
751 1330 47 20 Sni-

50 1373 43 21 pan
108 1365 7 21 i
131 1365 117 21 Bottniska
263 1364 72 27 viken,
349 1364 142 21 tillsammans
508 1365 90 26 702,880
612 1364 68 20 mark.

119 1400 33 22 3:0
168 1399 43 21 Till
226 1399 151 29 torrläggning
387 1398 25 22 af
419 1398 65 22 Pelso
495 1406 77 20 mosse,
583 1398 86 29 nyttiga
679 1404 66 15 moss-
757 1398 40 20 och

50 1435 152 30 kärrodlingar
221 1437 55 21 samt
296 1434 175 28 forsrensningar
485 1434 7 21 i
507 1434 71 22 Perho
594 1434 13 22 &
624 1434 90 28 187,600
729 1433 68 22 mark,
