975 1700
209 130 39 20 746
495 134 36 16 Den
545 135 10 16 7
565 134 49 22 april.

243 194 124 28 Föredrogs
386 194 153 27 lagutskottets
560 194 83 27 förslag
662 194 34 20 till
716 194 211 28 sammanjemkning

176 230 24 20 af
213 229 103 21 ståndens
333 228 127 28 skiljaktiga
475 229 77 26 beslut,
568 229 7 20 i
591 228 119 28 anledning
725 229 24 20 af
762 229 164 27 propositionen

176 270 35 15 n:o
229 264 32 25 18,
277 262 113 29 angående
406 263 57 21 falsk
478 263 120 27 angifvelse
614 262 40 22 och
670 270 71 14 annan
758 263 168 28 ärekränkning.

245 297 127 22 Bordlades.

245 366 81 22 Vidare
350 366 113 28 föredrogs
486 366 38 22 och
548 366 114 22 bordlades
686 368 153 19 sammansatta
863 368 64 19 stats-

178 402 40 21 och
232 401 252 28 bevillningsutskottets
499 400 144 28 betänkande,
660 400 7 21 i
683 400 117 28 anledning
816 401 23 21 af
848 401 78 28 nådiga

176 436 163 29 propositionen
361 443 34 13 n:o
415 436 33 26 31,
470 436 112 28 angående
603 435 77 29 anslag
695 435 34 21 till
744 435 126 27 folkskolor,
894 436 32 20 till

176 478 42 21 nya
237 470 305 22 kommunikationsanstalter
563 470 39 21 och
623 469 33 21 till
677 469 67 22 andra
760 469 167 29 allmännyttiga

176 506 91 27 företag.

243 574 123 27 Föredrogs
380 574 48 21 från
442 574 143 27 lagutskottet
600 573 120 22 inkommet
731 573 81 28 förslag
826 573 33 21 till
871 581 54 14 sam-

175 608 166 29 manjemkning
356 609 23 20 af
393 607 101 22 ståndens
510 608 77 27 beslut,
603 608 6 21 i
626 608 119 28 anledning
760 608 24 21 af
796 608 129 28 propositio-

175 651 42 14 nen
233 651 36 14 n:o
287 644 32 25 14,
336 643 111 28 angående
462 643 92 28 ändring
569 643 6 20 i
592 642 132 29 nugällande
740 642 133 29 stadganden
891 650 34 14 om

173 677 128 29 kyrkoplikt
317 677 39 22 och
372 677 153 28 upphäfvande
541 678 24 20 af
578 677 41 21 den
635 677 34 21 för
680 678 56 20 vissa
747 677 59 21 brott
815 677 110 28 påbjudna

175 713 63 28 afgift
253 713 34 20 till
302 712 76 28 kyrka.

243 747 125 21 Bordlades.

242 816 123 28 Föredrogs
386 815 78 29 utdrag
484 815 48 22 från
552 815 162 29 ridderskapets
730 816 40 21 och
785 816 75 21 adelns
875 824 50 21 pro-

174 851 69 22 tokoll
263 851 24 20 af
305 850 42 21 den
367 851 42 20 5:te
430 850 7 20 i
458 850 70 21 denna
543 850 85 27 månad,
644 850 61 21 hvari
720 850 65 21 bland
801 853 66 19 annat
882 852 43 21 rid-

175 886 116 27 derskapet
307 885 39 21 och
362 885 63 20 adeln
442 885 100 28 inbjuder
557 884 159 21 bondeståndet
731 887 33 19 att
778 885 77 22 förena
869 886 34 28 sig
918 887 6 20 i

173 919 163 29 ridderskapets
356 919 39 20 och
415 919 74 21 adelns
511 919 76 27 beslut,
606 921 32 18 att
653 919 176 22 bankutskottets
843 921 82 28 förslag

175 955 34 20 till
225 953 213 28 sammanjemkning
456 953 25 21 af
499 953 102 21 ståndens
617 953 58 21 olika
690 954 80 27 beslut,
786 954 6 20 i
808 955 117 28 anledning

177 990 23 20 af
213 988 80 27 nådiga
307 988 175 28 propositionen,
497 987 113 28 angående
627 988 96 21 enskilda
741 989 88 27 banker,
846 989 79 27 kunde,

175 1023 135 21 beträffande
324 1022 143 21 redaktionen
482 1023 23 20 af
518 1023 11 27 $
547 1024 18 25 1,
581 1022 126 28 godkännas
718 1023 90 21 sålunda
818 1025 31 20 att
860 1024 65 21 fram-

174 1058 33 21 för
223 1057 66 22 orden
307 1057 49 26 ,två
371 1057 144 28 tredjedelar"
532 1057 90 20 insattes
638 1056 62 22 ordet
716 1058 164 25 ,åtminstone."”

242 1091 88 28 Bifölls;
354 1091 40 21 och
418 1091 69 21 skulle
510 1091 69 28 öfrige
602 1091 92 21 stånden
717 1092 40 21 och
778 1093 145 28 expeditions-

175 1126 106 21 utskottet
295 1126 75 21 härom
387 1126 136 21 underrättas
539 1132 78 22 genom
633 1126 207 29 protokollsutdrag.

241 1195 12 21 I
275 1194 103 22 afseende
401 1195 12 20 å
433 1194 109 29 justering
564 1195 111 27 upplästes
696 1197 79 20 tvenne
793 1195 129 29 protokolls-

173 1230 79 27 utdrag
267 1230 34 20 för
316 1229 41 20 den
374 1230 42 20 6:te
432 1230 6 19 i
455 1229 70 21 denna
540 1229 83 21 månad.

243 1296 175 23 Sammanträdet
434 1297 101 21 slutades.

703 1334 20 15 In
737 1332 60 18 fidem:

676 1360 54 20 Karl
750 1358 80 23 Limön.
