1067 1825
213 139 54 20 1830
505 142 37 17 Den
561 139 24 19 14
600 140 80 18 Januari.

182 202 72 22 beslut
269 202 121 27 förefinnas,
413 203 40 21 och
475 203 61 21 torde
558 203 69 21 denna
646 202 59 26 fråga
718 202 29 27 pä
761 202 69 26 grund
845 200 23 22 af
881 202 26 20 74
923 201 13 26 8
952 200 7 21 i
972 200 24 21 L.

183 231 25 21 O.
225 231 84 22 säledes
324 220 72 32 kunna
409 234 52 19 utan
475 232 72 22 vidare
563 231 75 27 åtgärd
654 230 139 22 öfverlemnas
809 230 32 21 till
848 229 150 28 Expeditions-

184 260 114 21 utskottet.
327 260 50 21 Med
393 260 112 27 anledning
519 259 63 23 häraf
594 260 41 21 och
649 259 34 21 för
697 261 32 19 att
736 259 47 21 icke
791 258 110 22 föranleda
909 257 92 28 uppskof

183 288 48 22 med
246 288 78 22 sakens
340 288 86 27 slutliga
441 288 121 27 afgörande,
578 288 69 22 skulle
660 288 38 26 jag
712 288 119 26 hemställa,
855 288 33 20 att
909 286 90 22 Ridder-
1022 288 2 13 |

182 317 78 27 skapet
275 316 40 22 och
330 317 69 21 Adeln
413 318 66 20 redan
493 324 29 14 nu
537 316 49 23 ville
600 316 55 22 fatta
669 316 78 27 beslut,
763 316 26 21 sä
803 304 33 33 att
847 311 153 35 Lagutskottet

183 344 32 22 fär
231 346 60 21 detta
305 345 73 22 beslut
393 345 32 27 sig
439 346 80 22 bekant
534 346 40 21 och
589 345 32 21 till
637 334 150 33 efterrättelse.

250 374 55 22 Herr
320 374 142 22 Mechelin:
492 375 33 21 Då
537 375 37 27 jag
589 374 55 22 först
658 374 93 26 begärde
767 374 67 26 ordet,
843 380 38 15 var
896 373 36 21 det
947 373 7 21 i
969 372 30 22 af-
1022 385 2 2 '

183 403 42 27 sigt
241 405 34 19 att
288 402 81 22 föreslä
383 405 31 19 att
429 403 219 27 protokollsutdraget
663 402 68 22 skulle
749 402 129 28 bordläggas
901 402 32 21 till
954 402 46 27 ple-

183 438 50 15 num
248 432 6 21 i
270 432 61 27 gväll,
347 438 49 16 men
411 432 53 22 efter
479 432 126 22 afhörandet
620 432 22 21 af
655 432 49 21 herr
718 432 159 27 Montgomerys
887 430 113 22 framställ-

184 460 50 28 ning
249 461 40 21 har
309 461 37 27 jag
367 460 33 22 för
422 462 42 20 min
480 461 34 22 del
529 461 110 27 ingenting
655 462 56 20 emot
726 462 33 20 att
773 460 74 27 frågan
862 466 29 16 nu
905 460 96 22 kommer
1023 476 2 3 i

185 490 32 21 till
233 489 121 27 afgörande,
370 490 19 21 d.
404 496 20 15 v.
440 496 16 15 s.
472 490 73 27 frågan
561 496 33 16 om
610 491 38 25 att,
664 490 32 21 för
711 490 25 21 sä
749 490 46 21 vidt
817 490 23 20 L.
864 489 24 22 O.
912 488 88 28 medgif-
1023 489 2 2 -

183 524 54 44 ver
247 519 64 21 dessa
332 518 116 28 lagförslag
466 518 69 23 blefve
552 518 88 23 föremål
659 518 32 22 för
707 518 105 22 förstärkt
831 518 96 22 utskotts
942 518 58 27 afgö-

183 553 73 16 rande.

251 576 56 22 Herr
326 582 42 15 von
389 576 117 22 Hellens:
537 576 29 22 Så
588 576 44 22 vidt
646 576 38 27 jag
698 575 65 23 fattat
777 576 50 21 herr
842 576 158 27 Montgomerys
1024 585 2 11 :

183 605 101 28 yrkande,
300 605 25 22 sä
339 605 68 22 skulle
422 606 90 22 rörande
528 606 37 21 det
579 605 67 22 första
660 605 23 22 af
702 604 160 28 ifrågavarande
885 603 116 28 lagförslag
1024 615 2 8 :

183 634 103 27 föreligga
307 634 73 21 beslut
402 634 22 22 af
444 635 90 22 stånden
557 635 25 21 så
599 634 131 27 beskaffade,
749 636 32 19 att
795 633 139 33 lagförslaget
948 635 53 20 utan
1024 630 2 11 i

183 663 72 22 vidare
269 663 72 22 kunde
357 663 23 21 af
392 663 104 22 förstärkt
510 663 86 22 utskott
610 663 90 27 afgöras.
731 663 29 21 Sä
775 663 45 22 vidt
837 663 37 27 jag
895 663 105 22 härintills
1024 673 2 16 :

183 692 39 21 har
237 692 42 27 mig
294 692 87 27 bekant,
397 693 23 21 sä
436 694 24 19 är
476 695 25 20 19
518 692 10 29 $
544 693 6 20 i
565 692 108 27 förslaget,
693 692 85 22 hvilken
800 692 38 21 har
861 699 26 14 en
910 691 92 22 särskild
1024 695 3 25 ;

183 721 118 28 betydelse,
318 709 78 34 endast
410 721 22 22 af
445 723 76 20 tvenne
537 721 63 22 stånd
616 722 99 27 godkänd
730 721 41 22 och
786 720 127 23 deremotaf
925 722 77 20 tvenne
1025 725 2 2 :

185 749 64 22 stånd
263 749 118 23 förkastad.
410 750 47 22 Ifall
472 751 47 21 icke
535 752 32 20 ett
583 750 21 22 af
618 751 26 21 de
660 751 68 26 stånd,
745 756 46 15 som
805 750 107 22 förkastat
927 749 75 22 försla-
1025 762 1 3 :

184 781 42 25 get,
242 785 29 16 nu
285 779 8 21 i
308 779 70 22 denna
393 779 42 28 dag
450 781 88 26 antager
552 764 193 47 Borgareståndets
761 779 130 28 inbjudning,
908 779 25 22 så
947 778 55 22 före-

184 808 68 27 ligger
266 808 7 21 i
289 808 61 21 detta
371 807 100 22 afseende
494 809 36 21 två
552 809 74 21 stånds
650 808 71 21 beslut
736 810 57 19 emot
808 808 43 27 två,
867 808 41 22 och
923 807 33 22 för
970 809 33 20 att
1025 818 2 6 |

185 837 70 22 denna
269 836 101 28 paragraf
382 837 47 22 icke
444 837 55 21 skall
514 837 83 22 förfalla
611 837 39 22 och
666 837 50 22 med
731 837 41 22 den
787 837 49 22 hela
857 836 145 27 författnings-

184 865 109 28 förslaget,
309 865 105 22 erfordras
431 867 33 20 ett
478 866 159 22 ständerbeslut
652 867 33 20 att
699 865 74 28 frågan
787 866 48 21 icke
850 865 32 22 får
898 864 89 23 förfalla.

252 894 56 22 Herr
329 895 186 27 Montgomery:
546 895 42 22 Det
610 901 62 21 synes
694 895 43 27 mig
759 901 51 14 vara
832 894 37 22 det
883 894 119 28 riktigaste,

185 929 34 15 om
241 923 159 28 Ridderskapet
422 924 40 22 och
484 924 68 22 Adeln
574 924 96 22 besluter
692 925 33 20 att
739 924 76 26 frågan
829 924 7 21 i
851 924 41 21 den
908 924 40 26 del,
965 923 38 21 der

185 952 40 22 den
241 952 42 22 kan
299 952 64 22 blifva
377 952 88 22 föremål
479 952 33 23 för
526 953 104 22 förstärkt
644 953 94 21 utskotts
747 952 135 28 behandling,
891 952 47 22 icke
946 951 55 28 finge

184 980 94 28 förfalla;
295 982 28 20 då
337 981 89 22 innebär
441 982 60 22 detta
516 982 70 22 beslut
602 982 40 22 den
664 982 111 27 riktigaste
797 982 112 26 lösningen
925 981 23 22 af
960 980 42 22 frå-

185 1016 41 21 gan
241 1010 46 22 från
302 1010 169 28 Ridderskapets
487 1011 40 22 och
542 1011 79 22 Adelns
637 1010 47 22 sida
697 1011 7 21 i
719 1010 132 22 närvarande
867 1010 66 22 skick.

253 1040 55 21 Herr
323 1046 41 15 von
379 1040 117 22 Hellens:
527 1040 10 22 I
559 1041 37 21 det
612 1042 75 20 senast
700 1040 134 22 framställda
848 1039 103 28 förslaget
966 1046 36 14 an-

184 1067 68 23 håller
264 1069 38 27 jag
317 1068 21 21 få
352 1069 121 21 instämma.

254 1097 71 22 Sedan
340 1097 87 22 ståndet
441 1098 29 27 på
484 1098 49 21 herr
555 1098 216 22 Landtmarskalkens
794 1097 156 27 framställning
964 1097 38 22 be-

186 1125 68 22 slutat
269 1127 33 20 att
316 1132 29 15 nu
360 1126 72 22 skrida
448 1127 32 21 till
489 1125 80 29 slutlig
583 1126 128 27 behandling
727 1126 22 22 af
762 1126 193 28 Borgareständets
970 1126 32 21 in-
1026 1132 3 19 ;

186 1154 109 28 bjudning,
311 1155 111 26 upplästes
438 1155 32 21 till
485 1155 133 22 besvarande
634 1162 26 15 en
675 1156 24 20 sä
698 1143 8 10 ,
715 1155 89 27 lydande
821 1155 142 27 proposition:

254 1200 9 9 »
266 1183 43 26 Vill
331 1184 158 26 Ridderskapet
511 1184 40 21 och
573 1184 68 21 Adeln
663 1184 93 21 förklara
778 1185 33 20 att
832 1184 32 21 uti
879 1183 73 27 frågan
968 1189 34 16 om

185 1211 106 22 särskilda
305 1210 147 29 förordningar
467 1212 109 28 angående
591 1212 200 28 religionsfriheten,
808 1212 26 22 de
850 1212 65 34 delar,
931 1212 71 22 hvilka
1027 1221 2 18 ;

185 1241 72 21 kunna
272 1240 65 22 blifva
351 1241 89 22 föremål
461 1241 33 22 för
515 1241 103 22 förstärkt
638 1242 94 21 utskotts
749 1241 122 28 afgörande,
886 1242 7 21 i
891 1285 2 2 i
910 1241 94 28 enlighet

184 1269 49 22 med
248 1269 194 34 Borgareståndets
458 1270 125 29 inbjudning
597 1270 47 22 icke
659 1270 22 22 få
694 1270 94 27 förfalla;

253 1299 73 21 vinner
340 1299 41 27 nej,
397 1298 82 29 afböjes
494 1299 172 28 inbjudningen*.

253 1327 76 22 Denna
342 1328 133 27 proposition
490 1329 129 22 besvarades
635 1328 23 21 af
677 1328 88 22 ständet
786 1328 49 22 med
857 1327 103 28 enhälligt
972 1328 28 27 ja,

185 1355 40 22 och
240 1362 37 15 var
292 1357 84 20 säledes
391 1357 194 26 Borgareständets
600 1357 125 26 inbjudning
747 1357 23 21 af
790 1357 157 26 Ridderskapet
962 1358 40 20 och

184 1383 69 22 Adeln
269 1386 98 25 antagen.

253 1412 49 21 Med
318 1419 26 15 en
355 1413 129 27 uppmaning
498 1413 32 21 till
539 1413 87 22 ständet
634 1414 32 20 att
673 1413 91 22 klockan
773 1413 46 21 ätta
826 1413 28 27 pä
862 1413 85 22 aftonen
956 1413 47 21 äter

185 1441 84 26 samlas,
292 1440 120 23 förklarade
434 1441 50 22 herr
505 1442 205 21 Landtmarskalken
733 1442 168 22 sammanträdet
915 1442 87 27 upplöst

183 1469 90 22 klockan
289 1470 47 21 half
349 1472 34 20 tre
398 1470 173 29 eftermiddagen.
