1064 1792
223 137 53 19 1796
517 138 39 18 Den
574 137 21 18 11
613 138 81 18 Januari.

195 202 27 19 än
244 200 177 27 vakansafgiften,
443 201 77 21 medan
543 201 47 21 åter
612 201 67 21 andra
700 200 70 22 skulle
791 200 86 21 komma
897 201 33 19 att
945 194 66 41 erfara
1029 202 2 29 |

195 228 71 28 någon
287 229 97 28 lindring.
414 229 11 22 1
446 230 73 27 hvarje
541 229 36 21 fall
600 231 24 20 är
646 230 38 21 det
705 229 41 22 ock
768 230 34 20 att
816 228 74 22 märka
905 229 32 21 att
955 227 76 30 jord-
1019 223 16 39 :

196 258 131 27 egendomen
342 259 65 27 utgör
422 265 26 15 en
463 258 25 22 så
503 258 155 28 öfvervägande
674 259 45 21 stor
735 258 35 22 del
785 257 22 23 af
819 257 176 27 förmögenheten
1001 253 10 37 i
1029 262 2 16 :

194 286 80 28 landet,
291 289 32 20 att
338 287 62 22 äfven
415 288 28 21 då
459 288 40 22 den
516 287 68 27 öfriga
599 286 175 29 förmögenheten
789 287 99 27 indrages
899 286 32 22 till
942 292 73 21 repar-
1028 292 2 4 |

195 316 88 21 tisation
298 316 7 21 i
320 317 41 21 den
376 323 41 21 nya
431 318 88 26 tungan,
536 317 123 21 densamma
675 316 55 22 dock
746 316 68 22 skulle
829 316 33 21 till
872 317 70 21 större
953 315 62 22 delen
1028 317 2 12 |

195 345 54 27 utgå
262 344 48 22 från
322 346 187 26 jordegendomen.
539 346 67 22 Detta
620 346 68 21 måste
703 344 66 23 blifva
786 344 60 23 fallet
864 344 24 22 sä
904 346 61 20 snart
980 344 50 23 det

195 373 67 27 gäller
278 380 26 16 en
320 374 58 22 skatt
393 374 28 28 på
435 374 154 28 förmögenhet.
619 375 32 21 En
667 380 69 16 annan
752 374 40 22 sak
806 380 58 20 vore,
888 380 34 16 om
938 380 26 15 en
977 373 38 21 be-
1028 375 2 3 :

196 402 67 28 tydlig
278 402 35 22 del
328 402 23 22 af
364 403 27 21 de
406 403 106 23 blifvande
527 404 104 22 behofven
647 403 34 22 för
694 403 184 22 militärväsendet
891 402 73 22 kunde
979 408 37 21 ge-
1028 416 2 13 ;

196 437 48 15 nom
260 431 93 23 indirekt
368 432 138 28 beskattning
521 433 131 27 tillgodoses.
682 433 43 21 Det
739 438 51 16 vore
808 432 28 22 dä
858 438 26 16 en
906 431 124 28 möjlighet;

196 462 33 20 att
244 460 41 22 den
301 461 144 27 supplerande
459 462 91 27 kapital-
567 462 52 22 eller
628 461 247 28 föormögenhetsskatten
885 460 71 22 blefve
962 460 68 27 jem-
1020 456 13 38 :

195 488 110 23 förelsevis
320 490 84 27 lindrig,
420 490 77 22 medan
519 491 48 21 åter
582 491 41 21 den
638 490 107 22 indirekta
764 490 106 22 måhända
884 490 86 21 komme
985 490 32 20 att
1043 497 2 2 |:

195 518 63 32 bäras
273 519 32 21 uti
321 520 31 20 ett
367 518 48 23 icke
429 520 135 27 beräkneligt
578 519 132 23 förhällande
725 519 32 21 till
776 517 240 29 förmögenhetsfördel-
1028 543 2 2 :

194 553 85 21 ningen.
1029 567 1 3 i

263 576 50 22 Men
328 582 34 16 om
377 584 49 15 man
442 578 66 21 också
522 578 42 21 kan
579 577 54 28 hysa
647 578 110 26 grundade
768 577 132 27 tvifvelsmål,
911 576 106 22 huruvida

196 611 26 15 en
237 605 103 27 kännbar,
359 606 123 28 betydande
504 607 92 27 lindring
618 606 70 23 skulle
709 607 91 22 beredas
824 612 35 16 oss
882 612 78 22 genom
975 606 55 21 den
1016 601 17 38 :

195 633 152 29 finansåtgärd,
370 641 47 15 som
439 634 162 23 Bondeståndet
622 642 29 14 nu
673 636 67 21 redan
758 636 36 21 vill
809 634 63 24 hafva
886 634 90 28 afgjord,
992 634 25 21 så

195 662 43 21 kan
252 668 49 16 man
316 670 26 14 ur
356 664 87 26 rättslig
457 664 107 28 synpunkt
579 664 52 28 hysa
647 664 79 27 tvifvel,
741 664 106 22 huruvida
862 664 37 21 det
908 669 51 16 vore
967 663 49 21 fullt

196 690 103 29 befogadt
314 693 33 20 att
360 692 95 22 förklara
471 694 40 21 den
526 693 100 22 roterade
642 693 78 27 jorden
743 692 122 28 ovilkorligt
886 692 85 28 skyldig
985 692 44 22 att.

196 720 118 22 tillsvidare
337 721 88 27 erlägga
447 722 174 27 vakansafgiften.
652 722 34 21 Då
707 722 73 27 Borgå
801 722 89 21 ständer
904 721 66 27 ätogo
984 720 45 28 sig.

196 748 176 29 vakansafgiften,
388 750 82 22 skedde
487 751 36 21 det
537 750 33 23 för
585 751 26 21 de
626 750 108 26 frihetsår,
750 750 68 22 under
832 750 73 22 hvilka
922 749 48 22 icke
985 749 32 21 in-

198 777 44 22 delt
264 778 79 22 militär
365 779 70 21 skulle
458 779 89 23 behöiva
564 780 130 27 uppställas;
712 779 88 28 afgiften
816 779 60 27 afsåg
892 780 32 20 att
937 778 92 31 bereda

196 807 69 21 medel
281 807 32 22 till
328 814 70 16 annan
413 808 90 22 militärs
518 809 143 27 bekostande;
678 809 40 21 och
734 810 41 21 den
790 808 69 22 skulle
881 808 90 22 fortfara
985 807 44 29 till.

197 836 50 22 dess
262 836 177 23 nationalmilitär
454 838 46 21 åter
515 838 69 22 blefve
599 838 116 28 uppställd.
745 838 79 22 Tillika
844 837 99 23 uttalade
958 838 59 20 stän-

197 864 72 28 derna,
284 866 8 20 i
308 866 40 22 den
363 866 164 28 petitionsform,
536 874 46 15 som
597 867 34 22 vid
647 867 71 27 Borgå
732 867 104 27 landtdag
844 867 129 21 allmännast
980 872 49 24 an-

196 894 87 27 vändes,
300 896 32 21 att
348 894 26 23 de
389 895 123 28 päräknade
528 896 97 22 befrielse
641 896 33 22 för
686 896 130 28 jordegarne
830 896 68 22 under
912 895 51 22 hela
977 895 52 22 den:

196 922 162 28 ifrägavarande
374 924 59 23 tiden
448 924 47 22 frän
511 925 37 22 allt
563 927 66 20 annat
643 925 158 22 militärbesvär
816 925 40 22 och
872 924 128 27 deltagande
1011 922 18 26 i;

197 951 42 22 alla
260 952 215 27 krigsomkostnader
496 955 49 21 med
566 954 57 22 hvad
646 955 70 21 dertill
739 955 39 22 hör
797 955 25 21 sä
836 955 8 20 i
858 954 123 27 rustningar
996 953 33 22 in:

197 983 77 20 natura
288 987 47 16 som
350 985 71 25 annat,
438 989 19 15 0.
474 989 17 15 s.
506 991 18 14 v.
555 983 76 22 Redan
645 989 77 22 genom
738 985 32 20 att
785 983 86 28 deltaga
884 983 33 22 uti
927 982 41 22 den
979 982 38 21 all-

197 1012 78 19 männä
289 1010 121 29 bevillning,
426 1017 46 16 som
487 1011 33 23 för
534 1013 158 27 värnepligtens
708 1012 112 23 införande
834 1012 68 22 under
910 1013 109 20 närmaste

196 1037 155 34 femärsperiod
362 1042 24 19 är
400 1040 119 29 ifrägasatt,
536 1041 68 23 skulle
619 1041 92 22 sälunda
727 1041 141 28 jordegarene
886 1041 86 22 komma
987 1041 33 20 att

194 1069 67 25 jemte
276 1068 215 29 rotefrihetsafgiften
506 1071 73 21 betala
594 1070 61 22 äfven
672 1071 66 21 andra
753 1070 144 28 krigsgärder,
914 1069 41 22 och
970 1069 48 22 der-

197 1096 84 22 utöfver
304 1098 68 21 skulle
396 1099 27 21 de
441 1099 85 28 deltaga
540 1099 7 22 i
563 1099 74 28 sjelfva
654 1099 154 28 värnepligten.
838 1099 41 27 Jag
893 1099 40 21 har
949 1098 79 28 anfört,

197 1125 66 22 dessa
278 1126 189 29 omständigheter,
482 1128 48 23 icke
545 1128 32 23 för
590 1131 33 20 att
629 1128 95 23 förklara
732 1129 47 21 dem
787 1128 64 22 hafva
858 1128 30 27 pä
898 1127 43 22 min
950 1127 78 22 öfver-'

198 1155 83 27 tygelse
296 1156 76 21 verkat
388 1157 87 26 derhän,
492 1159 32 20 att
537 1158 37 27 jag
589 1158 70 22 skulle
674 1165 52 15 anse
742 1158 37 21 det
786 1157 170 27 vara
840 1151 8 38 i
856 1157 100 27 rättsligt
965 1156 54 22 hän-

198 1184 79 21 seende
293 1184 156 29 otvifvelaktigt
465 1186 71 27 gifvet,
553 1189 32 20 att
599 1186 170 28 vakansafgiften
780 1187 68 22 måste
859 1185 169 29 upphöra
959 1180 8 39 i
978 1180 35 39 och
1020 1180 11 39 :

198 1212 50 21 med
270 1213 120 22 detsamma
411 1215 147 27 värnepligten
580 1215 85 22 införes.
699 1216 71 21 Dessa
791 1215 72 27 frågor
886 1217 38 20 äro
947 1215 72 21 såsom

198 1241 68 21 kändt
281 1241 23 22 af
317 1249 26 15 en
358 1243 83 26 ganska
455 1243 145 28 komplicerad
613 1246 71 25 natur,
700 1244 64 22 dessa
774 1243 128 28 rättsfrågor
912 1249 45 16 som
966 1243 52 22 hän-

198 1269 46 22 föra
259 1270 33 27 sig
306 1271 33 21 till
352 1271 202 28 indelningsverket,
571 1273 27 22 de
613 1273 73 22 kunna
702 1273 40 22 och
757 1273 54 22 böra
826 1272 131 22 skärskådas
971 1271 47 22 från

198 1297 51 34 flere
264 1300 68 26 sidor;
355 1306 48 16 men
427 1301 128 22 åtminstone
577 1303 43 21 kan
643 1302 37 22 det
698 1302 49 21 med
762 1302 36 27 fog
812 1301 75 28 påstås
902 1301 48 22 icke
968 1302 60 21 vara:

198 1327 92 26 evident,
308 1329 33 20 att
356 1329 41 20 den
413 1331 99 20 roterade
525 1331 77 26 jorden
617 1333 24 18 är
655 1331 114 26 rättsligen
790 1330 120 21 förbunden
934 1331 33 19 att
981 1329 37 20 be-

199 1354 44 21 tala
257 1356 143 27 vakansafgift
415 1357 85 22 derföre
515 1359 34 20 att
561 1358 82 21 indelta
657 1359 107 21 militären
783 1359 48 20 icke
853 1357 127 28 uppställes,
996 1358 23 25 ty

199 1382 37 21 det
252 1385 23 19 är
290 1384 66 27 något
378 1387 65 20 annat
465 1392 46 15 som
533 1386 82 22 inträdt
637 1387 69 21 tillika
725 1389 60 19 utom
799 1386 184 28 suspenderandet
999 1384 22 21 af

199 1411 149 28 skyldigheten
364 1415 32 20 att
411 1415 109 27 uppställa
533 1415 68 24 indelt
622 1415 85 27 militär,
730 1415 106 27 nemligen
858 1414 162 28 uppställandet

198 1439 24 22 af
241 1447 26 15 en
289 1443 144 27 värnepligtig
454 1444 64 27 armé,
541 1445 67 26 något
630 1450 47 16 som
698 1444 48 23 icke
767 1444 36 23 vid
825 1444 72 27 Borgå
915 1443 104 26 landtdag

199 1468 133 25 förutsattes.
362 1472 42 27 Jag
425 1473 70 22 måste
517 1473 65 22 likväl
605 1479 58 21 anse,
687 1473 72 23 såsom
778 1473 39 28 jag
832 1473 66 22 också
912 1473 29 27 på
959 1473 60 21 detta

198 1504 48 16 rum
271 1499 47 22 haft
345 1503 52 19 äran
423 1500 58 23 förut
504 1503 63 26 yttra,
594 1503 33 20 att
649 1503 37 21 det
707 1509 50 16 vore
782 1502 82 22 mindre
886 1501 141 30 välbetänkt,

198 1532 35 16 om
255 1534 49 16 man
326 1535 30 16 nu
378 1530 66 27 droge
458 1531 118 22 slutsatsen
591 1533 57 20 tvärt
663 1531 40 22 och
718 1531 121 23 förklarade
855 1533 32 20 att
901 1531 64 27 ingen
980 1536 47 21 va-:

198 1555 107 29 kansagift
327 1565 45 15 mer
394 1558 42 23 kan
459 1559 158 28 ifrågakomma.
647 1561 43 21 Det
712 1562 30 26 är,
759 1561 71 21 såsom
844 1560 183 27 Värnepligtsut-;
