1056 1806
350 127 39 18 Den
408 127 23 18 19
449 128 105 18 December.
797 127 53 21 1577

59 188 22 23 af
101 189 131 29 högvördiga
247 191 168 28 Presteståndet,
431 192 106 28 vällofliga
551 192 181 28 Borgareståndet
748 192 39 22 och
802 193 77 22 heder-

58 219 68 22 värda
140 220 163 22 Bondeståndet
318 221 117 27 godkändt,
451 228 48 15 men
515 222 97 21 deremot
626 222 23 21 af
662 222 114 27 höglofliga
790 222 90 22 Ridder-

60 248 76 27 skapet
160 248 40 22 och
223 249 67 22 Adeln
305 248 129 28 förkastats;
451 250 39 22 och
506 256 46 16 som
568 250 70 22 denna
652 250 60 27 fråga
726 251 64 21 berör
806 251 25 21 de
847 250 33 22 för

59 276 160 28 Ridderskapet
239 278 40 21 och
298 278 69 22 Adeln
384 278 41 22 den
443 281 24 19 16
484 279 97 21 Oktober
597 280 53 20 1723
667 278 113 23 utfärdade
794 280 85 26 privile-

58 306 51 26 gier,
133 308 57 19 samt
211 306 168 27 Ridderskapets
396 307 40 21 och
455 308 79 21 Adelns
550 308 45 21 från
612 308 25 20 de
653 306 67 28 öfriga
735 307 91 22 stånden
841 314 40 15 nu-

59 340 59 16 mera
140 334 125 28 skiljaktiga
286 335 72 21 beslut
380 335 122 27 innehåller,
525 336 65 21 bland
606 338 71 24 annat,
694 338 33 19 att
742 336 139 22 förevarande

58 362 125 28 förordning
205 364 110 26 angående
338 364 187 28 tingsgästningen
548 365 7 21 i
570 365 72 27 hvarje
658 365 102 27 domsaga
775 364 55 28 finge
846 366 34 20 til-

58 392 82 27 lämpas
156 392 54 22 först
225 392 47 22 från
288 393 39 21 och
342 393 49 21 med
407 393 37 21 det
459 394 29 26 år,
504 394 56 20 inom
575 394 81 21 hvilket
672 400 25 16 en
706 393 77 22 reform
792 394 23 20 af
822 394 58 21 dom-

58 421 165 27 stolsväsendet,
247 422 6 20 i
276 421 55 28 syfte
347 424 32 20 att
394 421 75 23 föröka
485 422 80 22 antalet
580 421 22 23 af
615 422 162 22 häradsrättens
792 422 88 27 lagtima

60 449 178 28 sammanträden,
262 451 85 21 komme
369 450 32 22 till
421 451 120 27 utförande,
557 451 39 22 och
613 451 37 21 det
664 451 114 28 höglofliga
794 451 87 22 ståndet

59 479 84 22 således
166 479 36 22 vid
224 479 39 22 sitt
284 479 60 22 bifall
366 480 32 21 till
420 480 78 27 nådiga
512 480 160 27 propositionen
688 480 110 27 angående
813 480 67 28 tings-

59 508 128 27 gästningen
201 507 66 23 fästat
283 510 32 21 ett
329 509 75 27 vilkor,
421 515 52 22 som,
489 510 48 21 med
553 509 100 22 afseende
670 509 51 22 derå
736 511 32 20 att
778 509 104 28 förslaget

60 543 34 16 om
109 537 144 28 nyssberörda
268 538 78 22 reform
361 538 110 22 allaredan
485 538 93 25 förfallit,
594 538 48 22 icke
656 538 43 22 kan
714 538 112 28 uppfyllas,
842 539 40 21 har

59 567 107 22 utskottet
182 569 72 20 ansett
269 569 32 20 att
314 567 78 28 jemväl
409 567 42 22 den
465 567 121 28 föreslagna
601 567 150 27 förordningen
767 573 34 16 om
812 567 67 27 tings-

59 595 99 28 gästning
181 596 40 22 bör
243 595 32 22 för
295 597 69 21 denna
379 597 57 26 gång
451 603 62 15 anses
529 596 63 22 hafva
607 595 93 28 förfallit,
717 596 40 21 och
772 596 56 27 förty
843 597 37 20 be-

60 625 62 21 slutit
137 626 33 20 att
185 625 32 21 till
232 625 249 27 Expeditionsutskottet
497 625 129 22 öfverlemna
640 625 155 26 handlingarna
805 625 6 21 i
820 627 61 19 ären-

61 653 37 22 det
112 660 48 15 men
175 653 64 22 likväl
255 656 54 19 trott
324 654 33 27 sig
371 655 53 21 böra
439 661 35 14 om
489 655 69 21 denna
574 655 32 21 sin
615 653 135 28 uppfattning
758 654 124 27 härigenom

59 682 115 28 höglofliga
189 683 159 28 Ridderskapet
363 683 40 22 och
417 683 69 22 Adeln
501 683 109 22 vördsamt
625 683 131 22 underrätta.

128 711 134 28 Helsingfors
279 712 40 22 den
337 714 25 19 18
377 712 120 22 December
513 713 61 21 1877.

306 753 36 22 På
361 753 152 22 utskottets
532 755 110 25 vägnar:

340 793 55 28 Aug.
410 793 74 22 Fredr.
501 793 101 23 Jansson.

128 851 31 23 På
181 851 94 28 begäran
295 851 22 22 af
329 852 74 21 herrar
418 851 132 23 Mechelin
565 851 40 22 och
620 851 132 23 Järnefelt
766 849 116 24 bordlades

61 881 70 22 denna
146 880 112 23 skrifvelse
271 881 79 28 jemväl
365 881 34 21 till
413 881 171 27 morgondagens
599 881 92 27 plenum.

129 939 32 22 En
176 938 55 23 ifrån
245 939 154 27 Lagutskottet
413 939 106 28 ingången
534 938 113 23 skrifvelse
661 939 111 28 upplästes
780 938 58 27 härå,
846 945 36 16 va-

61 969 66 21 rande
143 968 124 22 densamma
281 968 26 21 så
321 968 102 28 lydande:

233 1014 40 22 Till
286 1014 119 28 Höglofliga
419 1014 153 27 Ridderskapet
588 1014 36 21 och
638 1013 76 22 Adeln.

129 1054 56 22 Från
199 1054 160 28 Lagutskottet.

130 1084 84 22 Genom
237 1084 106 22 särskilda
357 1084 197 28 protokollsutdrag
569 1084 39 21 har
623 1082 153 28 Lagutskottet
790 1081 42 23 fått
847 1082 33 28 sig

62 1112 129 28 meddeladt,
208 1114 32 21 att
256 1114 155 26 Ridderskapet
428 1113 40 21 och
483 1113 68 22 Adeln
566 1112 71 22 funnit
644 1112 76 27 nödigt
727 1112 91 21 anmoda
826 1112 54 26 Lag-

62 1142 106 21 utskottet
184 1143 33 20 att
231 1142 107 22 inkomma
352 1142 49 21 med
416 1142 100 27 yttrande
532 1148 34 15 om
581 1142 72 21 hvilka
667 1140 123 28 paragrafer
798 1140 22 21 af
827 1140 53 22 Vär-

62 1170 213 28 nepligtsutskottets
291 1170 135 23 betänkande
441 1171 8 21 i
464 1170 113 27 anledning
593 1169 23 23 af
628 1170 78 27 nädiga
720 1169 161 27 propositionen

63 1206 34 15 om
118 1199 130 28 värnepligts
270 1200 111 22 införande
399 1199 7 22 i
425 1200 73 22 landet
513 1199 106 22 innehålla
634 1198 139 28 stadganden,
789 1203 46 16 som
849 1198 33 21 in-

63 1228 82 22 nefatta
160 1228 281 28 grundlagsbestämningar,
457 1228 109 22 äfvensom
582 1229 32 21 att
628 1227 169 26 Bondeständet,
814 1227 28 27 pä
850 1227 31 21 in-

62 1257 102 28 bjudning
187 1257 23 22 af
223 1257 158 27 Ridderskapet
397 1257 40 22 och
452 1258 73 25 Adeln,
542 1257 33 27 sig
590 1257 74 21 härom
677 1256 90 25 förenat,
784 1262 48 15 men
848 1257 34 19 att

63 1286 97 21 deremot
174 1286 85 21 Preste-
276 1286 40 22 och
331 1286 192 26 Borgareständen,
538 1285 33 21 till
585 1285 71 21 hvilka
672 1284 111 22 enahanda
798 1284 84 26 inbjud-

63 1314 49 27 ning
128 1313 87 27 aflätits,
232 1314 68 28 afböjt
315 1315 129 21 densamma.

132 1343 33 21 Då
181 1343 89 22 sålunda
285 1344 76 21 endast
376 1344 37 21 två
427 1343 63 21 stånd
507 1344 71 20 ansett
594 1343 32 21 ett
641 1342 76 21 sådant
724 1341 99 27 yttrande
832 1340 53 22 böra

64 1372 154 26 Lagutskottet
240 1371 109 27 affordras,
365 1378 48 16 men
429 1371 26 21 de
471 1372 35 21 två
521 1371 67 22 andra
602 1370 90 22 stånden
708 1376 76 21 genom
799 1369 85 27 inbjud-

64 1401 90 27 ningens
177 1400 113 28 afböjande
313 1401 79 21 uttalat
407 1401 32 27 sig
455 1400 101 26 deremot,
572 1400 39 21 har
625 1399 165 27 Lagutskottets
806 1398 76 26 flertal,

65 1429 28 20 då
108 1430 60 20 detta
183 1430 78 20 ärende
277 1430 7 19 i
300 1430 41 25 dag
356 1429 31 20 till
403 1430 76 25 åtgärd
493 1430 58 20 inom
565 1428 109 20 utskottet
688 1426 108 25 förevarit,
812 1426 71 20 funnit

64 1457 66 26 något
144 1457 100 27 yttrande
259 1457 8 21 i
281 1457 136 21 omförmäldt
430 1456 54 27 syfte
499 1457 33 21 uti
546 1456 77 21 sakens
638 1455 122 21 nuvarande
769 1454 60 22 skick
836 1454 48 21 icke

64 1485 73 21 kunna
152 1484 22 22 af
188 1485 153 27 Lagutskottet
356 1484 95 28 afgifvas.

133 1513 134 28 Helsingfors
283 1514 41 21 den
341 1516 24 19 15
381 1513 120 22 December
518 1514 61 20 1877.

282 1553 35 22 På
334 1554 208 27 Lagutskottets
563 1555 109 24 vägnar:

418 1588 27 22 A.
465 1587 79 22 Wrede.
