1061 1803
364 128 39 17 Den
422 125 24 20 19
461 127 105 19 December.
790 126 53 21 1557

57 188 41 21 min
122 188 35 22 del
180 195 63 16 anser
263 189 38 28 jag
328 190 69 21 denna
418 190 126 27 hänvisning
568 190 32 21 till
624 189 112 23 framtiden
760 197 52 15 vara
833 190 39 22 alls

57 217 54 22 intet
126 217 58 22 värd.

124 246 113 22 Utskottet
255 246 61 22 anför
337 247 33 22 väl
393 247 71 22 såsom
485 247 55 26 skäl,
556 249 32 20 att
604 247 74 27 åtgärd
694 247 66 22 borde
775 248 97 27 vidtagas

56 274 32 21 till
103 274 242 29 hypoteksföreningens
360 276 169 21 säkerställande
544 275 32 22 för
595 276 119 27 framtiden,
738 277 24 20 så
777 278 33 19 att
824 283 49 15 man

55 309 51 16 vore
128 303 64 22 säker
214 304 28 27 på
264 305 33 20 att
319 305 69 21 denna
410 305 69 21 skänk
497 304 22 22 af
540 306 90 23 600,000
645 305 60 20 mark
719 305 73 21 kunde
807 305 66 27 något

55 338 74 21 gagna.
161 333 112 21 Utskottet
286 333 39 22 har
339 333 46 22 haft
400 333 34 22 del
450 333 22 22 af
484 333 241 28 hypoteksföreningens
740 333 132 22 årsredovis-

54 361 75 27 ningar
145 361 40 22 och
201 361 22 22 af
235 361 187 28 förhandlingarne
437 362 35 22 vid
487 362 134 27 föreningens
631 362 183 26 bolagsstämmor.
844 362 29 22 Af

55 389 64 22 dessa
133 390 43 21 kan
190 390 113 27 inhemtas,
319 392 32 20 att
364 390 50 28 föga
428 391 71 27 någon
515 390 165 28 bolagsstämma
694 391 115 27 försiggått
819 392 52 20 utan

54 418 159 28 öfverläggning
229 425 34 15 om
277 419 241 28 hypoteksföreningens
529 420 176 22 säkerställande.
730 420 140 27 Naturligtvis

53 446 40 22 har
108 447 42 22 den
164 447 33 22 för
213 448 36 21 det
264 450 70 20 mesta
356 448 65 22 afsett
440 448 240 28 hypoteksföreningens
701 448 171 22 säkerställande

52 477 46 20 mot
112 476 102 22 förluster
229 476 34 23 vid
286 476 134 28 utgifvandet
443 477 22 21 af
485 483 41 21 nya
539 478 42 26 lån,
602 477 40 21 och
657 477 7 21 i
679 477 78 21 sådant
772 476 99 24 afseende

53 505 40 21 har
108 505 41 21 den
166 512 39 15 ena
221 505 104 27 åtgärden
340 505 54 23 efter
409 506 41 22 den
466 506 66 21 andra
545 506 69 22 blifvit
628 505 106 28 vidtagen,
752 506 45 21 dels
806 507 25 21 så
840 508 32 19 att

55 533 74 22 lånens
145 534 78 27 belopp
239 534 69 22 blifvit
322 534 106 27 nedsatta,
445 534 46 22 dels
507 534 25 22 så
546 536 33 20 att
585 534 209 28 värderingstariffen
802 535 70 21 ställts

52 562 65 27 lägre,
134 563 46 22 dels
197 563 24 22 så
237 565 32 20 att
283 563 223 28 värderingsmännen,
522 570 45 15 som
582 563 58 22 förut
655 564 88 27 utsågos
751 563 119 28 häradsvis,

52 597 29 16 nu
97 591 69 23 blifvit
180 592 131 22 reducerade
327 592 31 21 till
374 593 36 21 två
424 593 7 20 i
447 593 74 27 hvarje
535 593 41 26 län,
592 592 28 27 på
636 592 37 22 det
688 595 32 19 att
741 599 49 15 man
813 599 59 15 mera

52 620 35 21 må
101 621 73 21 kunna
188 621 39 21 lita
241 621 28 27 på
285 622 62 21 deras
370 621 121 22 erfarenhet
513 622 40 21 och
576 621 116 27 duglighet.
721 621 151 28 Hvarjehanda

52 649 67 22 andra
133 649 72 22 beslut
219 649 64 23 hafva
291 650 103 27 derjemte
401 649 84 28 fattats,
501 651 41 21 alla
556 651 8 20 i
579 649 55 28 syfte
650 651 32 20 att
697 650 128 22 säkerställa
832 650 38 27 hy-

51 678 210 28 poteksföreningen,
277 685 48 16 men
340 680 48 21 med
403 679 82 22 hvilkas
501 679 153 28 uppräknande
667 679 37 28 jag
719 679 47 22 icke
781 679 36 22 vill
832 686 39 21 up-

52 707 86 27 pehälla
154 708 36 21 det
203 708 116 27 höglofliga
333 708 92 22 ståndet.
455 708 44 21 Det
513 711 23 19 är
550 708 98 26 ledsamt,
665 710 34 19 att
708 709 109 21 utskottet
824 708 47 22 icke

51 736 85 27 uttalat,
153 736 82 22 kanske
251 737 47 21 icke
312 736 82 22 kunnat
409 737 75 26 uttala,
500 737 55 21 hvad
569 737 107 21 utskottet
691 737 121 27 egentligen
826 743 45 15 me-

50 767 43 19 nat.
123 765 78 21 Månne
217 766 118 21 detsamma
350 772 46 16 som
412 766 27 21 de
446 766 168 25 kommitterade,
624 772 34 15 om
668 766 86 21 hvilka
746 761 11 35 i
764 766 106 21 utskotts-

51 794 148 22 betänkandet
221 795 61 25 talas,
299 794 40 22 och
360 794 73 22 hvilka
453 794 62 22 hafva
529 794 64 22 väckt
606 794 87 28 förslag,
709 796 33 20 att
754 794 115 28 hypoteks-

52 822 124 28 föreningen
192 823 69 22 skulle
277 824 90 21 sålunda
381 824 165 26 reorganiseras,
558 824 32 20 att
612 824 41 21 den
677 823 68 21 skulle
767 824 103 26 upplösas

51 852 40 22 och
107 852 106 22 särskilda
227 852 228 28 hypoteksföreningar
470 852 7 22 i
491 852 63 22 länen
568 852 97 26 inrättas,
680 852 33 21 för
721 852 73 22 hvilka
801 852 69 22 skulle

50 880 106 22 anskaffas
171 881 118 27 penningar
303 880 48 22 från
366 887 26 15 en
415 881 78 21 allmän
515 880 285 29 hypoteksföreningsbank?
829 881 41 27 Jag

49 909 107 23 förmodar
172 910 36 22 det
223 912 24 19 är
262 910 60 22 detta
336 910 85 27 förslag,
444 910 107 22 utskottet
573 909 71 27 afsett,
668 910 28 21 då
714 910 108 22 utskottet
836 911 32 20 ta-

50 939 33 21 lar
99 945 34 15 om
148 939 175 27 reorganisation.
353 939 49 21 Men
425 938 38 23 det
485 941 24 19 är
530 938 85 28 mycket
636 939 41 21 lätt
698 938 78 28 insedt,
798 938 72 23 hvilka

49 968 76 27 många
145 968 132 27 svårigheter
303 968 175 28 genomförandet
500 968 22 22 af
542 970 32 19 ett
596 967 78 23 sådant
695 967 81 28 förslag
793 969 75 21 möter.

49 997 34 21 Då
98 996 124 28 föreningen
237 1004 29 14 nu
281 998 23 21 är
319 997 29 27 på
362 996 46 23 helt
422 997 67 21 andra
504 996 92 28 grunder
611 996 86 28 anlagd;
713 997 28 21 då
756 997 41 22 den
812 997 58 27 gjort

48 1026 142 28 upplåningar
203 1026 7 22 i
225 1026 38 22 sitt
279 1026 131 22 närvarande
424 1026 93 22 bestånd
532 1026 72 22 såsom
620 1032 25 15 en
660 1025 98 28 förening
772 1026 33 21 för
819 1026 49 22 hela

47 1055 80 26 landet,
143 1055 56 22 både
213 1055 7 21 i
235 1055 99 22 utlandet
349 1055 40 21 och
404 1055 58 21 inom
476 1055 73 21 landet
564 1061 75 21 genom
654 1054 124 27 utgifvande
786 1054 22 22 af
815 1054 53 22 obli-

48 1083 103 28 gationer,
167 1083 33 22 för
214 1083 71 22 hvilka
301 1083 42 22 den
357 1083 132 22 närvarande
511 1083 123 27 föreningen
655 1085 23 19 är
698 1083 105 27 ansvarig,
826 1083 42 22 och

48 1113 27 20 då
91 1113 116 21 ständerna
215 1112 61 27 gifvit
283 1112 84 27 garanti
376 1111 34 22 för
417 1112 134 27 föreningens
559 1112 36 21 lån
604 1112 72 21 såsom
689 1113 42 20 den
743 1112 123 21 nuvarande

47 1141 141 27 föreningens,
205 1141 28 21 då
247 1141 118 27 penningar
379 1141 96 21 utlånats
490 1141 33 20 till
536 1141 123 21 nuvarande
682 1141 100 26 delegare
798 1141 69 21 under

48 1170 68 21 denna
131 1169 160 28 förutsättning,
307 1170 26 21 så
348 1171 23 20 är
386 1169 37 22 det
439 1169 133 28 sannerligen
586 1169 49 22 icke
650 1169 70 28 någon
734 1169 42 22 lätt
787 1170 39 21 sak
834 1171 32 20 att

47 1205 78 20 genom
140 1198 89 22 anförda
243 1198 179 27 omorganisation
438 1198 85 21 komma
538 1199 31 21 till
588 1199 69 20 större
680 1198 107 22 säkerhet.
817 1199 50 21 Men

47 1227 42 22 alla
112 1227 133 27 svårigheter
265 1228 72 22 kunna
349 1227 24 27 ju
392 1227 131 22 öfvervinnas
546 1227 40 22 och
606 1227 79 28 brytas.
715 1227 42 27 Jag
772 1227 95 22 anhåller

47 1257 56 21 dock
117 1256 50 23 med
182 1256 114 28 anledning
311 1256 22 22 af
346 1257 56 21 hvad
418 1262 27 16 en
461 1256 51 22 ärad
527 1257 111 21 reservant
651 1258 68 26 yttrat
738 1256 22 21 få
782 1258 84 24 nämna,

47 1287 32 20 att
95 1291 34 17 om
143 1286 114 26 meningen
274 1285 55 22 varit
352 1285 41 22 den
415 1286 33 20 att
469 1285 132 21 direktionen
616 1285 65 21 bordt
695 1285 107 21 inkomma
817 1285 49 21 med

47 1316 32 20 ett
94 1315 78 21 sådant
185 1314 86 28 förslag,
287 1314 25 22 så
327 1316 24 19 är
365 1314 59 22 detta
439 1315 33 20 att
486 1314 79 27 begära
573 1313 152 27 omöjligheter.
748 1314 117 22 Dessutom

46 1344 99 26 uppdrog
160 1343 41 22 den
215 1343 173 27 bolagsstämma,
404 1348 45 16 som
465 1344 64 26 utsåg
546 1342 162 22 kommitterade
732 1344 32 20 att
786 1342 78 22 under-

47 1372 54 22 söka
113 1372 136 27 föreningens
264 1372 106 27 ställning,
388 1372 22 21 åt
423 1372 164 21 kommitterade
609 1372 33 20 att
664 1372 97 26 uppgöra
776 1370 88 28 förslag,

46 1401 25 21 så
86 1403 33 19 att
134 1400 174 22 kommitterades
323 1400 79 27 förslag
416 1400 70 22 måste
501 1401 7 21 i
522 1400 72 27 hvarje
616 1400 103 22 händelse
741 1399 121 28 föreläggas

45 1429 167 26 bolagsstämma
227 1430 40 19 och
283 1429 133 20 direktionen
431 1429 46 19 icke
494 1435 50 19 eger
558 1428 70 20 allena
645 1428 87 25 vidtaga
746 1428 68 25 några
829 1428 33 20 åt-

46 1457 83 26 gärder.
159 1457 139 21 Direktionen
312 1455 56 22 hade
391 1455 66 22 också
477 1455 174 22 kommitterades
674 1455 110 21 utlåtande
807 1455 56 21 blott

46 1486 33 20 tre
94 1485 65 26 dagar
174 1491 34 15 om
222 1485 63 26 hand,
301 1483 43 22 förr
359 1486 27 19 än
400 1484 59 21 Hans
474 1483 120 28 Kejserliga
608 1483 112 28 Majestäts
728 1483 78 28 nådiga
814 1490 48 21 pro-

45 1513 95 28 position
154 1513 32 22 till
201 1513 116 22 ständerna
331 1512 122 23 utdelades.
