1067 1770
209 135 54 20 1778
502 135 38 17 Den
559 133 20 18 11
598 134 80 17 Januari.

180 204 81 15 samma
276 197 46 22 står
337 203 35 16 oss
388 198 75 25 öppen,
480 197 40 22 och
535 196 32 22 för
582 195 42 22 min
640 195 34 22 del
689 195 35 22 vill
737 195 38 27 jag
790 201 29 15 nu
833 195 91 21 likasom
938 194 58 22 förut

179 226 58 21 hålla
251 226 43 27 mig
308 225 98 22 frikallad
421 225 47 22 från
483 226 101 21 ansvaret
597 224 33 22 för
644 224 37 22 det
695 224 73 22 beslut
782 229 46 16 som
841 224 38 27 jag
893 229 29 16 nu
929 223 67 22 redan

179 254 100 23 förutser.

181 318 43 21 ken
239 317 150 22 missförstånd
403 317 52 22 eller
469 316 244 28 meningsskiljaktighet
728 315 35 22 må
778 322 40 21 ega
832 322 46 15 rum
887 315 110 28 angående

181 347 127 27 betydelsen
330 346 21 22 af
371 347 32 21 att
425 345 54 22 efter
500 345 97 28 pröfning
612 345 22 22 af
648 346 32 20 ett
694 344 197 27 grundlagsförslag
904 344 94 22 förklara

182 375 37 22 det
233 375 105 22 hvilande.
368 375 55 22 Herr
438 374 152 27 Björkenheim
604 374 39 22 har
658 373 49 28 sjelf
720 373 32 21 uti
767 373 38 21 sitt
819 374 87 21 senaste
921 373 76 22 andra-

181 404 70 26 gande
265 405 75 25 utsagt
355 403 65 27 detta,
437 405 33 19 att
484 403 116 22 ständerna
614 402 92 27 granska
721 403 32 20 ett
768 401 122 28 lagförslag,
902 402 40 21 och
950 402 48 22 der-

182 431 54 22 efter
250 432 71 22 lemna
336 432 37 22 det
387 431 114 22 beroende.
530 431 63 21 Hvad
610 431 88 21 innebär
721 431 69 20 denna
811 430 143 27 granskning?
968 431 29 27 jo,

182 462 33 20 att
236 460 102 28 paragraf
357 460 34 22 för
412 460 101 27 paragraf
533 459 50 28 gilla
601 459 51 23 eller
666 458 64 28 ogilla
744 458 144 28 lagförslaget.
917 459 43 21 Det
976 460 23 20 är

180 489 49 22 icke
244 495 26 15 en
285 488 131 28 granskning
430 494 46 16 som
491 488 69 22 skulle
574 488 72 22 kunna
660 487 63 22 hafva
738 488 39 21 sitt
791 487 86 27 uttryck
886 487 8 21 i
901 486 97 23 frånvaro

182 518 23 22 af
225 518 94 27 gillande
341 518 52 21 eller
415 517 106 27 ogillande
543 518 61 26 åsigt.
636 516 99 26 Sålunda,
752 522 34 16 om
808 522 48 16 man
871 516 82 22 lemnar
968 518 32 20 ett
1023 507 19 26 |

247 289 57 22 Herr
318 289 140 22 Mechelin:
488 289 42 26 Jag
543 288 43 21 kan
608 287 48 22 icke
677 288 65 21 annat
757 289 27 20 än
799 287 67 21 önska
888 288 33 21 att
935 287 62 23 hvar-
1023 279 3 27 i

181 546 198 28 grundlagsförslag
393 546 106 26 hvilande,
516 546 24 22 så
554 546 104 27 föreligga
673 546 71 21 såsom
758 545 92 22 resultat
865 544 23 23 af
902 545 41 21 den
957 545 42 22 för-

182 578 34 19 sta
230 576 155 27 behandlingen
401 576 27 21 de
443 575 87 27 äsigter,
545 575 73 22 hvilka
633 574 72 22 dervid
719 574 57 28 gjort
791 574 32 27 sig
837 574 105 27 gällande.

249 610 63 22 Hvad
327 610 67 22 sedan
408 610 131 22 vidkommer
554 610 70 21 denna
638 609 113 27 inledning,
774 609 89 22 hvarom
885 608 57 23 olika
956 615 44 15 me-
1023 621 2 7 :

184 639 75 27 ningar
279 640 86 27 yttrats,
389 640 24 20 sä
435 645 63 21 synes
520 638 44 28 mig
586 640 32 20 att
636 638 66 22 redan
717 638 50 22 herr
781 638 219 22 Landtmarskalkens

182 667 123 28 förklaring,
321 669 32 21 att
369 668 60 21 äfven
445 668 69 21 denna
528 667 129 26 behandling
672 672 50 16 vore
738 667 105 26 eventuel,
853 666 68 23 borde
935 667 66 22 verka
1023 667 2 8 :

182 696 108 27 lugnande
305 696 58 28 uppå
378 697 54 25 dem,
449 702 45 16 som
509 696 7 21 i
532 696 66 22 orden
614 695 95 27 ,förenat
724 696 33 26 sig
773 702 34 15 om
823 696 32 21 att
865 697 90 26 antaga”
965 702 36 16 ve-
1023 708 2 2 :

182 725 31 21 lat
228 731 24 16 se
268 726 31 21 ett
315 725 86 22 absolut
414 725 108 22 bindande
538 724 76 22 beslut.
644 724 12 21 I
669 724 48 21 fullt
734 724 44 21 lika
795 724 79 28 positiv
895 724 53 22 form
964 726 36 20 äro
1022 722 2 27 ;

183 754 65 22 dessa
261 755 41 20 124
316 753 126 28 paragrafer
456 753 108 27 affattade,
581 752 110 28 angående
705 752 73 22 hvilka
793 752 158 28 Ridderskapet
961 753 40 22 och
1023 754 2 13 ;

183 782 69 22 Adeln
267 782 54 22 efter
337 782 122 22 diskussion
474 782 96 26 beslutit,
585 782 40 21 och
641 782 54 21 dock
711 781 35 22 stä
754 781 27 21 de
791 781 72 22 säsom
873 781 57 22 blott
938 788 62 15 even-
1023 785 1 3 '

184 811 55 21 tuelt
253 811 105 27 gällande,
372 811 32 21 till
420 811 49 22 dess
484 810 75 28 frägan
574 817 34 15 om
623 810 95 27 uppskof
738 809 69 23 blifvit
829 810 89 28 afgjord.
948 810 54 22 Lika

183 840 109 22 eventuelt
306 840 42 22 kan
363 846 48 16 man
426 841 79 25 antaga
518 840 69 21 denna
594 838 144 27 formulering,
747 844 77 21 genom
830 838 87 23 hvilken
924 840 78 22 tvenne
1022 845 3 20 '

183 868 179 27 förutsättningar
376 868 76 21 bindas
467 868 36 21 vid
519 868 130 27 antagandet
664 867 23 22 af
698 867 71 27 lagen.

251 909 56 21 Herr
321 908 191 27 Björkenheim,
527 907 91 23 Robert:
648 907 41 28 Jag
704 907 82 27 nödgas
806 909 27 20 än
856 914 27 15 en
905 908 55 27 gäng
975 908 27 22 be
1022 897 3 33 |

183 942 35 16 om
233 937 72 27 tillgift
319 938 33 20 att
363 937 38 28 jag
415 938 68 26 yttrar
496 937 66 26 några
577 936 44 22 ord.
651 937 46 20 Den
713 936 136 27 granskning,
865 936 87 23 hvarom
964 936 38 29 jag
1022 941 2 2 :

183 965 54 22 talat
252 965 40 22 och
307 971 46 16 som
368 966 49 21 herr
431 965 106 22 Mechelin
552 965 132 26 omnämnde,
699 965 40 21 har
754 965 67 27 enligt
842 965 43 21 min
908 965 94 27 uppfatt-
1022 965 2 2 :

184 993 51 28 ning
249 995 55 20 varit
319 993 23 23 af
354 994 76 27 nöden,
446 993 33 22 för
495 995 32 20 att
542 993 75 26 erfara,
633 993 56 22 huru
704 993 226 28 ständerpluraliteten
944 994 60 21 velat

183 1021 76 22 affatta
274 1029 26 15 en
314 1022 166 27 värnepligtslag
495 1022 33 22 för
541 1022 96 27 Finland,
649 1022 72 21 derest
732 1028 26 15 en
766 1022 67 21 sädan
841 1021 70 22 skulle
918 1022 85 22 komma

183 1052 34 20 att
231 1051 131 26 godkännas,
379 1051 39 21 och
432 1050 56 22 först
502 1050 67 22 sedan
585 1050 60 21 detta
660 1050 59 22 skett
733 1049 40 23 har
785 1051 38 26 jag
838 1050 63 23 tänkt
915 1052 33 20 att
958 1057 44 16 ma-

181 1079 102 27 joriteten
305 1080 58 21 inom
383 1079 131 27 landtdagen
536 1079 68 22 skulle
623 1079 69 21 uttala
714 1079 39 27 sig,
773 1085 34 15 om
823 1079 27 22 de
864 1079 72 22 kunna
950 1079 52 28 god-
1022 1086 2 23 ;

183 1108 71 22 känna
269 1115 26 15 en
310 1108 168 27 värnepligtslag
492 1108 33 21 för
539 1107 95 27 Finland,
650 1107 25 22 sä
683 1107 136 28 formulerad,
830 1107 52 22 eller
891 1114 34 15 om
933 1107 70 23 denna
1022 1124 1 3 :

183 1136 115 29 majoritet,
314 1143 46 15 som
375 1137 69 21 skulle
458 1137 100 27 möjligen
573 1137 71 21 kunna
661 1135 67 22 bildas
744 1136 23 22 af
781 1136 41 22 den
836 1136 59 22 förra
917 1136 85 22 minori-
1022 1159 2 2 ;

184 1167 60 20 teten
259 1165 40 22 och
315 1167 32 20 ett
362 1166 58 21 antal
436 1165 22 22 af
471 1165 140 28 majoriteten,
628 1171 47 15 som
689 1165 32 21 till
737 1165 51 27 följd
803 1165 24 22 af
845 1165 100 22 ärendets
960 1165 42 22 för-
1022 1169 2 13 :

183 1194 51 27 lopp
249 1194 72 22 kunde
336 1194 86 22 ansluta
436 1194 34 26 sig
485 1194 32 21 till
532 1195 42 21 den
588 1193 63 27 förra,
671 1193 68 22 skulle
761 1192 96 23 förkasta
878 1194 68 27 lagen,
963 1194 40 22 och
1022 1192 1 3 :

186 1223 122 26 derigenom
322 1222 40 22 har
374 1223 38 27 jag
426 1224 72 20 ansett
512 1222 74 27 frågan
601 1228 51 16 vara
667 1223 76 26 öppen,
759 1223 25 21 sä
803 1222 63 27 länge
888 1223 116 22 ständerna
1022 1247 2 2 :

184 1251 48 22 icke
246 1251 65 22 fattat
326 1251 72 22 beslut
412 1251 112 27 angående
539 1251 121 27 ingressen;
675 1253 22 25 ty
712 1251 64 27 lagen
790 1252 24 21 är
829 1251 66 28 enligt
909 1251 44 22 min
966 1258 36 15 en-
1021 1268 3 17 :

184 1279 81 27 faldiga
279 1279 136 28 uppfattning
430 1281 57 20 ännu
502 1279 48 22 icke
565 1279 106 27 godkänd.

253 1314 98 20 Friherre
366 1319 39 15 von
421 1313 77 26 Born,
512 1314 36 20 V.:
577 1313 11 21 I
602 1315 91 19 motsats
708 1314 51 24 mot,
776 1313 72 21 såsom
860 1314 38 26 jag
912 1315 52 25 tror,
975 1314 27 20 de
1021 1311 3 21 :

185 1343 77 20 tvenne
285 1343 87 19 senaste
394 1340 66 22 ärade
482 1341 89 26 talarne,
594 1340 85 22 således
702 1340 63 22 äfven
781 1340 50 22 herr
845 1341 156 27 Björkenheim,
1021 1346 2 3 :

184 1370 43 22 kan
240 1370 37 28 jag
292 1370 48 22 icke
355 1375 52 17 anse
422 1371 33 20 att
470 1369 41 21 den
526 1369 135 28 granskning,
677 1374 45 17 som
737 1369 39 22 här
795 1369 120 28 försiggått,
938 1376 64 22 grun-

185 1399 39 22 dar
245 1399 34 27 sig
300 1399 29 27 på
350 1398 70 28 någon
442 1398 131 22 föreskrift
568 1394 14 36 i
590 1398 137 28 grundlagen.
757 1398 73 28 Enligt
850 1398 24 22 L.
890 1398 25 22 O.
930 1399 73 23 kunna
1021 1400 2 12 :

185 1428 123 27 ständerna,
322 1429 53 21 utan
390 1429 32 21 att
437 1434 55 21 egna
507 1429 32 21 ett
554 1426 197 29 grundlagsförslag
771 1428 71 28 någon
864 1428 138 28 granskning,
1021 1427 2 24 :

185 1457 130 23 åtminstone
336 1458 53 21 utan
410 1458 34 21 att
460 1456 55 22 fatta
529 1456 66 28 några
610 1456 112 22 eventuela
743 1456 72 23 beslut
830 1457 7 21 i
851 1456 60 29 fråga
927 1464 33 15 om
976 1464 26 16 en
1021 1456 2 22 :

185 1482 255 60 grundlagsproposiien,
456 1486 70 22 lemna
541 1486 123 22 densamma
677 1486 100 22 hvilande
794 1486 33 22 till
848 1488 64 20 nästa
932 1487 70 22 landt-

200 1522 34 23 ag.
263 1516 39 22 Att
316 1522 29 15 nu
360 1515 157 27 Ridderskapet
532 1515 39 22 och
586 1514 69 23 Adeln
669 1515 48 23 icke
735 1516 25 21 sä
775 1516 62 28 gjort,
861 1517 33 21 att
915 1516 87 22 ståndet
1020 1517 3 31 ;

185 1545 102 27 granskat
300 1544 40 23 och
355 1543 64 23 fattat
434 1544 112 23 eventuela
568 1544 79 28 beslut,
663 1544 63 22 beror
740 1544 47 23 icke
804 1545 29 28 pä
854 1545 70 27 någon
945 1544 56 24 före-
1020 1554 3 7 :
