1056 1764
367 115 38 18 Den
422 113 26 19 28
464 115 104 18 December.
786 115 53 20 1615

53 177 38 22 ket
106 177 90 22 emellan
210 177 143 23 Tammerfors
369 178 40 22 och
424 179 72 22 Etseri
508 179 78 27 jemväl
602 179 68 22 blifvit
680 179 22 22 af
708 179 163 22 Bondeståndet

53 206 157 28 uttryckeligen
231 207 129 27 namngifvet
382 207 72 22 såsom
468 207 88 28 förtjent
571 209 33 20 att
617 208 51 27 ingå
682 209 8 20 i
703 208 85 21 landets
805 210 65 19 stam-

52 235 97 27 bansnät,
166 241 63 16 anser
243 235 108 22 utskottet
365 237 33 20 att
412 235 74 28 frågan
501 236 32 21 uti
549 237 69 20 denna
634 237 34 21 del
682 237 66 21 redan
763 236 68 23 blifvit
840 237 31 21 af-

52 264 62 27 gjord
136 270 76 21 genom
234 264 92 27 lagenlig
348 265 116 26 pluralitet.
501 265 169 21 Vidkommande
690 265 101 27 slutligen
814 271 56 16 sam-

52 292 284 28 manjemkningsförslagets
358 292 68 28 fjerde
447 293 157 27 hufvudstycke
628 293 51 22 eller
693 293 74 27 frägan
784 300 33 15 om
833 300 37 15 an-

52 321 46 27 slag
112 321 34 22 för
165 322 151 21 meranämnda
329 322 108 25 bandelar,
454 322 24 21 sä
492 321 63 22 hafva
570 321 77 22 endast
661 322 85 22 Preste-
762 322 41 22 och
817 322 53 21 Bor-

52 350 143 27 gareständen
216 350 57 21 velat
294 350 34 21 för
349 351 121 21 ändamälet
490 351 114 26 disponera
618 352 126 25 20,750,000
760 351 66 26 mark,
842 351 29 26 pä

52 380 44 21 sätt
110 379 108 21 utskottet
233 379 73 21 derom
321 378 117 28 föreslagit,
453 379 112 22 hvaremot
579 379 159 28 Ridderskapet
746 380 40 21 och
794 379 75 27 Adeln,

51 407 8 22 i
81 407 222 22 öfverensstämmelse
325 408 49 21 med
396 409 38 20 sitt
449 408 91 27 tidigare
556 408 72 22 beslut
643 408 7 21 i
665 408 73 27 saken,
754 408 32 21 för
803 409 68 21 denna

52 437 56 27 gång
129 436 113 22 inskränkt
261 437 104 26 anslaget,
381 437 25 21 sä
420 437 33 21 att
469 436 36 21 det
520 436 68 22 under
603 438 63 20 nästa
680 437 191 27 landtdagsperiod

53 465 18 27 ej
87 465 56 27 finge
159 465 131 27 öfverskjuta
305 467 33 20 tre
353 465 97 28 miljoner
465 465 60 22 mark
539 465 33 22 för
587 465 73 27 hvarje
676 466 29 26 är,
722 467 56 20 samt
786 465 85 22 Bonde-

52 494 87 21 ständet
162 494 49 21 med
226 494 86 26 hänsigt
327 493 32 22 till
374 494 49 21 dess
440 494 144 27 nyssnämnda
600 493 112 22 afvikande
727 494 73 21 beslut
814 494 57 22 velat

51 523 49 22 med
116 523 74 26 anslag
204 522 140 27 understödja
360 523 75 21 endast
450 523 181 21 Davidstad—S:t
645 523 77 22 Michel
734 523 97 27 jernväg.
861 523 10 21 I

52 551 114 28 anledning
182 551 61 22 deraf
255 551 33 22 fär
303 552 114 26 utskottet,
433 557 45 16 som
495 558 62 15 anser
572 552 89 21 ärendet
675 552 7 21 i
698 552 60 21 detta
772 551 99 28 partiella

53 580 100 22 afseende
174 580 83 27 jemlikt
280 581 26 20 72
329 580 11 27 $
362 582 13 19 2
390 587 62 15 mom.
469 580 22 22 af
503 581 233 26 landtdagsordningen
751 581 53 21 böra
819 580 52 22 hän-

52 609 82 28 skjutas
158 609 33 22 till
213 609 84 27 slutligt
312 609 116 27 afgörande
444 609 22 22 af
479 609 104 22 förstärkt
598 609 150 26 Statsutskott,
765 609 33 21 till
812 609 58 26 Hög-

52 638 72 27 lofliga
138 638 160 27 Ridderskapet
314 638 40 21 och
369 638 67 22 Adeln
451 639 110 21 vördsamt
576 638 113 22 hemställa
704 638 105 23 huruvida
823 638 48 21 icke

52 667 75 28 frägan
142 667 66 22 borde
223 667 32 22 för
271 667 77 22 sädant
364 667 97 22 ändamä!
477 667 31 22 dit
523 667 146 22 öfverlemnas.

119 695 133 28 Helsingfors
269 696 41 21 den
325 697 27 20 22
367 696 119 22 December
502 697 60 20 1877.

239 742 34 21 Pä
288 742 276 27 Jernvägsutskottets
580 743 103 25 vägnar:

576 781 26 22 G.
618 789 41 14 von
673 781 95 28 Alfthan.

121 841 76 21 Denna
212 839 111 23 skrifvelse
338 839 114 23 bordlades
467 839 33 22 till
515 840 169 27 morgondagens
699 840 93 27 plenum.

121 898 40 22 Till
176 898 129 27 behandling
320 898 110 28 föredrogs
445 897 250 27 Bevillningsutskottets
706 897 119 27 bordlagda
835 897 37 22 be-

53 928 108 21 tänkande
176 927 8 22 i
199 927 114 27 anledning
329 927 22 22 af
364 927 78 27 nädiga
456 927 162 28 propositionen
633 927 109 27 angäende
753 927 119 26 utgörande

54 956 23 23 af
89 957 116 27 bevillning
220 956 32 22 för
269 958 54 20 1878
339 956 40 22 och
394 955 172 30 nästpäföljande
581 956 30 21 är.

120 985 57 22 Herr
198 985 196 28 Björkenheim,
417 985 87 26 Robert,
521 984 66 23 erhöll
602 985 28 26 pä
645 985 94 26 begäran
754 984 63 21 ordet
832 984 40 21 och

52 1015 95 28 yttrade:
176 1014 44 22 Det
234 1013 107 22 förefaller
356 1014 42 27 mig
413 1014 59 22 svärt
487 1015 33 21 att
534 1015 79 25 antaga
628 1019 26 15 en
669 1013 205 26 bevillningsstadga

52 1044 34 22 för
99 1042 129 23 kommande
244 1043 29 26 är,
290 1042 72 22 förrän
376 1049 50 16 man
440 1044 42 26 vet,
498 1043 104 22 huruvida
617 1041 70 28 någon
702 1041 115 28 bevillning
831 1041 51 22 blir-

54 1073 22 21 af
97 1072 76 22 nöden.
204 1071 39 22 Om
258 1071 106 28 nemligen
379 1073 16 20 t.
412 1079 31 15 ex.
458 1071 194 28 värnepligtslagen
666 1071 48 22 icke
729 1071 96 21 kommer
841 1071 33 20 att

54 1101 23 22 af
90 1101 116 22 ständerna
220 1101 132 27 godkännas,
368 1101 26 21 sä
408 1101 107 22 erfordras
529 1101 63 26 ingen
606 1099 121 27 bevillning.
758 1099 41 27 Jag
813 1099 60 22 hem-

54 1131 74 22 ställer
143 1129 83 22 derföre
242 1129 32 22 till
289 1129 115 28 höglofliga
418 1129 94 28 ständet,
527 1129 105 22 huruvida
651 1129 47 21 icke
713 1128 48 22 skäl
775 1134 51 16 vore
840 1127 33 23 för

53 1160 85 21 handen
161 1160 33 20 att
212 1159 117 27 uppskjuta
344 1159 60 22 detta
419 1159 91 22 ärendes
525 1157 129 28 behandling
668 1157 43 22 tills
726 1157 79 26 vidare,
822 1157 52 22 eller

54 1195 35 16 om
104 1189 37 22 det
155 1187 116 28 höglofliga
286 1188 92 26 ständet,
394 1187 32 22 för
442 1189 32 21 att
488 1188 48 22 icke
551 1188 95 27 upptaga
662 1187 26 22 de
699 1186 54 22 sista
761 1186 112 22 timmarne

54 1217 22 22 af
96 1217 142 26 landtdagens
261 1222 147 17 sammanvaro
430 1217 49 22 med
502 1218 32 20 att
556 1216 104 27 genomgä
676 1216 32 21 ett
721 1215 61 27 längt
797 1215 75 22 betän-

54 1247 77 26 kande,
147 1245 50 22 ville
213 1245 109 22 eventuelt
336 1246 105 27 genomgä
456 1246 119 21 detsamma
590 1251 35 20 nu,
642 1244 52 22 eller
702 1245 32 20 att
742 1244 131 21 ätminstone

55 1275 11 28 8
90 1277 10 19 1
124 1274 70 23 skulle
209 1275 81 21 lemnas
305 1274 113 27 beroende,
433 1274 34 21 till
483 1275 49 21 dess
548 1273 81 23 erfaras
644 1273 49 27 kan,
709 1279 35 15 om
759 1272 114 27 bevillning

53 1304 41 22 blir
108 1303 123 26 nödvändig
246 1303 52 21 eller
312 1303 54 21 icke.

122 1331 99 22 Friherre
236 1337 41 16 von
291 1331 79 27 Born,
379 1331 32 22 V.:
427 1331 41 27 Jag
476 1331 58 22 delar
541 1330 130 27 fullkomligt
679 1330 41 21 den
728 1329 22 22 af
755 1329 51 22 herr
812 1329 61 26 Björ-

54 1361 100 22 kenheim
168 1359 126 23 framhällna
310 1359 163 28 uppfattningen
488 1360 22 21 af
524 1361 69 20 denna
607 1358 67 27 fräga,
690 1357 40 23 och
740 1357 36 22 det
784 1357 26 22 sä
817 1363 57 22 myc-

54 1390 39 21 ket
113 1389 74 26 hellre,
212 1395 46 15 som
280 1390 27 20 37
330 1388 33 27 $i
377 1389 24 20 L.
416 1389 25 20 O.
457 1389 41 20 och
512 1389 75 26 början
603 1387 22 21 af
638 1387 145 26 föreliggande
798 1386 75 31 betän-

54 1417 70 22 kande
146 1417 144 28 uttryckligen
312 1416 193 27 vidhandengifver,
529 1418 31 19 att
581 1415 104 26 förslaget
699 1414 32 21 till
745 1414 128 27 bevillnings

53 1446 120 27 utgörande
181 1446 39 21 bör
228 1439 128 38 diskuteras,
362 1445 61 22 sedan
434 1445 154 27 beviliningens
596 1443 77 28 belopp
680 1443 70 21 blifvit
756 1443 117 21 bestämdt.

55 1475 34 22 Dä
111 1474 101 28 beloppet
234 1476 57 20 ännu
312 1473 48 23 icke
383 1476 23 19 är
420 1474 114 27 bestämdt,
550 1474 25 21 sä
590 1478 62 23 synes
668 1472 37 22 det
720 1471 107 27 oformligt
841 1472 33 21 att

57 1504 111 22 diskutera
182 1510 27 15 en
224 1503 210 28 bevillningsstadga,
450 1509 46 16 som
511 1502 106 23 måhända
632 1501 47 22 icke
694 1502 84 21 komme
793 1502 33 20 att
836 1501 37 21 be-

56 1533 82 24 höfvas,
168 1533 41 29 Jag
224 1532 32 23 får
273 1532 71 24 derför
358 1532 74 23 förena
446 1532 43 28 mig
503 1533 7 21 i
525 1532 49 22 herr
588 1530 161 29 Björkenheims
765 1529 86 29 förslag.
