<?xml version="1.0" encoding="UTF-8"?>
<alto xmlns="http://www.loc.gov/standards/alto/ns-v3#" xmlns:xlink="http://www.w3.org/1999/xlink" xmlns:xsi="http://www.w3.org/2001/XMLSchema-instance" xsi:schemaLocation="http://www.loc.gov/standards/alto/ns-v3# http://www.loc.gov/alto/v3/alto-3-0.xsd">
	<Description>
		<MeasurementUnit>pixel</MeasurementUnit>
		<sourceImageInformation>
			<fileName>/tmp/tess_ygxc4oxk_input.PNG</fileName>
		</sourceImageInformation>
		<OCRProcessing ID="OCR_0">
			<ocrProcessingStep>
				<processingSoftware>
					<softwareName>tesseract 5.3.4</softwareName>
				</processingSoftware>
			</ocrProcessingStep>
		</OCRProcessing>
	</Description>
	<Layout>
		<Page WIDTH="1064" HEIGHT="1775" PHYSICAL_IMG_NR="0" ID="page_0">
			<PrintSpace HPOS="0" VPOS="0" WIDTH="1064" HEIGHT="1775">
				<ComposedBlock ID="cblock_0" HPOS="217" VPOS="137" WIDTH="470" HEIGHT="21">
					<TextBlock ID="block_0" HPOS="217" VPOS="137" WIDTH="470" HEIGHT="21">
						<TextLine ID="line_0" HPOS="217" VPOS="137" WIDTH="470" HEIGHT="21">
							<String ID="string_0" HPOS="217" VPOS="138" WIDTH="55" HEIGHT="20" WC="0.95" CONTENT="1746"/><SP WIDTH="239" VPOS="138" HPOS="272"/>
							<String ID="string_1" HPOS="511" VPOS="138" WIDTH="39" HEIGHT="18" WC="0.96" CONTENT="Den"/><SP WIDTH="18" VPOS="138" HPOS="550"/>
							<String ID="string_2" HPOS="568" VPOS="137" WIDTH="24" HEIGHT="19" WC="0.93" CONTENT="10."/><SP WIDTH="15" VPOS="137" HPOS="592"/>
							<String ID="string_3" HPOS="607" VPOS="138" WIDTH="80" HEIGHT="18" WC="0.90" CONTENT="Jannari."/>
						</TextLine>
					</TextBlock>
				</ComposedBlock>
				<ComposedBlock ID="cblock_1" HPOS="183" VPOS="200" WIDTH="846" HEIGHT="1389">
					<TextBlock ID="block_1" HPOS="187" VPOS="200" WIDTH="842" HEIGHT="260">
						<TextLine ID="line_1" HPOS="189" VPOS="200" WIDTH="840" HEIGHT="30">
							<String ID="string_4" HPOS="189" VPOS="200" WIDTH="64" HEIGHT="23" WC="0.96" CONTENT="blifva"/><SP WIDTH="15" VPOS="200" HPOS="253"/>
							<String ID="string_5" HPOS="268" VPOS="201" WIDTH="37" HEIGHT="22" WC="0.96" CONTENT="två"/><SP WIDTH="14" VPOS="201" HPOS="305"/>
							<String ID="string_6" HPOS="319" VPOS="202" WIDTH="86" HEIGHT="26" WC="0.96" CONTENT="gånger,"/><SP WIDTH="16" VPOS="202" HPOS="405"/>
							<String ID="string_7" HPOS="421" VPOS="200" WIDTH="106" HEIGHT="22" WC="0.96" CONTENT="måhända"/><SP WIDTH="15" VPOS="200" HPOS="527"/>
							<String ID="string_8" HPOS="542" VPOS="202" WIDTH="32" HEIGHT="20" WC="0.96" CONTENT="tre"/><SP WIDTH="16" VPOS="202" HPOS="574"/>
							<String ID="string_9" HPOS="590" VPOS="200" WIDTH="80" HEIGHT="28" WC="0.96" CONTENT="gånger"/><SP WIDTH="17" VPOS="200" HPOS="670"/>
							<String ID="string_10" HPOS="687" VPOS="202" WIDTH="69" HEIGHT="20" WC="0.96" CONTENT="större"/><SP WIDTH="23" VPOS="202" HPOS="756"/>
							<String ID="string_11" HPOS="779" VPOS="202" WIDTH="27" HEIGHT="20" WC="0.96" CONTENT="än"/><SP WIDTH="22" VPOS="202" HPOS="806"/>
							<String ID="string_12" HPOS="828" VPOS="200" WIDTH="117" HEIGHT="22" WC="0.95" CONTENT="ständerna"/><SP WIDTH="22" VPOS="200" HPOS="945"/>
							<String ID="string_13" HPOS="967" VPOS="200" WIDTH="40" HEIGHT="21" WC="0.92" CONTENT="och"/><SP WIDTH="20" VPOS="200" HPOS="1007"/>
							<String ID="string_14" HPOS="1027" VPOS="225" WIDTH="2" HEIGHT="5" WC="0.76" CONTENT=":"/>
						</TextLine>
						<TextLine ID="line_2" HPOS="189" VPOS="228" WIDTH="818" HEIGHT="29">
							<String ID="string_15" HPOS="189" VPOS="230" WIDTH="91" HEIGHT="27" WC="0.93" CONTENT="specielt"/><SP WIDTH="14" VPOS="230" HPOS="280"/>
							<String ID="string_16" HPOS="294" VPOS="229" WIDTH="246" HEIGHT="28" WC="0.92" CONTENT="Värnepligtsutskottet"/><SP WIDTH="14" VPOS="229" HPOS="540"/>
							<String ID="string_17" HPOS="554" VPOS="229" WIDTH="63" HEIGHT="21" WC="0.96" CONTENT="tänkt"/><SP WIDTH="14" VPOS="229" HPOS="617"/>
							<String ID="string_18" HPOS="631" VPOS="229" WIDTH="33" HEIGHT="27" WC="0.96" CONTENT="sig"/><SP WIDTH="15" VPOS="229" HPOS="664"/>
							<String ID="string_19" HPOS="679" VPOS="229" WIDTH="47" HEIGHT="22" WC="0.95" CONTENT="den."/><SP WIDTH="29" VPOS="229" HPOS="726"/>
							<String ID="string_20" HPOS="755" VPOS="229" WIDTH="35" HEIGHT="21" WC="0.97" CONTENT="Nu"/><SP WIDTH="15" VPOS="229" HPOS="790"/>
							<String ID="string_21" HPOS="805" VPOS="229" WIDTH="42" HEIGHT="21" WC="0.96" CONTENT="kan"/><SP WIDTH="15" VPOS="229" HPOS="847"/>
							<String ID="string_22" HPOS="862" VPOS="228" WIDTH="38" HEIGHT="23" WC="0.93" CONTENT="det"/><SP WIDTH="13" VPOS="228" HPOS="900"/>
							<String ID="string_23" HPOS="913" VPOS="228" WIDTH="94" HEIGHT="23" WC="0.91" CONTENT="visserli-"/><SP WIDTH="20" VPOS="228" HPOS="1007"/>
							<String ID="string_24" HPOS="1027" VPOS="231" WIDTH="2" HEIGHT="17" WC="0.91" CONTENT=";"/>
						</TextLine>
						<TextLine ID="line_3" HPOS="189" VPOS="258" WIDTH="817" HEIGHT="28">
							<String ID="string_25" HPOS="189" VPOS="265" WIDTH="41" HEIGHT="21" WC="0.96" CONTENT="gen"/><SP WIDTH="14" VPOS="265" HPOS="230"/>
							<String ID="string_26" HPOS="244" VPOS="265" WIDTH="52" HEIGHT="15" WC="0.96" CONTENT="vara"/><SP WIDTH="14" VPOS="265" HPOS="296"/>
							<String ID="string_27" HPOS="310" VPOS="259" WIDTH="83" HEIGHT="27" WC="0.96" CONTENT="möjligt"/><SP WIDTH="14" VPOS="259" HPOS="393"/>
							<String ID="string_28" HPOS="407" VPOS="260" WIDTH="34" HEIGHT="20" WC="0.96" CONTENT="att"/><SP WIDTH="14" VPOS="260" HPOS="441"/>
							<String ID="string_29" HPOS="455" VPOS="265" WIDTH="48" HEIGHT="15" WC="0.93" CONTENT="man"/><SP WIDTH="16" VPOS="265" HPOS="503"/>
							<String ID="string_30" HPOS="519" VPOS="258" WIDTH="47" HEIGHT="22" WC="0.92" CONTENT="frän"/><SP WIDTH="15" VPOS="258" HPOS="566"/>
							<String ID="string_31" HPOS="581" VPOS="258" WIDTH="78" HEIGHT="27" WC="0.91" CONTENT="mänga"/><SP WIDTH="14" VPOS="258" HPOS="659"/>
							<String ID="string_32" HPOS="673" VPOS="258" WIDTH="44" HEIGHT="22" WC="0.92" CONTENT="häll"/><SP WIDTH="14" VPOS="258" HPOS="717"/>
							<String ID="string_33" HPOS="731" VPOS="258" WIDTH="48" HEIGHT="22" WC="0.92" CONTENT="icke"/><SP WIDTH="14" VPOS="258" HPOS="779"/>
							<String ID="string_34" HPOS="793" VPOS="258" WIDTH="68" HEIGHT="22" WC="0.93" CONTENT="skulle"/><SP WIDTH="15" VPOS="258" HPOS="861"/>
							<String ID="string_35" HPOS="876" VPOS="264" WIDTH="53" HEIGHT="16" WC="0.92" CONTENT="anse"/><SP WIDTH="17" VPOS="264" HPOS="929"/>
							<String ID="string_36" HPOS="946" VPOS="258" WIDTH="60" HEIGHT="22" WC="0.96" CONTENT="detta"/>
						</TextLine>
						<TextLine ID="line_4" HPOS="187" VPOS="286" WIDTH="818" HEIGHT="28">
							<String ID="string_37" HPOS="187" VPOS="287" WIDTH="34" HEIGHT="23" WC="0.96" CONTENT="för"/><SP WIDTH="15" VPOS="287" HPOS="221"/>
							<String ID="string_38" HPOS="236" VPOS="294" WIDTH="26" HEIGHT="16" WC="0.93" CONTENT="en"/><SP WIDTH="15" VPOS="294" HPOS="262"/>
							<String ID="string_39" HPOS="277" VPOS="288" WIDTH="62" HEIGHT="22" WC="0.92" CONTENT="väda."/><SP WIDTH="29" VPOS="288" HPOS="339"/>
							<String ID="string_40" HPOS="368" VPOS="288" WIDTH="41" HEIGHT="26" WC="0.96" CONTENT="Jag"/><SP WIDTH="14" VPOS="288" HPOS="409"/>
							<String ID="string_41" HPOS="423" VPOS="288" WIDTH="39" HEIGHT="21" WC="0.93" CONTENT="ber"/><SP WIDTH="15" VPOS="288" HPOS="462"/>
							<String ID="string_42" HPOS="477" VPOS="287" WIDTH="118" HEIGHT="22" WC="0.92" CONTENT="emellertid"/><SP WIDTH="16" VPOS="287" HPOS="595"/>
							<String ID="string_43" HPOS="611" VPOS="289" WIDTH="33" HEIGHT="20" WC="0.97" CONTENT="att"/><SP WIDTH="14" VPOS="289" HPOS="644"/>
							<String ID="string_44" HPOS="658" VPOS="286" WIDTH="32" HEIGHT="22" WC="0.96" CONTENT="för"/><SP WIDTH="15" VPOS="286" HPOS="690"/>
							<String ID="string_45" HPOS="705" VPOS="288" WIDTH="43" HEIGHT="21" WC="0.96" CONTENT="min"/><SP WIDTH="15" VPOS="288" HPOS="748"/>
							<String ID="string_46" HPOS="763" VPOS="287" WIDTH="34" HEIGHT="22" WC="0.93" CONTENT="del"/><SP WIDTH="14" VPOS="287" HPOS="797"/>
							<String ID="string_47" HPOS="811" VPOS="287" WIDTH="23" HEIGHT="21" WC="0.92" CONTENT="fä"/><SP WIDTH="14" VPOS="287" HPOS="834"/>
							<String ID="string_48" HPOS="848" VPOS="287" WIDTH="105" HEIGHT="26" WC="0.91" CONTENT="bekänna,"/><SP WIDTH="14" VPOS="287" HPOS="953"/>
							<String ID="string_49" HPOS="967" VPOS="288" WIDTH="38" HEIGHT="26" WC="0.96" CONTENT="att,"/>
						</TextLine>
						<TextLine ID="line_5" HPOS="189" VPOS="316" WIDTH="817" HEIGHT="28">
							<String ID="string_50" HPOS="189" VPOS="316" WIDTH="66" HEIGHT="28" WC="0.94" CONTENT="enligt"/><SP WIDTH="14" VPOS="316" HPOS="255"/>
							<String ID="string_51" HPOS="269" VPOS="316" WIDTH="43" HEIGHT="22" WC="0.96" CONTENT="min"/><SP WIDTH="15" VPOS="316" HPOS="312"/>
							<String ID="string_52" HPOS="327" VPOS="316" WIDTH="71" HEIGHT="27" WC="0.93" CONTENT="tanke,"/><SP WIDTH="15" VPOS="316" HPOS="398"/>
							<String ID="string_53" HPOS="413" VPOS="316" WIDTH="75" HEIGHT="28" WC="0.91" CONTENT="lagens"/><SP WIDTH="16" VPOS="316" HPOS="488"/>
							<String ID="string_54" HPOS="504" VPOS="316" WIDTH="68" HEIGHT="28" WC="0.96" CONTENT="skydd"/><SP WIDTH="15" VPOS="316" HPOS="572"/>
							<String ID="string_55" HPOS="587" VPOS="316" WIDTH="7" HEIGHT="21" WC="0.93" CONTENT="i"/><SP WIDTH="16" VPOS="316" HPOS="594"/>
							<String ID="string_56" HPOS="610" VPOS="316" WIDTH="100" HEIGHT="22" WC="0.92" CONTENT="afseende"/><SP WIDTH="23" VPOS="316" HPOS="710"/>
							<String ID="string_57" HPOS="733" VPOS="316" WIDTH="13" HEIGHT="22" WC="0.91" CONTENT="ä"/><SP WIDTH="23" VPOS="316" HPOS="746"/>
							<String ID="string_58" HPOS="769" VPOS="317" WIDTH="32" HEIGHT="21" WC="0.93" CONTENT="ett"/><SP WIDTH="22" VPOS="317" HPOS="801"/>
							<String ID="string_59" HPOS="823" VPOS="316" WIDTH="96" HEIGHT="28" WC="0.92" CONTENT="ständigt"/><SP WIDTH="22" VPOS="316" HPOS="919"/>
							<String ID="string_60" HPOS="941" VPOS="316" WIDTH="65" HEIGHT="22" WC="0.92" CONTENT="beak-"/>
						</TextLine>
						<TextLine ID="line_6" HPOS="187" VPOS="345" WIDTH="841" HEIGHT="27">
							<String ID="string_61" HPOS="187" VPOS="346" WIDTH="66" HEIGHT="22" WC="0.93" CONTENT="tande"/><SP WIDTH="15" VPOS="346" HPOS="253"/>
							<String ID="string_62" HPOS="268" VPOS="345" WIDTH="23" HEIGHT="22" WC="0.96" CONTENT="af"/><SP WIDTH="13" VPOS="345" HPOS="291"/>
							<String ID="string_63" HPOS="304" VPOS="346" WIDTH="41" HEIGHT="21" WC="0.96" CONTENT="den"/><SP WIDTH="23" VPOS="346" HPOS="345"/>
							<String ID="string_64" HPOS="368" VPOS="345" WIDTH="70" HEIGHT="22" WC="0.93" CONTENT="finska"/><SP WIDTH="21" VPOS="345" HPOS="438"/>
							<String ID="string_65" HPOS="459" VPOS="345" WIDTH="156" HEIGHT="27" WC="0.92" CONTENT="krigsmaktens"/><SP WIDTH="24" VPOS="345" HPOS="615"/>
							<String ID="string_66" HPOS="639" VPOS="345" WIDTH="104" HEIGHT="26" WC="0.91" CONTENT="ändamäl,"/><SP WIDTH="21" VPOS="345" HPOS="743"/>
							<String ID="string_67" HPOS="764" VPOS="345" WIDTH="48" HEIGHT="22" WC="0.91" CONTENT="icke"/><SP WIDTH="21" VPOS="345" HPOS="812"/>
							<String ID="string_68" HPOS="833" VPOS="346" WIDTH="42" HEIGHT="20" WC="0.96" CONTENT="kan"/><SP WIDTH="21" VPOS="346" HPOS="875"/>
							<String ID="string_69" HPOS="896" VPOS="352" WIDTH="52" HEIGHT="15" WC="0.89" CONTENT="vara"/><SP WIDTH="15" VPOS="352" HPOS="948"/>
							<String ID="string_70" HPOS="963" VPOS="345" WIDTH="43" HEIGHT="22" WC="0.89" CONTENT="lika"/><SP WIDTH="20" VPOS="345" HPOS="1006"/>
							<String ID="string_71" HPOS="1026" VPOS="345" WIDTH="2" HEIGHT="17" WC="0.96" CONTENT="|"/>
						</TextLine>
						<TextLine ID="line_7" HPOS="188" VPOS="374" WIDTH="840" HEIGHT="28">
							<String ID="string_72" HPOS="188" VPOS="376" WIDTH="55" HEIGHT="20" WC="0.96" CONTENT="stort"/><SP WIDTH="14" VPOS="376" HPOS="243"/>
							<String ID="string_73" HPOS="257" VPOS="374" WIDTH="33" HEIGHT="22" WC="0.96" CONTENT="för"/><SP WIDTH="15" VPOS="374" HPOS="290"/>
							<String ID="string_74" HPOS="305" VPOS="375" WIDTH="42" HEIGHT="21" WC="0.93" CONTENT="den"/><SP WIDTH="15" VPOS="375" HPOS="347"/>
							<String ID="string_75" HPOS="362" VPOS="374" WIDTH="73" HEIGHT="22" WC="0.93" CONTENT="aktiva"/><SP WIDTH="14" VPOS="374" HPOS="435"/>
							<String ID="string_76" HPOS="449" VPOS="374" WIDTH="154" HEIGHT="28" WC="0.91" CONTENT="krigsstyrkan,"/><SP WIDTH="15" VPOS="374" HPOS="603"/>
							<String ID="string_77" HPOS="618" VPOS="374" WIDTH="33" HEIGHT="22" WC="0.96" CONTENT="för"/><SP WIDTH="15" VPOS="374" HPOS="651"/>
							<String ID="string_78" HPOS="666" VPOS="374" WIDTH="41" HEIGHT="22" WC="0.93" CONTENT="den"/><SP WIDTH="16" VPOS="374" HPOS="707"/>
							<String ID="string_79" HPOS="723" VPOS="374" WIDTH="119" HEIGHT="27" WC="0.96" CONTENT="disponibla"/><SP WIDTH="16" VPOS="374" HPOS="842"/>
							<String ID="string_80" HPOS="858" VPOS="374" WIDTH="61" HEIGHT="22" WC="0.96" CONTENT="delen"/><SP WIDTH="10" VPOS="374" HPOS="919"/>
							<String ID="string_81" HPOS="929" VPOS="374" WIDTH="22" HEIGHT="22" WC="0.84" CONTENT="af"/><SP WIDTH="6" VPOS="374" HPOS="951"/>
							<String ID="string_82" HPOS="957" VPOS="374" WIDTH="48" HEIGHT="22" WC="0.47" CONTENT="Fin-"/><SP WIDTH="21" VPOS="374" HPOS="1005"/>
							<String ID="string_83" HPOS="1026" VPOS="379" WIDTH="2" HEIGHT="9" WC="0.29" CONTENT=":"/>
						</TextLine>
						<TextLine ID="line_8" HPOS="187" VPOS="403" WIDTH="840" HEIGHT="28">
							<String ID="string_84" HPOS="187" VPOS="403" WIDTH="62" HEIGHT="23" WC="0.96" CONTENT="lands"/><SP WIDTH="15" VPOS="403" HPOS="249"/>
							<String ID="string_85" HPOS="264" VPOS="404" WIDTH="125" HEIGHT="27" WC="0.96" CONTENT="krigsmakt,"/><SP WIDTH="15" VPOS="404" HPOS="389"/>
							<String ID="string_86" HPOS="404" VPOS="403" WIDTH="33" HEIGHT="22" WC="0.96" CONTENT="för"/><SP WIDTH="16" VPOS="403" HPOS="437"/>
							<String ID="string_87" HPOS="453" VPOS="404" WIDTH="40" HEIGHT="21" WC="0.93" CONTENT="den"/><SP WIDTH="15" VPOS="404" HPOS="493"/>
							<String ID="string_88" HPOS="508" VPOS="403" WIDTH="77" HEIGHT="27" WC="0.96" CONTENT="rörliga"/><SP WIDTH="16" VPOS="403" HPOS="585"/>
							<String ID="string_89" HPOS="601" VPOS="403" WIDTH="61" HEIGHT="22" WC="0.93" CONTENT="delen"/><SP WIDTH="17" VPOS="403" HPOS="662"/>
							<String ID="string_90" HPOS="679" VPOS="403" WIDTH="64" HEIGHT="27" WC="0.96" CONTENT="deraf,"/><SP WIDTH="17" VPOS="403" HPOS="743"/>
							<String ID="string_91" HPOS="760" VPOS="409" WIDTH="47" HEIGHT="16" WC="0.96" CONTENT="som"/><SP WIDTH="14" VPOS="409" HPOS="807"/>
							<String ID="string_92" HPOS="821" VPOS="403" WIDTH="33" HEIGHT="22" WC="0.93" CONTENT="för"/><SP WIDTH="9" VPOS="403" HPOS="854"/>
							<String ID="string_93" HPOS="863" VPOS="403" WIDTH="142" HEIGHT="22" WC="0.77" CONTENT="landtvärnet."/><SP WIDTH="21" VPOS="403" HPOS="1005"/>
							<String ID="string_94" HPOS="1026" VPOS="403" WIDTH="1" HEIGHT="3" WC="0.92" CONTENT=":"/>
						</TextLine>
						<TextLine ID="line_9" HPOS="188" VPOS="432" WIDTH="818" HEIGHT="28">
							<String ID="string_95" HPOS="188" VPOS="432" WIDTH="77" HEIGHT="22" WC="0.92" CONTENT="Finnes"/><SP WIDTH="18" VPOS="432" HPOS="265"/>
							<String ID="string_96" HPOS="283" VPOS="433" WIDTH="27" HEIGHT="22" WC="0.93" CONTENT="dä"/><SP WIDTH="14" VPOS="433" HPOS="310"/>
							<String ID="string_97" HPOS="324" VPOS="432" WIDTH="48" HEIGHT="22" WC="0.92" CONTENT="icke"/><SP WIDTH="14" VPOS="432" HPOS="372"/>
							<String ID="string_98" HPOS="386" VPOS="433" WIDTH="68" HEIGHT="27" WC="0.91" CONTENT="nägot"/><SP WIDTH="15" VPOS="433" HPOS="454"/>
							<String ID="string_99" HPOS="469" VPOS="432" WIDTH="46" HEIGHT="22" WC="0.96" CONTENT="skäl"/><SP WIDTH="16" VPOS="432" HPOS="515"/>
							<String ID="string_100" HPOS="531" VPOS="434" WIDTH="33" HEIGHT="20" WC="0.96" CONTENT="att"/><SP WIDTH="14" VPOS="434" HPOS="564"/>
							<String ID="string_101" HPOS="578" VPOS="432" WIDTH="107" HEIGHT="28" WC="0.96" CONTENT="begränsa"/><SP WIDTH="15" VPOS="432" HPOS="685"/>
							<String ID="string_102" HPOS="700" VPOS="432" WIDTH="69" HEIGHT="22" WC="0.93" CONTENT="denna"/><SP WIDTH="13" VPOS="432" HPOS="769"/>
							<String ID="string_103" HPOS="782" VPOS="432" WIDTH="85" HEIGHT="28" WC="0.93" CONTENT="rörliga,"/><SP WIDTH="12" VPOS="432" HPOS="867"/>
							<String ID="string_104" HPOS="879" VPOS="432" WIDTH="127" HEIGHT="28" WC="0.92" CONTENT="disponibla,"/>
						</TextLine>
					</TextBlock>
					<TextBlock ID="block_2" HPOS="186" VPOS="461" WIDTH="841" HEIGHT="318">
						<TextLine ID="line_10" HPOS="189" VPOS="461" WIDTH="838" HEIGHT="28">
							<String ID="string_105" HPOS="189" VPOS="462" WIDTH="73" HEIGHT="22" WC="0.92" CONTENT="aktiva"/><SP WIDTH="15" VPOS="462" HPOS="262"/>
							<String ID="string_106" HPOS="277" VPOS="462" WIDTH="35" HEIGHT="22" WC="0.96" CONTENT="del"/><SP WIDTH="15" VPOS="462" HPOS="312"/>
							<String ID="string_107" HPOS="327" VPOS="462" WIDTH="20" HEIGHT="22" WC="0.92" CONTENT="at"/><SP WIDTH="14" VPOS="462" HPOS="347"/>
							<String ID="string_108" HPOS="361" VPOS="461" WIDTH="101" HEIGHT="22" WC="0.93" CONTENT="Finlands"/><SP WIDTH="15" VPOS="461" HPOS="462"/>
							<String ID="string_109" HPOS="477" VPOS="461" WIDTH="132" HEIGHT="28" WC="0.91" CONTENT="krigsmakt?"/><SP WIDTH="14" VPOS="461" HPOS="609"/>
							<String ID="string_110" HPOS="623" VPOS="473" WIDTH="28" HEIGHT="4" WC="0.93" CONTENT="—"/><SP WIDTH="15" VPOS="473" HPOS="651"/>
							<String ID="string_111" HPOS="666" VPOS="462" WIDTH="41" HEIGHT="27" WC="0.93" CONTENT="Jag"/><SP WIDTH="21" VPOS="462" HPOS="707"/>
							<String ID="string_112" HPOS="728" VPOS="463" WIDTH="45" HEIGHT="20" WC="0.93" CONTENT="tror"/><SP WIDTH="22" VPOS="463" HPOS="773"/>
							<String ID="string_113" HPOS="795" VPOS="463" WIDTH="33" HEIGHT="20" WC="0.96" CONTENT="att"/><SP WIDTH="21" VPOS="463" HPOS="828"/>
							<String ID="string_114" HPOS="849" VPOS="461" WIDTH="32" HEIGHT="22" WC="0.96" CONTENT="för"/><SP WIDTH="23" VPOS="461" HPOS="881"/>
							<String ID="string_115" HPOS="904" VPOS="463" WIDTH="31" HEIGHT="21" WC="0.96" CONTENT="ett"/><SP WIDTH="21" VPOS="463" HPOS="935"/>
							<String ID="string_116" HPOS="956" VPOS="461" WIDTH="51" HEIGHT="23" WC="0.85" CONTENT="land"/>
						</TextLine>
						<TextLine ID="line_11" HPOS="189" VPOS="490" WIDTH="838" HEIGHT="28">
							<String ID="string_117" HPOS="189" VPOS="490" WIDTH="78" HEIGHT="23" WC="0.96" CONTENT="sådant"/><SP WIDTH="14" VPOS="490" HPOS="267"/>
							<String ID="string_118" HPOS="281" VPOS="497" WIDTH="47" HEIGHT="16" WC="0.91" CONTENT="som"/><SP WIDTH="14" VPOS="497" HPOS="328"/>
							<String ID="string_119" HPOS="342" VPOS="491" WIDTH="48" HEIGHT="21" WC="0.96" CONTENT="vårt"/><SP WIDTH="15" VPOS="491" HPOS="390"/>
							<String ID="string_120" HPOS="405" VPOS="491" WIDTH="37" HEIGHT="21" WC="0.93" CONTENT="det"/><SP WIDTH="15" VPOS="491" HPOS="442"/>
							<String ID="string_121" HPOS="457" VPOS="491" WIDTH="106" HEIGHT="21" WC="0.96" CONTENT="måhända"/><SP WIDTH="14" VPOS="491" HPOS="563"/>
							<String ID="string_122" HPOS="577" VPOS="490" WIDTH="67" HEIGHT="22" WC="0.96" CONTENT="finnes"/><SP WIDTH="17" VPOS="490" HPOS="644"/>
							<String ID="string_123" HPOS="661" VPOS="492" WIDTH="32" HEIGHT="20" WC="0.97" CONTENT="ett"/><SP WIDTH="14" VPOS="492" HPOS="693"/>
							<String ID="string_124" HPOS="707" VPOS="491" WIDTH="54" HEIGHT="21" WC="0.94" CONTENT="skäl."/><SP WIDTH="30" VPOS="491" HPOS="761"/>
							<String ID="string_125" HPOS="791" VPOS="490" WIDTH="41" HEIGHT="28" WC="0.96" CONTENT="Jag"/><SP WIDTH="15" VPOS="490" HPOS="832"/>
							<String ID="string_126" HPOS="847" VPOS="490" WIDTH="39" HEIGHT="22" WC="0.93" CONTENT="ber"/><SP WIDTH="14" VPOS="490" HPOS="886"/>
							<String ID="string_127" HPOS="900" VPOS="490" WIDTH="75" HEIGHT="22" WC="0.96" CONTENT="härvid"/><SP WIDTH="10" VPOS="490" HPOS="975"/>
							<String ID="string_128" HPOS="985" VPOS="490" WIDTH="22" HEIGHT="22" WC="0.92" CONTENT="få"/><SP WIDTH="19" VPOS="490" HPOS="1007"/>
							<String ID="string_129" HPOS="1026" VPOS="504" WIDTH="1" HEIGHT="3" WC="0.40" CONTENT="|"/>
						</TextLine>
						<TextLine ID="line_12" HPOS="187" VPOS="519" WIDTH="840" HEIGHT="29">
							<String ID="string_130" HPOS="187" VPOS="520" WIDTH="57" HEIGHT="22" WC="0.96" CONTENT="fästa"/><SP WIDTH="15" VPOS="520" HPOS="244"/>
							<String ID="string_131" HPOS="259" VPOS="520" WIDTH="37" HEIGHT="22" WC="0.93" CONTENT="det"/><SP WIDTH="14" VPOS="520" HPOS="296"/>
							<String ID="string_132" HPOS="310" VPOS="520" WIDTH="116" HEIGHT="27" WC="0.90" CONTENT="höglofiiga"/><SP WIDTH="15" VPOS="520" HPOS="426"/>
							<String ID="string_133" HPOS="441" VPOS="520" WIDTH="97" HEIGHT="22" WC="0.92" CONTENT="ständets"/><SP WIDTH="15" VPOS="520" HPOS="538"/>
							<String ID="string_134" HPOS="553" VPOS="519" WIDTH="190" HEIGHT="28" WC="0.96" CONTENT="uppmärksamhet"/><SP WIDTH="14" VPOS="519" HPOS="743"/>
							<String ID="string_135" HPOS="757" VPOS="520" WIDTH="35" HEIGHT="22" WC="0.96" CONTENT="vid"/><SP WIDTH="22" VPOS="520" HPOS="792"/>
							<String ID="string_136" HPOS="814" VPOS="520" WIDTH="41" HEIGHT="21" WC="0.93" CONTENT="den"/><SP WIDTH="22" VPOS="520" HPOS="855"/>
							<String ID="string_137" HPOS="877" VPOS="520" WIDTH="130" HEIGHT="27" WC="0.92" CONTENT="omständig-"/><SP WIDTH="18" VPOS="520" HPOS="1007"/>
							<String ID="string_138" HPOS="1025" VPOS="535" WIDTH="2" HEIGHT="13" WC="0.85" CONTENT=";"/>
						</TextLine>
						<TextLine ID="line_13" HPOS="191" VPOS="548" WIDTH="836" HEIGHT="30">
							<String ID="string_139" HPOS="191" VPOS="549" WIDTH="44" HEIGHT="27" WC="0.96" CONTENT="het,"/><SP WIDTH="16" VPOS="549" HPOS="235"/>
							<String ID="string_140" HPOS="251" VPOS="550" WIDTH="33" HEIGHT="20" WC="0.96" CONTENT="att"/><SP WIDTH="14" VPOS="550" HPOS="284"/>
							<String ID="string_141" HPOS="298" VPOS="555" WIDTH="47" HEIGHT="15" WC="0.93" CONTENT="man"/><SP WIDTH="17" VPOS="555" HPOS="345"/>
							<String ID="string_142" HPOS="362" VPOS="548" WIDTH="77" HEIGHT="22" WC="0.92" CONTENT="äfveni"/><SP WIDTH="10" VPOS="548" HPOS="439"/>
							<String ID="string_143" HPOS="449" VPOS="550" WIDTH="66" HEIGHT="20" WC="0.93" CONTENT="andra"/><SP WIDTH="14" VPOS="550" HPOS="515"/>
							<String ID="string_144" HPOS="529" VPOS="549" WIDTH="86" HEIGHT="22" WC="0.93" CONTENT="länders"/><SP WIDTH="14" VPOS="549" HPOS="615"/>
							<String ID="string_145" HPOS="629" VPOS="548" WIDTH="94" HEIGHT="22" WC="0.92" CONTENT="militära"/><SP WIDTH="14" VPOS="548" HPOS="723"/>
							<String ID="string_146" HPOS="737" VPOS="548" WIDTH="132" HEIGHT="28" WC="0.93" CONTENT="lagstiftning"/><SP WIDTH="7" VPOS="548" HPOS="869"/>
							<String ID="string_147" HPOS="876" VPOS="549" WIDTH="70" HEIGHT="21" WC="0.93" CONTENT="funnit"/><SP WIDTH="14" VPOS="549" HPOS="946"/>
							<String ID="string_148" HPOS="960" VPOS="549" WIDTH="47" HEIGHT="21" WC="0.94" CONTENT="skäl"/><SP WIDTH="18" VPOS="549" HPOS="1007"/>
							<String ID="string_149" HPOS="1025" VPOS="576" WIDTH="2" HEIGHT="2" WC="0.94" CONTENT="|"/>
						</TextLine>
						<TextLine ID="line_14" HPOS="190" VPOS="577" WIDTH="837" HEIGHT="30">
							<String ID="string_150" HPOS="190" VPOS="579" WIDTH="33" HEIGHT="21" WC="0.93" CONTENT="att"/><SP WIDTH="15" VPOS="579" HPOS="223"/>
							<String ID="string_151" HPOS="238" VPOS="578" WIDTH="77" HEIGHT="22" WC="0.96" CONTENT="beröra"/><SP WIDTH="14" VPOS="578" HPOS="315"/>
							<String ID="string_152" HPOS="329" VPOS="578" WIDTH="61" HEIGHT="21" WC="0.93" CONTENT="detta"/><SP WIDTH="19" VPOS="578" HPOS="390"/>
							<String ID="string_153" HPOS="409" VPOS="577" WIDTH="138" HEIGHT="22" WC="0.96" CONTENT="förhållande."/><SP WIDTH="30" VPOS="577" HPOS="547"/>
							<String ID="string_154" HPOS="577" VPOS="578" WIDTH="42" HEIGHT="27" WC="0.93" CONTENT="Jag"/><SP WIDTH="23" VPOS="578" HPOS="619"/>
							<String ID="string_155" HPOS="642" VPOS="578" WIDTH="64" HEIGHT="27" WC="0.93" CONTENT="vågar"/><SP WIDTH="23" VPOS="578" HPOS="706"/>
							<String ID="string_156" HPOS="729" VPOS="577" WIDTH="90" HEIGHT="27" WC="0.92" CONTENT="derföre,"/><SP WIDTH="23" VPOS="577" HPOS="819"/>
							<String ID="string_157" HPOS="842" VPOS="578" WIDTH="68" HEIGHT="21" WC="0.93" CONTENT="under"/><SP WIDTH="22" VPOS="578" HPOS="910"/>
							<String ID="string_158" HPOS="932" VPOS="578" WIDTH="74" HEIGHT="22" WC="0.44" CONTENT="äbero-"/><SP WIDTH="19" VPOS="578" HPOS="1006"/>
							<String ID="string_159" HPOS="1025" VPOS="583" WIDTH="2" HEIGHT="24" WC="0.71" CONTENT=":"/>
						</TextLine>
						<TextLine ID="line_15" HPOS="186" VPOS="607" WIDTH="820" HEIGHT="27">
							<String ID="string_160" HPOS="186" VPOS="607" WIDTH="71" HEIGHT="27" WC="0.96" CONTENT="pande"/><SP WIDTH="16" VPOS="607" HPOS="257"/>
							<String ID="string_161" HPOS="273" VPOS="607" WIDTH="23" HEIGHT="22" WC="0.96" CONTENT="af"/><SP WIDTH="14" VPOS="607" HPOS="296"/>
							<String ID="string_162" HPOS="310" VPOS="613" WIDTH="26" HEIGHT="16" WC="0.96" CONTENT="en"/><SP WIDTH="15" VPOS="613" HPOS="336"/>
							<String ID="string_163" HPOS="351" VPOS="607" WIDTH="57" HEIGHT="21" WC="0.96" CONTENT="inom"/><SP WIDTH="15" VPOS="607" HPOS="408"/>
							<String ID="string_164" HPOS="423" VPOS="607" WIDTH="60" HEIGHT="22" WC="0.93" CONTENT="detta"/><SP WIDTH="16" VPOS="607" HPOS="483"/>
							<String ID="string_165" HPOS="499" VPOS="607" WIDTH="64" HEIGHT="22" WC="0.96" CONTENT="stånd"/><SP WIDTH="14" VPOS="607" HPOS="563"/>
							<String ID="string_166" HPOS="577" VPOS="607" WIDTH="58" HEIGHT="22" WC="0.96" CONTENT="förut"/><SP WIDTH="15" VPOS="607" HPOS="635"/>
							<String ID="string_167" HPOS="650" VPOS="607" WIDTH="112" HEIGHT="22" WC="0.95" CONTENT="omnämnd"/><SP WIDTH="15" VPOS="607" HPOS="762"/>
							<String ID="string_168" HPOS="777" VPOS="607" WIDTH="58" HEIGHT="21" WC="0.90" CONTENT="känd"/><SP WIDTH="18" VPOS="607" HPOS="835"/>
							<String ID="string_169" HPOS="853" VPOS="607" WIDTH="153" HEIGHT="22" WC="0.81" CONTENT="militärförfat-"/><SP WIDTH="19" VPOS="607" HPOS="1006"/>
							<String ID="string_170" HPOS="1025" VPOS="608" WIDTH="2" HEIGHT="18" WC="0.88" CONTENT=":"/>
						</TextLine>
						<TextLine ID="line_16" HPOS="187" VPOS="634" WIDTH="840" HEIGHT="29">
							<String ID="string_171" HPOS="187" VPOS="638" WIDTH="53" HEIGHT="24" WC="0.93" CONTENT="tare,"/><SP WIDTH="9" VPOS="638" HPOS="240"/>
							<String ID="string_172" HPOS="249" VPOS="636" WIDTH="32" HEIGHT="21" WC="0.89" CONTENT="W."/><SP WIDTH="16" VPOS="636" HPOS="281"/>
							<String ID="string_173" HPOS="297" VPOS="636" WIDTH="95" HEIGHT="26" WC="0.92" CONTENT="Rustow,"/><SP WIDTH="15" VPOS="636" HPOS="392"/>
							<String ID="string_174" HPOS="407" VPOS="636" WIDTH="64" HEIGHT="27" WC="0.96" CONTENT="påstå"/><SP WIDTH="15" VPOS="636" HPOS="471"/>
							<String ID="string_175" HPOS="486" VPOS="638" WIDTH="32" HEIGHT="19" WC="0.96" CONTENT="att"/><SP WIDTH="15" VPOS="638" HPOS="518"/>
							<String ID="string_176" HPOS="533" VPOS="636" WIDTH="7" HEIGHT="21" WC="0.96" CONTENT="i"/><SP WIDTH="14" VPOS="636" HPOS="540"/>
							<String ID="string_177" HPOS="554" VPOS="635" WIDTH="125" HEIGHT="28" WC="0.93" CONTENT="preussiska"/><SP WIDTH="13" VPOS="635" HPOS="679"/>
							<String ID="string_178" HPOS="692" VPOS="635" WIDTH="194" HEIGHT="28" WC="0.90" CONTENT="värnepligtslagen"/><SP WIDTH="15" VPOS="635" HPOS="886"/>
							<String ID="string_179" HPOS="901" VPOS="635" WIDTH="24" HEIGHT="22" WC="0.96" CONTENT="af"/><SP WIDTH="12" VPOS="635" HPOS="925"/>
							<String ID="string_180" HPOS="937" VPOS="636" WIDTH="41" HEIGHT="22" WC="0.96" CONTENT="den"/><SP WIDTH="15" VPOS="636" HPOS="978"/>
							<String ID="string_181" HPOS="993" VPOS="638" WIDTH="12" HEIGHT="19" WC="0.92" CONTENT="3"/><SP WIDTH="20" VPOS="638" HPOS="1005"/>
							<String ID="string_182" HPOS="1025" VPOS="634" WIDTH="2" HEIGHT="21" WC="0.92" CONTENT=":"/>
						</TextLine>
						<TextLine ID="line_17" HPOS="187" VPOS="664" WIDTH="839" HEIGHT="28">
							<String ID="string_183" HPOS="187" VPOS="664" WIDTH="126" HEIGHT="28" WC="0.96" CONTENT="September"/><SP WIDTH="19" VPOS="664" HPOS="313"/>
							<String ID="string_184" HPOS="332" VPOS="666" WIDTH="55" HEIGHT="20" WC="0.96" CONTENT="1814"/><SP WIDTH="14" VPOS="666" HPOS="387"/>
							<String ID="string_185" HPOS="401" VPOS="664" WIDTH="143" HEIGHT="22" WC="0.96" CONTENT="förhållandet"/><SP WIDTH="16" VPOS="664" HPOS="544"/>
							<String ID="string_186" HPOS="560" VPOS="664" WIDTH="89" HEIGHT="23" WC="0.96" CONTENT="emellan"/><SP WIDTH="16" VPOS="664" HPOS="649"/>
							<String ID="string_187" HPOS="665" VPOS="665" WIDTH="26" HEIGHT="21" WC="0.96" CONTENT="de"/><SP WIDTH="16" VPOS="665" HPOS="691"/>
							<String ID="string_188" HPOS="707" VPOS="665" WIDTH="72" HEIGHT="21" WC="0.96" CONTENT="aktiva"/><SP WIDTH="15" VPOS="665" HPOS="779"/>
							<String ID="string_189" HPOS="794" VPOS="666" WIDTH="127" HEIGHT="26" WC="0.93" CONTENT="truppernas"/><SP WIDTH="18" VPOS="666" HPOS="921"/>
							<String ID="string_190" HPOS="939" VPOS="665" WIDTH="67" HEIGHT="22" WC="0.93" CONTENT="freds-"/><SP WIDTH="18" VPOS="665" HPOS="1006"/>
							<String ID="string_191" HPOS="1024" VPOS="665" WIDTH="2" HEIGHT="12" WC="0.92" CONTENT="|"/>
						</TextLine>
						<TextLine ID="line_18" HPOS="187" VPOS="693" WIDTH="839" HEIGHT="29">
							<String ID="string_192" HPOS="187" VPOS="693" WIDTH="41" HEIGHT="22" WC="0.93" CONTENT="och"/><SP WIDTH="15" VPOS="693" HPOS="228"/>
							<String ID="string_193" HPOS="243" VPOS="693" WIDTH="158" HEIGHT="28" WC="0.91" CONTENT="krigsnumerär"/><SP WIDTH="15" VPOS="693" HPOS="401"/>
							<String ID="string_194" HPOS="416" VPOS="699" WIDTH="37" HEIGHT="16" WC="0.96" CONTENT="var"/><SP WIDTH="14" VPOS="699" HPOS="453"/>
							<String ID="string_195" HPOS="467" VPOS="694" WIDTH="109" HEIGHT="21" WC="0.96" CONTENT="bestämdt"/><SP WIDTH="19" VPOS="694" HPOS="576"/>
							<String ID="string_196" HPOS="595" VPOS="693" WIDTH="71" HEIGHT="22" WC="0.96" CONTENT="såsom"/><SP WIDTH="22" VPOS="693" HPOS="666"/>
							<String ID="string_197" HPOS="688" VPOS="693" WIDTH="143" HEIGHT="22" WC="0.95" CONTENT="förhållandet"/><SP WIDTH="22" VPOS="693" HPOS="831"/>
							<String ID="string_198" HPOS="853" VPOS="696" WIDTH="12" HEIGHT="19" WC="0.96" CONTENT="3"/><SP WIDTH="24" VPOS="696" HPOS="865"/>
							<String ID="string_199" HPOS="889" VPOS="693" WIDTH="32" HEIGHT="22" WC="0.96" CONTENT="till"/><SP WIDTH="23" VPOS="693" HPOS="921"/>
							<String ID="string_200" HPOS="944" VPOS="696" WIDTH="19" HEIGHT="20" WC="0.91" CONTENT="5."/><SP WIDTH="16" VPOS="696" HPOS="963"/>
							<String ID="string_201" HPOS="979" VPOS="706" WIDTH="27" HEIGHT="3" WC="0.90" CONTENT="—"/><SP WIDTH="18" VPOS="706" HPOS="1006"/>
							<String ID="string_202" HPOS="1024" VPOS="703" WIDTH="2" HEIGHT="19" WC="0.73" CONTENT=":"/>
						</TextLine>
						<TextLine ID="line_19" HPOS="186" VPOS="722" WIDTH="840" HEIGHT="29">
							<String ID="string_203" HPOS="186" VPOS="722" WIDTH="73" HEIGHT="28" WC="0.96" CONTENT="Enligt"/><SP WIDTH="15" VPOS="722" HPOS="259"/>
							<String ID="string_204" HPOS="274" VPOS="724" WIDTH="32" HEIGHT="20" WC="0.96" CONTENT="ett"/><SP WIDTH="15" VPOS="724" HPOS="306"/>
							<String ID="string_205" HPOS="321" VPOS="722" WIDTH="120" HEIGHT="28" WC="0.96" CONTENT="lagförslag,"/><SP WIDTH="16" VPOS="722" HPOS="441"/>
							<String ID="string_206" HPOS="457" VPOS="728" WIDTH="46" HEIGHT="16" WC="0.97" CONTENT="som"/><SP WIDTH="13" VPOS="728" HPOS="503"/>
							<String ID="string_207" HPOS="516" VPOS="723" WIDTH="37" HEIGHT="26" WC="0.96" CONTENT="jag"/><SP WIDTH="11" VPOS="723" HPOS="553"/>
							<String ID="string_208" HPOS="564" VPOS="722" WIDTH="117" HEIGHT="22" WC="0.95" CONTENT="emellertid"/><SP WIDTH="7" VPOS="722" HPOS="681"/>
							<String ID="string_209" HPOS="688" VPOS="722" WIDTH="47" HEIGHT="21" WC="0.95" CONTENT="icke"/><SP WIDTH="9" VPOS="722" HPOS="735"/>
							<String ID="string_210" HPOS="744" VPOS="724" WIDTH="36" HEIGHT="21" WC="0.96" CONTENT="vet"/><SP WIDTH="8" VPOS="724" HPOS="780"/>
							<String ID="string_211" HPOS="788" VPOS="729" WIDTH="34" HEIGHT="15" WC="0.96" CONTENT="om"/><SP WIDTH="8" VPOS="729" HPOS="822"/>
							<String ID="string_212" HPOS="830" VPOS="723" WIDTH="37" HEIGHT="22" WC="0.96" CONTENT="det"/><SP WIDTH="10" VPOS="723" HPOS="867"/>
							<String ID="string_213" HPOS="877" VPOS="725" WIDTH="24" HEIGHT="19" WC="0.97" CONTENT="är"/><SP WIDTH="10" VPOS="725" HPOS="901"/>
							<String ID="string_214" HPOS="911" VPOS="724" WIDTH="94" HEIGHT="26" WC="0.34" CONTENT="antaget,"/><SP WIDTH="20" VPOS="724" HPOS="1005"/>
							<String ID="string_215" HPOS="1025" VPOS="747" WIDTH="1" HEIGHT="4" WC="0.64" CONTENT="|"/>
						</TextLine>
						<TextLine ID="line_20" HPOS="187" VPOS="751" WIDTH="819" HEIGHT="28">
							<String ID="string_216" HPOS="187" VPOS="757" WIDTH="38" HEIGHT="16" WC="0.96" CONTENT="var"/><SP WIDTH="14" VPOS="757" HPOS="225"/>
							<String ID="string_217" HPOS="239" VPOS="751" WIDTH="7" HEIGHT="22" WC="0.93" CONTENT="i"/><SP WIDTH="13" VPOS="751" HPOS="246"/>
							<String ID="string_218" HPOS="259" VPOS="752" WIDTH="108" HEIGHT="21" WC="0.96" CONTENT="Preussen"/><SP WIDTH="16" VPOS="752" HPOS="367"/>
							<String ID="string_219" HPOS="383" VPOS="751" WIDTH="24" HEIGHT="22" WC="0.97" CONTENT="år"/><SP WIDTH="15" VPOS="751" HPOS="407"/>
							<String ID="string_220" HPOS="422" VPOS="753" WIDTH="55" HEIGHT="20" WC="0.96" CONTENT="1860"/><SP WIDTH="15" VPOS="753" HPOS="477"/>
							<String ID="string_221" HPOS="492" VPOS="751" WIDTH="143" HEIGHT="22" WC="0.96" CONTENT="förhållandet"/><SP WIDTH="16" VPOS="751" HPOS="635"/>
							<String ID="string_222" HPOS="651" VPOS="751" WIDTH="89" HEIGHT="22" WC="0.93" CONTENT="emellan"/><SP WIDTH="23" VPOS="751" HPOS="740"/>
							<String ID="string_223" HPOS="763" VPOS="751" WIDTH="68" HEIGHT="22" WC="0.92" CONTENT="freds-"/><SP WIDTH="15" VPOS="751" HPOS="831"/>
							<String ID="string_224" HPOS="846" VPOS="751" WIDTH="41" HEIGHT="22" WC="0.91" CONTENT="och"/><SP WIDTH="21" VPOS="751" HPOS="887"/>
							<String ID="string_225" HPOS="908" VPOS="751" WIDTH="98" HEIGHT="28" WC="0.91" CONTENT="krigsnu-"/>
						</TextLine>
					</TextBlock>
					<TextBlock ID="block_3" HPOS="187" VPOS="775" WIDTH="819" HEIGHT="33">
						<TextLine ID="line_21" HPOS="187" VPOS="775" WIDTH="819" HEIGHT="33">
							<String ID="string_226" HPOS="187" VPOS="782" WIDTH="97" HEIGHT="21" WC="0.93" CONTENT="merären"/><SP WIDTH="15" VPOS="782" HPOS="284"/>
							<String ID="string_227" HPOS="299" VPOS="780" WIDTH="116" HEIGHT="27" WC="0.96" CONTENT="föreslaget"/><SP WIDTH="16" VPOS="780" HPOS="415"/>
							<String ID="string_228" HPOS="431" VPOS="782" WIDTH="32" HEIGHT="20" WC="0.96" CONTENT="att"/><SP WIDTH="15" VPOS="782" HPOS="463"/>
							<String ID="string_229" HPOS="478" VPOS="787" WIDTH="51" HEIGHT="15" WC="0.96" CONTENT="vara"/><SP WIDTH="14" VPOS="787" HPOS="529"/>
							<String ID="string_230" HPOS="543" VPOS="783" WIDTH="7" HEIGHT="19" WC="0.95" CONTENT="3"/><SP WIDTH="13" VPOS="783" HPOS="550"/>
							<String ID="string_231" HPOS="563" VPOS="780" WIDTH="32" HEIGHT="22" WC="0.62" CONTENT="till"/><SP WIDTH="8" VPOS="780" HPOS="595"/>
							<String ID="string_232" HPOS="603" VPOS="782" WIDTH="19" HEIGHT="19" WC="0.62" CONTENT="8."/><SP WIDTH="23" VPOS="782" HPOS="622"/>
							<String ID="string_233" HPOS="645" VPOS="775" WIDTH="31" HEIGHT="27" WC="0.93" CONTENT="År"/><SP WIDTH="9" VPOS="775" HPOS="676"/>
							<String ID="string_234" HPOS="685" VPOS="782" WIDTH="54" HEIGHT="20" WC="0.94" CONTENT="1862"/><SP WIDTH="8" VPOS="782" HPOS="739"/>
							<String ID="string_235" HPOS="747" VPOS="780" WIDTH="104" HEIGHT="28" WC="0.96" CONTENT="föreslogs"/><SP WIDTH="10" VPOS="780" HPOS="851"/>
							<String ID="string_236" HPOS="861" VPOS="781" WIDTH="60" HEIGHT="22" WC="0.93" CONTENT="detta"/><SP WIDTH="7" VPOS="781" HPOS="921"/>
							<String ID="string_237" HPOS="928" VPOS="781" WIDTH="78" HEIGHT="22" WC="0.92" CONTENT="förhäl-"/>
						</TextLine>
					</TextBlock>
					<TextBlock ID="block_4" HPOS="186" VPOS="809" WIDTH="821" HEIGHT="28">
						<TextLine ID="line_22" HPOS="186" VPOS="809" WIDTH="821" HEIGHT="28">
							<String ID="string_238" HPOS="186" VPOS="809" WIDTH="64" HEIGHT="22" WC="0.96" CONTENT="lande"/><SP WIDTH="15" VPOS="809" HPOS="250"/>
							<String ID="string_239" HPOS="265" VPOS="809" WIDTH="32" HEIGHT="22" WC="0.96" CONTENT="till"/><SP WIDTH="16" VPOS="809" HPOS="297"/>
							<String ID="string_240" HPOS="313" VPOS="811" WIDTH="12" HEIGHT="20" WC="0.96" CONTENT="3"/><SP WIDTH="16" VPOS="811" HPOS="325"/>
							<String ID="string_241" HPOS="341" VPOS="809" WIDTH="33" HEIGHT="22" WC="0.96" CONTENT="till"/><SP WIDTH="15" VPOS="809" HPOS="374"/>
							<String ID="string_242" HPOS="389" VPOS="811" WIDTH="20" HEIGHT="19" WC="0.93" CONTENT="7."/><SP WIDTH="17" VPOS="811" HPOS="409"/>
							<String ID="string_243" HPOS="426" VPOS="821" WIDTH="25" HEIGHT="4" WC="0.68" CONTENT="--"/><SP WIDTH="16" VPOS="821" HPOS="451"/>
							<String ID="string_244" HPOS="467" VPOS="809" WIDTH="42" HEIGHT="27" WC="0.96" CONTENT="Jag"/><SP WIDTH="14" VPOS="809" HPOS="509"/>
							<String ID="string_245" HPOS="523" VPOS="809" WIDTH="39" HEIGHT="22" WC="0.93" CONTENT="har"/><SP WIDTH="17" VPOS="809" HPOS="562"/>
							<String ID="string_246" HPOS="579" VPOS="809" WIDTH="150" HEIGHT="28" WC="0.92" CONTENT="beklagligtvis"/><SP WIDTH="15" VPOS="809" HPOS="729"/>
							<String ID="string_247" HPOS="744" VPOS="809" WIDTH="49" HEIGHT="22" WC="0.96" CONTENT="icke"/><SP WIDTH="8" VPOS="809" HPOS="793"/>
							<String ID="string_248" HPOS="801" VPOS="810" WIDTH="70" HEIGHT="21" WC="0.66" CONTENT="varit"/><SP WIDTH="-10" VPOS="810" HPOS="871"/>
							<String ID="string_249" HPOS="861" VPOS="805" WIDTH="10" HEIGHT="36" WC="0.66" CONTENT="i"/><SP WIDTH="13" VPOS="805" HPOS="871"/>
							<String ID="string_250" HPOS="884" VPOS="809" WIDTH="83" HEIGHT="22" WC="0.96" CONTENT="tillfälle"/><SP WIDTH="8" VPOS="809" HPOS="967"/>
							<String ID="string_251" HPOS="975" VPOS="811" WIDTH="32" HEIGHT="21" WC="0.96" CONTENT="att"/>
						</TextLine>
					</TextBlock>
					<TextBlock ID="block_5" HPOS="185" VPOS="837" WIDTH="822" HEIGHT="30">
						<TextLine ID="line_23" HPOS="185" VPOS="837" WIDTH="822" HEIGHT="30">
							<String ID="string_252" HPOS="185" VPOS="839" WIDTH="132" HEIGHT="26" WC="0.96" CONTENT="konstatera,"/><SP WIDTH="19" VPOS="839" HPOS="317"/>
							<String ID="string_253" HPOS="336" VPOS="837" WIDTH="102" HEIGHT="23" WC="0.82" CONTENT="huruvida"/><SP WIDTH="9" VPOS="837" HPOS="438"/>
							<String ID="string_254" HPOS="447" VPOS="838" WIDTH="55" HEIGHT="22" WC="0.82" CONTENT="iden"/><SP WIDTH="15" VPOS="838" HPOS="502"/>
							<String ID="string_255" HPOS="517" VPOS="838" WIDTH="122" HEIGHT="22" WC="0.93" CONTENT="nuvarande"/><SP WIDTH="15" VPOS="838" HPOS="639"/>
							<String ID="string_256" HPOS="654" VPOS="839" WIDTH="195" HEIGHT="27" WC="0.92" CONTENT="värnepligtslagen"/><SP WIDTH="9" VPOS="839" HPOS="849"/>
							<String ID="string_257" HPOS="858" VPOS="839" WIDTH="33" HEIGHT="22" WC="0.96" CONTENT="för"/><SP WIDTH="8" VPOS="839" HPOS="891"/>
							<String ID="string_258" HPOS="899" VPOS="838" WIDTH="38" HEIGHT="23" WC="0.96" CONTENT="det"/><SP WIDTH="7" VPOS="838" HPOS="937"/>
							<String ID="string_259" HPOS="944" VPOS="839" WIDTH="63" HEIGHT="28" WC="0.96" CONTENT="tyska"/>
						</TextLine>
					</TextBlock>
					<TextBlock ID="block_6" HPOS="185" VPOS="866" WIDTH="822" HEIGHT="29">
						<TextLine ID="line_24" HPOS="185" VPOS="866" WIDTH="822" HEIGHT="29">
							<String ID="string_260" HPOS="185" VPOS="867" WIDTH="58" HEIGHT="22" WC="0.96" CONTENT="riket"/><SP WIDTH="13" VPOS="867" HPOS="243"/>
							<String ID="string_261" HPOS="256" VPOS="867" WIDTH="8" HEIGHT="21" WC="0.93" CONTENT="i"/><SP WIDTH="15" VPOS="867" HPOS="264"/>
							<String ID="string_262" HPOS="279" VPOS="866" WIDTH="75" HEIGHT="28" WC="0.96" CONTENT="sjelfva"/><SP WIDTH="22" VPOS="866" HPOS="354"/>
							<String ID="string_263" HPOS="376" VPOS="867" WIDTH="108" HEIGHT="27" WC="0.96" CONTENT="lagtexten"/><SP WIDTH="16" VPOS="867" HPOS="484"/>
							<String ID="string_264" HPOS="500" VPOS="867" WIDTH="69" HEIGHT="21" WC="0.93" CONTENT="skulle"/><SP WIDTH="22" VPOS="867" HPOS="569"/>
							<String ID="string_265" HPOS="591" VPOS="867" WIDTH="50" HEIGHT="27" WC="0.95" CONTENT="ingå"/><SP WIDTH="23" VPOS="867" HPOS="641"/>
							<String ID="string_266" HPOS="664" VPOS="874" WIDTH="26" HEIGHT="15" WC="0.93" CONTENT="en"/><SP WIDTH="21" VPOS="874" HPOS="690"/>
							<String ID="string_267" HPOS="711" VPOS="868" WIDTH="68" HEIGHT="21" WC="0.96" CONTENT="sådan"/><SP WIDTH="22" VPOS="868" HPOS="779"/>
							<String ID="string_268" HPOS="801" VPOS="867" WIDTH="142" HEIGHT="28" WC="0.96" CONTENT="bestämning,"/><SP WIDTH="24" VPOS="867" HPOS="943"/>
							<String ID="string_269" HPOS="967" VPOS="868" WIDTH="40" HEIGHT="22" WC="0.96" CONTENT="och"/>
						</TextLine>
					</TextBlock>
					<TextBlock ID="block_7" HPOS="186" VPOS="895" WIDTH="821" HEIGHT="29">
						<TextLine ID="line_25" HPOS="186" VPOS="895" WIDTH="821" HEIGHT="29">
							<String ID="string_270" HPOS="186" VPOS="896" WIDTH="66" HEIGHT="28" WC="0.92" CONTENT="vägar"/><SP WIDTH="13" VPOS="896" HPOS="252"/>
							<String ID="string_271" HPOS="265" VPOS="895" WIDTH="85" HEIGHT="23" WC="0.91" CONTENT="derföre"/><SP WIDTH="14" VPOS="895" HPOS="350"/>
							<String ID="string_272" HPOS="364" VPOS="896" WIDTH="48" HEIGHT="21" WC="0.92" CONTENT="icke"/><SP WIDTH="14" VPOS="896" HPOS="412"/>
							<String ID="string_273" HPOS="426" VPOS="896" WIDTH="65" HEIGHT="27" WC="0.91" CONTENT="pästä"/><SP WIDTH="14" VPOS="896" HPOS="491"/>
							<String ID="string_274" HPOS="505" VPOS="896" WIDTH="66" HEIGHT="27" WC="0.91" CONTENT="nägot"/><SP WIDTH="14" VPOS="896" HPOS="571"/>
							<String ID="string_275" HPOS="585" VPOS="896" WIDTH="115" HEIGHT="26" WC="0.92" CONTENT="bestämdt,"/><SP WIDTH="15" VPOS="896" HPOS="700"/>
							<String ID="string_276" HPOS="715" VPOS="903" WIDTH="50" HEIGHT="15" WC="0.96" CONTENT="men"/><SP WIDTH="22" VPOS="903" HPOS="765"/>
							<String ID="string_277" HPOS="787" VPOS="902" WIDTH="77" HEIGHT="21" WC="0.93" CONTENT="genom"/><SP WIDTH="20" VPOS="902" HPOS="864"/>
							<String ID="string_278" HPOS="884" VPOS="896" WIDTH="123" HEIGHT="28" WC="0.91" CONTENT="jemförelse"/>
						</TextLine>
					</TextBlock>
					<TextBlock ID="block_8" HPOS="187" VPOS="924" WIDTH="820" HEIGHT="28">
						<TextLine ID="line_26" HPOS="187" VPOS="924" WIDTH="820" HEIGHT="28">
							<String ID="string_279" HPOS="187" VPOS="924" WIDTH="25" HEIGHT="22" WC="0.92" CONTENT="af"/><SP WIDTH="7" VPOS="924" HPOS="212"/>
							<String ID="string_280" HPOS="219" VPOS="925" WIDTH="124" HEIGHT="22" WC="0.92" CONTENT="statistiska"/><SP WIDTH="14" VPOS="925" HPOS="343"/>
							<String ID="string_281" HPOS="357" VPOS="925" WIDTH="108" HEIGHT="27" WC="0.95" CONTENT="uppgifter"/><SP WIDTH="14" VPOS="925" HPOS="465"/>
							<String ID="string_282" HPOS="479" VPOS="924" WIDTH="34" HEIGHT="23" WC="0.96" CONTENT="för"/><SP WIDTH="14" VPOS="924" HPOS="513"/>
							<String ID="string_283" HPOS="527" VPOS="932" WIDTH="26" HEIGHT="15" WC="0.96" CONTENT="en"/><SP WIDTH="15" VPOS="932" HPOS="553"/>
							<String ID="string_284" HPOS="568" VPOS="924" WIDTH="53" HEIGHT="28" WC="0.85" CONTENT="följd"/><SP WIDTH="16" VPOS="924" HPOS="621"/>
							<String ID="string_285" HPOS="637" VPOS="924" WIDTH="22" HEIGHT="22" WC="0.96" CONTENT="af"/><SP WIDTH="14" VPOS="924" HPOS="659"/>
							<String ID="string_286" HPOS="673" VPOS="925" WIDTH="24" HEIGHT="21" WC="0.93" CONTENT="är"/><SP WIDTH="14" VPOS="925" HPOS="697"/>
							<String ID="string_287" HPOS="711" VPOS="925" WIDTH="87" HEIGHT="22" WC="0.93" CONTENT="utfaller"/><SP WIDTH="8" VPOS="925" HPOS="798"/>
							<String ID="string_288" HPOS="806" VPOS="926" WIDTH="59" HEIGHT="22" WC="0.93" CONTENT="detta"/><SP WIDTH="8" VPOS="926" HPOS="865"/>
							<String ID="string_289" HPOS="873" VPOS="925" WIDTH="134" HEIGHT="23" WC="0.92" CONTENT="förhällande"/>
						</TextLine>
					</TextBlock>
					<TextBlock ID="block_9" HPOS="185" VPOS="954" WIDTH="822" HEIGHT="27">
						<TextLine ID="line_27" HPOS="185" VPOS="954" WIDTH="822" HEIGHT="27">
							<String ID="string_290" HPOS="185" VPOS="954" WIDTH="50" HEIGHT="27" WC="0.93" CONTENT="lika,"/><SP WIDTH="16" VPOS="954" HPOS="235"/>
							<String ID="string_291" HPOS="251" VPOS="954" WIDTH="90" HEIGHT="22" WC="0.91" CONTENT="oaktadt"/><SP WIDTH="14" VPOS="954" HPOS="341"/>
							<String ID="string_292" HPOS="355" VPOS="954" WIDTH="68" HEIGHT="22" WC="0.93" CONTENT="freds-"/><SP WIDTH="16" VPOS="954" HPOS="423"/>
							<String ID="string_293" HPOS="439" VPOS="954" WIDTH="40" HEIGHT="22" WC="0.93" CONTENT="och"/><SP WIDTH="15" VPOS="954" HPOS="479"/>
							<String ID="string_294" HPOS="494" VPOS="954" WIDTH="187" HEIGHT="27" WC="0.92" CONTENT="krigsnumerären"/><SP WIDTH="14" VPOS="954" HPOS="681"/>
							<String ID="string_295" HPOS="695" VPOS="954" WIDTH="95" HEIGHT="22" WC="0.92" CONTENT="varierar"/><SP WIDTH="18" VPOS="954" HPOS="790"/>
							<String ID="string_296" HPOS="808" VPOS="954" WIDTH="70" HEIGHT="22" WC="0.96" CONTENT="under"/><SP WIDTH="21" VPOS="954" HPOS="878"/>
							<String ID="string_297" HPOS="899" VPOS="956" WIDTH="27" HEIGHT="21" WC="0.96" CONTENT="de"/><SP WIDTH="23" VPOS="956" HPOS="926"/>
							<String ID="string_298" HPOS="949" VPOS="955" WIDTH="58" HEIGHT="23" WC="0.96" CONTENT="olika"/>
						</TextLine>
					</TextBlock>
					<TextBlock ID="block_10" HPOS="187" VPOS="982" WIDTH="819" HEIGHT="30">
						<TextLine ID="line_28" HPOS="187" VPOS="982" WIDTH="819" HEIGHT="30">
							<String ID="string_299" HPOS="187" VPOS="983" WIDTH="57" HEIGHT="27" WC="0.96" CONTENT="åren,"/><SP WIDTH="17" VPOS="983" HPOS="244"/>
							<String ID="string_300" HPOS="261" VPOS="983" WIDTH="40" HEIGHT="22" WC="0.96" CONTENT="och"/><SP WIDTH="14" VPOS="983" HPOS="301"/>
							<String ID="string_301" HPOS="315" VPOS="983" WIDTH="8" HEIGHT="22" WC="0.96" CONTENT="i"/><SP WIDTH="14" VPOS="983" HPOS="323"/>
							<String ID="string_302" HPOS="337" VPOS="982" WIDTH="108" HEIGHT="29" WC="0.96" CONTENT="Tyskland"/><SP WIDTH="16" VPOS="982" HPOS="445"/>
							<String ID="string_303" HPOS="461" VPOS="985" WIDTH="23" HEIGHT="19" WC="0.96" CONTENT="är"/><SP WIDTH="15" VPOS="985" HPOS="484"/>
							<String ID="string_304" HPOS="499" VPOS="990" WIDTH="29" HEIGHT="15" WC="0.93" CONTENT="nu"/><SP WIDTH="14" VPOS="990" HPOS="528"/>
							<String ID="string_305" HPOS="542" VPOS="983" WIDTH="143" HEIGHT="22" WC="0.96" CONTENT="förhållandet"/><SP WIDTH="16" VPOS="983" HPOS="685"/>
							<String ID="string_306" HPOS="701" VPOS="984" WIDTH="89" HEIGHT="22" WC="0.93" CONTENT="emellan"/><SP WIDTH="15" VPOS="984" HPOS="790"/>
							<String ID="string_307" HPOS="805" VPOS="984" WIDTH="69" HEIGHT="22" WC="0.92" CONTENT="freds-"/><SP WIDTH="15" VPOS="984" HPOS="874"/>
							<String ID="string_308" HPOS="889" VPOS="984" WIDTH="41" HEIGHT="22" WC="0.93" CONTENT="och"/><SP WIDTH="7" VPOS="984" HPOS="930"/>
							<String ID="string_309" HPOS="937" VPOS="984" WIDTH="69" HEIGHT="28" WC="0.93" CONTENT="krigs-"/>
						</TextLine>
					</TextBlock>
					<TextBlock ID="block_11" HPOS="185" VPOS="1012" WIDTH="840" HEIGHT="58">
						<TextLine ID="line_29" HPOS="188" VPOS="1012" WIDTH="837" HEIGHT="29">
							<String ID="string_310" HPOS="188" VPOS="1014" WIDTH="127" HEIGHT="20" WC="0.90" CONTENT="numerären"/><SP WIDTH="22" VPOS="1014" HPOS="315"/>
							<String ID="string_311" HPOS="337" VPOS="1012" WIDTH="71" HEIGHT="22" WC="0.96" CONTENT="såsom"/><SP WIDTH="24" VPOS="1012" HPOS="408"/>
							<String ID="string_312" HPOS="432" VPOS="1014" WIDTH="10" HEIGHT="19" WC="0.80" CONTENT="1"/><SP WIDTH="25" VPOS="1014" HPOS="442"/>
							<String ID="string_313" HPOS="467" VPOS="1012" WIDTH="32" HEIGHT="22" WC="0.80" CONTENT="till"/><SP WIDTH="17" VPOS="1012" HPOS="499"/>
							<String ID="string_314" HPOS="516" VPOS="1014" WIDTH="35" HEIGHT="25" WC="0.86" CONTENT="1,7."/><SP WIDTH="17" VPOS="1014" HPOS="551"/>
							<String ID="string_315" HPOS="568" VPOS="1024" WIDTH="26" HEIGHT="3" WC="0.92" CONTENT="—"/><SP WIDTH="16" VPOS="1024" HPOS="594"/>
							<String ID="string_316" HPOS="610" VPOS="1012" WIDTH="37" HEIGHT="22" WC="0.96" CONTENT="Uti"/><SP WIDTH="24" VPOS="1012" HPOS="647"/>
							<String ID="string_317" HPOS="671" VPOS="1012" WIDTH="36" HEIGHT="23" WC="0.93" CONTENT="det"/><SP WIDTH="22" VPOS="1012" HPOS="707"/>
							<String ID="string_318" HPOS="729" VPOS="1012" WIDTH="86" HEIGHT="28" WC="0.95" CONTENT="bihang,"/><SP WIDTH="16" VPOS="1012" HPOS="815"/>
							<String ID="string_319" HPOS="831" VPOS="1020" WIDTH="46" HEIGHT="15" WC="0.93" CONTENT="som"/><SP WIDTH="15" VPOS="1020" HPOS="877"/>
							<String ID="string_320" HPOS="892" VPOS="1013" WIDTH="115" HEIGHT="28" WC="0.93" CONTENT="medföljde"/><SP WIDTH="16" VPOS="1013" HPOS="1007"/>
							<String ID="string_321" HPOS="1023" VPOS="1015" WIDTH="2" HEIGHT="2" WC="0.93" CONTENT=":"/>
						</TextLine>
						<TextLine ID="line_30" HPOS="185" VPOS="1040" WIDTH="822" HEIGHT="30">
							<String ID="string_322" HPOS="185" VPOS="1041" WIDTH="256" HEIGHT="28" WC="0.92" CONTENT="Värnepligtsutskottets"/><SP WIDTH="15" VPOS="1041" HPOS="441"/>
							<String ID="string_323" HPOS="456" VPOS="1040" WIDTH="69" HEIGHT="23" WC="0.93" CONTENT="första"/><SP WIDTH="14" VPOS="1040" HPOS="525"/>
							<String ID="string_324" HPOS="539" VPOS="1042" WIDTH="142" HEIGHT="25" WC="0.92" CONTENT="betänkande,"/><SP WIDTH="16" VPOS="1042" HPOS="681"/>
							<String ID="string_325" HPOS="697" VPOS="1041" WIDTH="67" HEIGHT="23" WC="0.92" CONTENT="finnes"/><SP WIDTH="15" VPOS="1041" HPOS="764"/>
							<String ID="string_326" HPOS="779" VPOS="1043" WIDTH="29" HEIGHT="26" WC="0.93" CONTENT="pä"/><SP WIDTH="14" VPOS="1043" HPOS="808"/>
							<String ID="string_327" HPOS="822" VPOS="1048" WIDTH="49" HEIGHT="22" WC="0.92" CONTENT="pag."/><SP WIDTH="20" VPOS="1048" HPOS="871"/>
							<String ID="string_328" HPOS="891" VPOS="1044" WIDTH="27" HEIGHT="20" WC="0.93" CONTENT="40"/><SP WIDTH="15" VPOS="1044" HPOS="918"/>
							<String ID="string_329" HPOS="933" VPOS="1043" WIDTH="74" HEIGHT="21" WC="0.92" CONTENT="uträk-"/>
						</TextLine>
					</TextBlock>
					<TextBlock ID="block_12" HPOS="185" VPOS="1070" WIDTH="839" HEIGHT="115">
						<TextLine ID="line_31" HPOS="187" VPOS="1070" WIDTH="837" HEIGHT="28">
							<String ID="string_330" HPOS="187" VPOS="1071" WIDTH="51" HEIGHT="21" WC="0.91" CONTENT="nadt"/><SP WIDTH="15" VPOS="1071" HPOS="238"/>
							<String ID="string_331" HPOS="253" VPOS="1072" WIDTH="32" HEIGHT="20" WC="0.96" CONTENT="att"/><SP WIDTH="15" VPOS="1072" HPOS="285"/>
							<String ID="string_332" HPOS="300" VPOS="1070" WIDTH="33" HEIGHT="22" WC="0.96" CONTENT="för"/><SP WIDTH="15" VPOS="1070" HPOS="333"/>
							<String ID="string_333" HPOS="348" VPOS="1070" WIDTH="41" HEIGHT="22" WC="0.96" CONTENT="den"/><SP WIDTH="14" VPOS="1070" HPOS="389"/>
							<String ID="string_334" HPOS="403" VPOS="1070" WIDTH="70" HEIGHT="22" WC="0.93" CONTENT="finska"/><SP WIDTH="14" VPOS="1070" HPOS="473"/>
							<String ID="string_335" HPOS="487" VPOS="1070" WIDTH="155" HEIGHT="28" WC="0.92" CONTENT="värnepligtiga"/><SP WIDTH="15" VPOS="1070" HPOS="642"/>
							<String ID="string_336" HPOS="657" VPOS="1070" WIDTH="74" HEIGHT="23" WC="0.96" CONTENT="armén"/><SP WIDTH="19" VPOS="1070" HPOS="731"/>
							<String ID="string_337" HPOS="750" VPOS="1070" WIDTH="144" HEIGHT="24" WC="0.96" CONTENT="förhållandet"/><SP WIDTH="23" VPOS="1070" HPOS="894"/>
							<String ID="string_338" HPOS="917" VPOS="1072" WIDTH="90" HEIGHT="22" WC="0.93" CONTENT="emellan"/><SP WIDTH="16" VPOS="1072" HPOS="1007"/>
							<String ID="string_339" HPOS="1023" VPOS="1078" WIDTH="1" HEIGHT="14" WC="0.89" CONTENT=";"/>
						</TextLine>
						<TextLine ID="line_32" HPOS="185" VPOS="1098" WIDTH="839" HEIGHT="30">
							<String ID="string_340" HPOS="185" VPOS="1098" WIDTH="68" HEIGHT="24" WC="0.93" CONTENT="freds-"/><SP WIDTH="16" VPOS="1098" HPOS="253"/>
							<String ID="string_341" HPOS="269" VPOS="1100" WIDTH="40" HEIGHT="21" WC="0.93" CONTENT="och"/><SP WIDTH="14" VPOS="1100" HPOS="309"/>
							<String ID="string_342" HPOS="323" VPOS="1099" WIDTH="188" HEIGHT="27" WC="0.92" CONTENT="krigsnumerären"/><SP WIDTH="15" VPOS="1099" HPOS="511"/>
							<String ID="string_343" HPOS="526" VPOS="1099" WIDTH="33" HEIGHT="22" WC="0.96" CONTENT="för"/><SP WIDTH="15" VPOS="1099" HPOS="559"/>
							<String ID="string_344" HPOS="574" VPOS="1100" WIDTH="26" HEIGHT="21" WC="0.93" CONTENT="de"/><SP WIDTH="16" VPOS="1100" HPOS="600"/>
							<String ID="string_345" HPOS="616" VPOS="1099" WIDTH="72" HEIGHT="22" WC="0.93" CONTENT="aktiva"/><SP WIDTH="15" VPOS="1099" HPOS="688"/>
							<String ID="string_346" HPOS="703" VPOS="1101" WIDTH="117" HEIGHT="26" WC="0.93" CONTENT="trupperna"/><SP WIDTH="14" VPOS="1101" HPOS="820"/>
							<String ID="string_347" HPOS="834" VPOS="1100" WIDTH="71" HEIGHT="22" WC="0.93" CONTENT="skulle"/><SP WIDTH="10" VPOS="1100" HPOS="905"/>
							<String ID="string_348" HPOS="915" VPOS="1102" WIDTH="93" HEIGHT="26" WC="0.93" CONTENT="gestalta"/><SP WIDTH="14" VPOS="1102" HPOS="1008"/>
							<String ID="string_349" HPOS="1022" VPOS="1104" WIDTH="2" HEIGHT="13" WC="0.93" CONTENT="|"/>
						</TextLine>
						<TextLine ID="line_33" HPOS="186" VPOS="1128" WIDTH="838" HEIGHT="29">
							<String ID="string_350" HPOS="186" VPOS="1128" WIDTH="33" HEIGHT="27" WC="0.96" CONTENT="sig"/><SP WIDTH="15" VPOS="1128" HPOS="219"/>
							<String ID="string_351" HPOS="234" VPOS="1134" WIDTH="45" HEIGHT="16" WC="0.96" CONTENT="som"/><SP WIDTH="18" VPOS="1134" HPOS="279"/>
							<String ID="string_352" HPOS="297" VPOS="1130" WIDTH="9" HEIGHT="20" WC="0.96" CONTENT="1"/><SP WIDTH="18" VPOS="1130" HPOS="306"/>
							<String ID="string_353" HPOS="324" VPOS="1128" WIDTH="31" HEIGHT="21" WC="0.94" CONTENT="till"/><SP WIDTH="18" VPOS="1128" HPOS="355"/>
							<String ID="string_354" HPOS="373" VPOS="1129" WIDTH="35" HEIGHT="25" WC="0.95" CONTENT="1,5,"/><SP WIDTH="16" VPOS="1129" HPOS="408"/>
							<String ID="string_355" HPOS="424" VPOS="1134" WIDTH="49" HEIGHT="16" WC="0.93" CONTENT="men"/><SP WIDTH="15" VPOS="1134" HPOS="473"/>
							<String ID="string_356" HPOS="488" VPOS="1128" WIDTH="71" HEIGHT="22" WC="0.96" CONTENT="såsom"/><SP WIDTH="15" VPOS="1128" HPOS="559"/>
							<String ID="string_357" HPOS="574" VPOS="1128" WIDTH="68" HEIGHT="22" WC="0.96" CONTENT="kändt"/><SP WIDTH="15" VPOS="1128" HPOS="642"/>
							<String ID="string_358" HPOS="657" VPOS="1128" WIDTH="67" HEIGHT="23" WC="0.96" CONTENT="finnes"/><SP WIDTH="15" VPOS="1128" HPOS="724"/>
							<String ID="string_359" HPOS="739" VPOS="1129" WIDTH="32" HEIGHT="21" WC="0.92" CONTENT="uti"/><SP WIDTH="10" VPOS="1129" HPOS="771"/>
							<String ID="string_360" HPOS="781" VPOS="1129" WIDTH="62" HEIGHT="27" WC="0.93" CONTENT="lagen"/><SP WIDTH="10" VPOS="1129" HPOS="843"/>
							<String ID="string_361" HPOS="853" VPOS="1129" WIDTH="112" HEIGHT="28" WC="0.96" CONTENT="ingenting"/><SP WIDTH="8" VPOS="1129" HPOS="965"/>
							<String ID="string_362" HPOS="973" VPOS="1136" WIDTH="34" HEIGHT="16" WC="0.92" CONTENT="om"/><SP WIDTH="15" VPOS="1136" HPOS="1007"/>
							<String ID="string_363" HPOS="1022" VPOS="1140" WIDTH="2" HEIGHT="2" WC="0.72" CONTENT="&#39;"/>
						</TextLine>
						<TextLine ID="line_34" HPOS="187" VPOS="1156" WIDTH="820" HEIGHT="29">
							<String ID="string_364" HPOS="187" VPOS="1157" WIDTH="60" HEIGHT="21" WC="0.93" CONTENT="detta"/><SP WIDTH="14" VPOS="1157" HPOS="247"/>
							<String ID="string_365" HPOS="261" VPOS="1157" WIDTH="82" HEIGHT="28" WC="0.92" CONTENT="vigtiga"/><SP WIDTH="14" VPOS="1157" HPOS="343"/>
							<String ID="string_366" HPOS="357" VPOS="1156" WIDTH="132" HEIGHT="22" WC="0.92" CONTENT="törhällande"/><SP WIDTH="16" VPOS="1156" HPOS="489"/>
							<String ID="string_367" HPOS="505" VPOS="1158" WIDTH="130" HEIGHT="20" WC="0.89" CONTENT="omnämndt."/><SP WIDTH="30" VPOS="1158" HPOS="635"/>
							<String ID="string_368" HPOS="665" VPOS="1157" WIDTH="39" HEIGHT="22" WC="0.93" CONTENT="Att"/><SP WIDTH="15" VPOS="1157" HPOS="704"/>
							<String ID="string_369" HPOS="719" VPOS="1158" WIDTH="120" HEIGHT="22" WC="0.92" CONTENT="emellertid"/><SP WIDTH="15" VPOS="1158" HPOS="839"/>
							<String ID="string_370" HPOS="854" VPOS="1158" WIDTH="65" HEIGHT="22" WC="0.93" CONTENT="dessa"/><SP WIDTH="10" VPOS="1158" HPOS="919"/>
							<String ID="string_371" HPOS="929" VPOS="1158" WIDTH="78" HEIGHT="22" WC="0.93" CONTENT="förhäl-"/>
						</TextLine>
					</TextBlock>
					<TextBlock ID="block_13" HPOS="183" VPOS="1185" WIDTH="841" HEIGHT="404">
						<TextLine ID="line_35" HPOS="185" VPOS="1185" WIDTH="839" HEIGHT="30">
							<String ID="string_372" HPOS="185" VPOS="1186" WIDTH="78" HEIGHT="22" WC="0.92" CONTENT="landen"/><SP WIDTH="15" VPOS="1186" HPOS="263"/>
							<String ID="string_373" HPOS="278" VPOS="1186" WIDTH="72" HEIGHT="22" WC="0.96" CONTENT="kunna"/><SP WIDTH="15" VPOS="1186" HPOS="350"/>
							<String ID="string_374" HPOS="365" VPOS="1185" WIDTH="105" HEIGHT="28" WC="0.93" CONTENT="betydligt"/><SP WIDTH="14" VPOS="1185" HPOS="470"/>
							<String ID="string_375" HPOS="484" VPOS="1187" WIDTH="89" HEIGHT="26" WC="0.92" CONTENT="variera,"/><SP WIDTH="16" VPOS="1187" HPOS="573"/>
							<String ID="string_376" HPOS="589" VPOS="1186" WIDTH="93" HEIGHT="27" WC="0.92" CONTENT="framgär"/><SP WIDTH="22" VPOS="1186" HPOS="682"/>
							<String ID="string_377" HPOS="704" VPOS="1186" WIDTH="23" HEIGHT="22" WC="0.96" CONTENT="af"/><SP WIDTH="21" VPOS="1186" HPOS="727"/>
							<String ID="string_378" HPOS="748" VPOS="1193" WIDTH="26" HEIGHT="15" WC="0.93" CONTENT="en"/><SP WIDTH="7" VPOS="1193" HPOS="774"/>
							<String ID="string_379" HPOS="781" VPOS="1186" WIDTH="135" HEIGHT="29" WC="0.93" CONTENT="jemförelse"/><SP WIDTH="22" VPOS="1186" HPOS="916"/>
							<String ID="string_380" HPOS="938" VPOS="1187" WIDTH="22" HEIGHT="22" WC="0.93" CONTENT="af"/><SP WIDTH="21" VPOS="1187" HPOS="960"/>
							<String ID="string_381" HPOS="981" VPOS="1188" WIDTH="43" HEIGHT="22" WC="0.90" CONTENT="de&#39;"/>
						</TextLine>
						<TextLine ID="line_36" HPOS="187" VPOS="1215" WIDTH="837" HEIGHT="29">
							<String ID="string_382" HPOS="187" VPOS="1215" WIDTH="58" HEIGHT="22" WC="0.93" CONTENT="olika"/><SP WIDTH="15" VPOS="1215" HPOS="245"/>
							<String ID="string_383" HPOS="260" VPOS="1217" WIDTH="108" HEIGHT="20" WC="0.93" CONTENT="staternas"/><SP WIDTH="16" VPOS="1217" HPOS="368"/>
							<String ID="string_384" HPOS="384" VPOS="1215" WIDTH="217" HEIGHT="27" WC="0.92" CONTENT="härorganisationer;"/><SP WIDTH="17" VPOS="1215" HPOS="601"/>
							<String ID="string_385" HPOS="618" VPOS="1221" WIDTH="49" HEIGHT="16" WC="0.96" CONTENT="man"/><SP WIDTH="10" VPOS="1221" HPOS="667"/>
							<String ID="string_386" HPOS="677" VPOS="1217" WIDTH="36" HEIGHT="20" WC="0.96" CONTENT="vet"/><SP WIDTH="10" VPOS="1217" HPOS="713"/>
							<String ID="string_387" HPOS="723" VPOS="1217" WIDTH="32" HEIGHT="20" WC="0.73" CONTENT="att"/><SP WIDTH="7" VPOS="1217" HPOS="755"/>
							<String ID="string_388" HPOS="762" VPOS="1216" WIDTH="7" HEIGHT="21" WC="0.73" CONTENT="i"/><SP WIDTH="8" VPOS="1216" HPOS="769"/>
							<String ID="string_389" HPOS="777" VPOS="1216" WIDTH="230" HEIGHT="28" WC="0.42" CONTENT="Osterrike--Ungern"/><SP WIDTH="15" VPOS="1216" HPOS="1007"/>
							<String ID="string_390" HPOS="1022" VPOS="1217" WIDTH="2" HEIGHT="20" WC="0.78" CONTENT="i"/>
						</TextLine>
						<TextLine ID="line_37" HPOS="185" VPOS="1243" WIDTH="838" HEIGHT="28">
							<String ID="string_391" HPOS="185" VPOS="1243" WIDTH="144" HEIGHT="23" WC="0.95" CONTENT="förhållandet"/><SP WIDTH="15" VPOS="1243" HPOS="329"/>
							<String ID="string_392" HPOS="344" VPOS="1244" WIDTH="90" HEIGHT="21" WC="0.91" CONTENT="emellan"/><SP WIDTH="16" VPOS="1244" HPOS="434"/>
							<String ID="string_393" HPOS="450" VPOS="1243" WIDTH="69" HEIGHT="22" WC="0.92" CONTENT="freds-"/><SP WIDTH="16" VPOS="1243" HPOS="519"/>
							<String ID="string_394" HPOS="535" VPOS="1244" WIDTH="40" HEIGHT="21" WC="0.93" CONTENT="och"/><SP WIDTH="14" VPOS="1244" HPOS="575"/>
							<String ID="string_395" HPOS="589" VPOS="1244" WIDTH="188" HEIGHT="27" WC="0.92" CONTENT="krigsnumerären"/><SP WIDTH="14" VPOS="1244" HPOS="777"/>
							<String ID="string_396" HPOS="791" VPOS="1245" WIDTH="130" HEIGHT="22" WC="0.96" CONTENT="bestämmes"/><SP WIDTH="14" VPOS="1245" HPOS="921"/>
							<String ID="string_397" HPOS="935" VPOS="1245" WIDTH="72" HEIGHT="23" WC="0.92" CONTENT="såsom"/><SP WIDTH="15" VPOS="1245" HPOS="1007"/>
							<String ID="string_398" HPOS="1022" VPOS="1268" WIDTH="1" HEIGHT="3" WC="0.23" CONTENT=";"/>
						</TextLine>
						<TextLine ID="line_38" HPOS="187" VPOS="1272" WIDTH="836" HEIGHT="29">
							<String ID="string_399" HPOS="187" VPOS="1275" WIDTH="10" HEIGHT="19" WC="0.95" CONTENT="1"/><SP WIDTH="18" VPOS="1275" HPOS="197"/>
							<String ID="string_400" HPOS="215" VPOS="1273" WIDTH="32" HEIGHT="21" WC="0.95" CONTENT="till"/><SP WIDTH="15" VPOS="1273" HPOS="247"/>
							<String ID="string_401" HPOS="262" VPOS="1274" WIDTH="41" HEIGHT="26" WC="0.91" CONTENT="2,1;"/><SP WIDTH="18" VPOS="1274" HPOS="303"/>
							<String ID="string_402" HPOS="321" VPOS="1284" WIDTH="24" HEIGHT="4" WC="0.91" CONTENT="—"/><SP WIDTH="17" VPOS="1284" HPOS="345"/>
							<String ID="string_403" HPOS="362" VPOS="1273" WIDTH="32" HEIGHT="21" WC="0.96" CONTENT="uti"/><SP WIDTH="14" VPOS="1273" HPOS="394"/>
							<String ID="string_404" HPOS="408" VPOS="1272" WIDTH="77" HEIGHT="22" WC="0.96" CONTENT="Italien"/><SP WIDTH="16" VPOS="1272" HPOS="485"/>
							<String ID="string_405" HPOS="501" VPOS="1273" WIDTH="90" HEIGHT="22" WC="0.96" CONTENT="emellan"/><SP WIDTH="16" VPOS="1273" HPOS="591"/>
							<String ID="string_406" HPOS="607" VPOS="1273" WIDTH="42" HEIGHT="21" WC="0.96" CONTENT="den"/><SP WIDTH="13" VPOS="1273" HPOS="649"/>
							<String ID="string_407" HPOS="662" VPOS="1275" WIDTH="139" HEIGHT="26" WC="0.95" CONTENT="permanenta"/><SP WIDTH="16" VPOS="1275" HPOS="801"/>
							<String ID="string_408" HPOS="817" VPOS="1274" WIDTH="72" HEIGHT="22" WC="0.96" CONTENT="armén"/><SP WIDTH="12" VPOS="1274" HPOS="889"/>
							<String ID="string_409" HPOS="901" VPOS="1274" WIDTH="40" HEIGHT="22" WC="0.93" CONTENT="och"/><SP WIDTH="16" VPOS="1274" HPOS="941"/>
							<String ID="string_410" HPOS="957" VPOS="1274" WIDTH="50" HEIGHT="23" WC="0.92" CONTENT="den-"/><SP WIDTH="14" VPOS="1274" HPOS="1007"/>
							<String ID="string_411" HPOS="1021" VPOS="1289" WIDTH="2" HEIGHT="12" WC="0.92" CONTENT=":"/>
						</TextLine>
						<TextLine ID="line_39" HPOS="186" VPOS="1301" WIDTH="837" HEIGHT="28">
							<String ID="string_412" HPOS="186" VPOS="1307" WIDTH="87" HEIGHT="21" WC="0.95" CONTENT="samma,"/><SP WIDTH="17" VPOS="1307" HPOS="273"/>
							<String ID="string_413" HPOS="290" VPOS="1301" WIDTH="103" HEIGHT="22" WC="0.96" CONTENT="förstärkt"/><SP WIDTH="16" VPOS="1301" HPOS="393"/>
							<String ID="string_414" HPOS="409" VPOS="1307" WIDTH="76" HEIGHT="20" WC="0.95" CONTENT="genom"/><SP WIDTH="14" VPOS="1307" HPOS="485"/>
							<String ID="string_415" HPOS="499" VPOS="1301" WIDTH="108" HEIGHT="22" WC="0.93" CONTENT="inkallade"/><SP WIDTH="14" VPOS="1301" HPOS="607"/>
							<String ID="string_416" HPOS="621" VPOS="1303" WIDTH="154" HEIGHT="25" WC="0.92" CONTENT="permitterade"/><SP WIDTH="22" VPOS="1303" HPOS="775"/>
							<String ID="string_417" HPOS="797" VPOS="1302" WIDTH="86" HEIGHT="27" WC="0.96" CONTENT="miliser,"/><SP WIDTH="24" VPOS="1302" HPOS="883"/>
							<String ID="string_418" HPOS="907" VPOS="1303" WIDTH="72" HEIGHT="22" WC="0.96" CONTENT="såsom"/><SP WIDTH="16" VPOS="1303" HPOS="979"/>
							<String ID="string_419" HPOS="995" VPOS="1305" WIDTH="28" HEIGHT="20" WC="0.77" CONTENT="1:"/>
						</TextLine>
						<TextLine ID="line_40" HPOS="186" VPOS="1329" WIDTH="837" HEIGHT="28">
							<String ID="string_420" HPOS="186" VPOS="1329" WIDTH="32" HEIGHT="21" WC="0.96" CONTENT="till"/><SP WIDTH="15" VPOS="1329" HPOS="218"/>
							<String ID="string_421" HPOS="233" VPOS="1331" WIDTH="19" HEIGHT="18" WC="0.93" CONTENT="2."/><SP WIDTH="30" VPOS="1331" HPOS="252"/>
							<String ID="string_422" HPOS="282" VPOS="1329" WIDTH="34" HEIGHT="21" WC="0.91" CONTENT="Då"/><SP WIDTH="12" VPOS="1329" HPOS="316"/>
							<String ID="string_423" HPOS="328" VPOS="1329" WIDTH="39" HEIGHT="27" WC="0.96" CONTENT="jag"/><SP WIDTH="14" VPOS="1329" HPOS="367"/>
							<String ID="string_424" HPOS="381" VPOS="1329" WIDTH="97" HEIGHT="26" WC="0.96" CONTENT="sålunda,"/><SP WIDTH="17" VPOS="1329" HPOS="478"/>
							<String ID="string_425" HPOS="495" VPOS="1329" WIDTH="71" HEIGHT="22" WC="0.96" CONTENT="såsom"/><SP WIDTH="13" VPOS="1329" HPOS="566"/>
							<String ID="string_426" HPOS="579" VPOS="1330" WIDTH="36" HEIGHT="27" WC="0.96" CONTENT="jag"/><SP WIDTH="15" VPOS="1330" HPOS="615"/>
							<String ID="string_427" HPOS="630" VPOS="1329" WIDTH="90" HEIGHT="28" WC="0.95" CONTENT="hoppas,"/><SP WIDTH="15" VPOS="1329" HPOS="720"/>
							<String ID="string_428" HPOS="735" VPOS="1330" WIDTH="85" HEIGHT="27" WC="0.96" CONTENT="lyckats"/><SP WIDTH="15" VPOS="1330" HPOS="820"/>
							<String ID="string_429" HPOS="835" VPOS="1331" WIDTH="74" HEIGHT="22" WC="0.93" CONTENT="bevisa"/><SP WIDTH="16" VPOS="1331" HPOS="909"/>
							<String ID="string_430" HPOS="925" VPOS="1331" WIDTH="82" HEIGHT="22" WC="0.87" CONTENT="attför-"/><SP WIDTH="14" VPOS="1331" HPOS="1007"/>
							<String ID="string_431" HPOS="1021" VPOS="1342" WIDTH="2" HEIGHT="11" WC="0.93" CONTENT=":"/>
						</TextLine>
						<TextLine ID="line_41" HPOS="185" VPOS="1357" WIDTH="838" HEIGHT="29">
							<String ID="string_432" HPOS="185" VPOS="1357" WIDTH="110" HEIGHT="22" WC="0.91" CONTENT="hållandet"/><SP WIDTH="16" VPOS="1357" HPOS="295"/>
							<String ID="string_433" HPOS="311" VPOS="1357" WIDTH="90" HEIGHT="22" WC="0.96" CONTENT="emellan"/><SP WIDTH="16" VPOS="1357" HPOS="401"/>
							<String ID="string_434" HPOS="417" VPOS="1357" WIDTH="26" HEIGHT="21" WC="0.96" CONTENT="de"/><SP WIDTH="16" VPOS="1357" HPOS="443"/>
							<String ID="string_435" HPOS="459" VPOS="1357" WIDTH="72" HEIGHT="22" WC="0.96" CONTENT="aktiva"/><SP WIDTH="16" VPOS="1357" HPOS="531"/>
							<String ID="string_436" HPOS="547" VPOS="1359" WIDTH="128" HEIGHT="25" WC="0.93" CONTENT="truppernas"/><SP WIDTH="19" VPOS="1359" HPOS="675"/>
							<String ID="string_437" HPOS="694" VPOS="1358" WIDTH="69" HEIGHT="22" WC="0.91" CONTENT="freds-"/><SP WIDTH="22" VPOS="1358" HPOS="763"/>
							<String ID="string_438" HPOS="785" VPOS="1359" WIDTH="41" HEIGHT="21" WC="0.91" CONTENT="och"/><SP WIDTH="21" VPOS="1359" HPOS="826"/>
							<String ID="string_439" HPOS="847" VPOS="1359" WIDTH="160" HEIGHT="27" WC="0.91" CONTENT="krigsnumerär"/><SP WIDTH="14" VPOS="1359" HPOS="1007"/>
							<String ID="string_440" HPOS="1021" VPOS="1362" WIDTH="2" HEIGHT="2" WC="0.93" CONTENT=":"/>
						</TextLine>
						<TextLine ID="line_42" HPOS="185" VPOS="1385" WIDTH="838" HEIGHT="30">
							<String ID="string_441" HPOS="185" VPOS="1386" WIDTH="106" HEIGHT="27" WC="0.96" CONTENT="betydligt"/><SP WIDTH="14" VPOS="1386" HPOS="291"/>
							<String ID="string_442" HPOS="305" VPOS="1386" WIDTH="43" HEIGHT="21" WC="0.96" CONTENT="kan"/><SP WIDTH="15" VPOS="1386" HPOS="348"/>
							<String ID="string_443" HPOS="363" VPOS="1385" WIDTH="82" HEIGHT="22" WC="0.96" CONTENT="variera"/><SP WIDTH="15" VPOS="1385" HPOS="445"/>
							<String ID="string_444" HPOS="460" VPOS="1387" WIDTH="52" HEIGHT="20" WC="0.96" CONTENT="utan"/><SP WIDTH="16" VPOS="1387" HPOS="512"/>
							<String ID="string_445" HPOS="528" VPOS="1388" WIDTH="33" HEIGHT="20" WC="0.93" CONTENT="att"/><SP WIDTH="14" VPOS="1388" HPOS="561"/>
							<String ID="string_446" HPOS="575" VPOS="1386" WIDTH="85" HEIGHT="22" WC="0.91" CONTENT="likvisst"/><SP WIDTH="15" VPOS="1386" HPOS="660"/>
							<String ID="string_447" HPOS="675" VPOS="1387" WIDTH="127" HEIGHT="28" WC="0.96" CONTENT="regeringen"/><SP WIDTH="23" VPOS="1387" HPOS="802"/>
							<String ID="string_448" HPOS="825" VPOS="1387" WIDTH="69" HEIGHT="22" WC="0.93" CONTENT="skulle"/><SP WIDTH="22" VPOS="1387" HPOS="894"/>
							<String ID="string_449" HPOS="916" VPOS="1387" WIDTH="91" HEIGHT="24" WC="0.91" CONTENT="behöfva"/><SP WIDTH="14" VPOS="1387" HPOS="1007"/>
							<String ID="string_450" HPOS="1021" VPOS="1396" WIDTH="2" HEIGHT="14" WC="0.91" CONTENT=":"/>
						</TextLine>
						<TextLine ID="line_43" HPOS="184" VPOS="1413" WIDTH="839" HEIGHT="31">
							<String ID="string_451" HPOS="184" VPOS="1414" WIDTH="75" HEIGHT="27" WC="0.96" CONTENT="frångå"/><SP WIDTH="16" VPOS="1414" HPOS="259"/>
							<String ID="string_452" HPOS="275" VPOS="1415" WIDTH="41" HEIGHT="21" WC="0.96" CONTENT="den"/><SP WIDTH="15" VPOS="1415" HPOS="316"/>
							<String ID="string_453" HPOS="331" VPOS="1414" WIDTH="7" HEIGHT="21" WC="0.96" CONTENT="i"/><SP WIDTH="16" VPOS="1414" HPOS="338"/>
							<String ID="string_454" HPOS="354" VPOS="1415" WIDTH="62" HEIGHT="26" WC="0.96" CONTENT="lagen"/><SP WIDTH="15" VPOS="1415" HPOS="416"/>
							<String ID="string_455" HPOS="431" VPOS="1413" WIDTH="123" HEIGHT="24" WC="0.93" CONTENT="fastställda"/><SP WIDTH="14" VPOS="1413" HPOS="554"/>
							<String ID="string_456" HPOS="568" VPOS="1414" WIDTH="181" HEIGHT="24" WC="0.92" CONTENT="hufvudnumerär"/><SP WIDTH="14" VPOS="1414" HPOS="749"/>
							<String ID="string_457" HPOS="763" VPOS="1416" WIDTH="33" HEIGHT="21" WC="0.93" CONTENT="för"/><SP WIDTH="16" VPOS="1416" HPOS="796"/>
							<String ID="string_458" HPOS="812" VPOS="1415" WIDTH="153" HEIGHT="29" WC="0.93" CONTENT="fredsstyrkan,"/><SP WIDTH="17" VPOS="1415" HPOS="965"/>
							<String ID="string_459" HPOS="982" VPOS="1417" WIDTH="25" HEIGHT="22" WC="0.92" CONTENT="så"/><SP WIDTH="13" VPOS="1417" HPOS="1007"/>
							<String ID="string_460" HPOS="1020" VPOS="1417" WIDTH="3" HEIGHT="20" WC="0.74" CONTENT=";"/>
						</TextLine>
						<TextLine ID="line_44" HPOS="185" VPOS="1443" WIDTH="822" HEIGHT="31">
							<String ID="string_461" HPOS="185" VPOS="1444" WIDTH="65" HEIGHT="27" WC="0.96" CONTENT="vågar"/><SP WIDTH="13" VPOS="1444" HPOS="250"/>
							<String ID="string_462" HPOS="263" VPOS="1444" WIDTH="37" HEIGHT="27" WC="0.93" CONTENT="jag"/><SP WIDTH="16" VPOS="1444" HPOS="300"/>
							<String ID="string_463" HPOS="316" VPOS="1444" WIDTH="156" HEIGHT="21" WC="0.91" CONTENT="vördsammast"/><SP WIDTH="15" VPOS="1444" HPOS="472"/>
							<String ID="string_464" HPOS="487" VPOS="1443" WIDTH="119" HEIGHT="27" WC="0.90" CONTENT="hemställa,"/><SP WIDTH="17" VPOS="1443" HPOS="606"/>
							<String ID="string_465" HPOS="623" VPOS="1449" WIDTH="34" HEIGHT="17" WC="0.96" CONTENT="om"/><SP WIDTH="15" VPOS="1449" HPOS="657"/>
							<String ID="string_466" HPOS="672" VPOS="1444" WIDTH="47" HEIGHT="23" WC="0.96" CONTENT="icke"/><SP WIDTH="16" VPOS="1444" HPOS="719"/>
							<String ID="string_467" HPOS="735" VPOS="1445" WIDTH="100" HEIGHT="27" WC="0.96" CONTENT="möjligen"/><SP WIDTH="10" VPOS="1445" HPOS="835"/>
							<String ID="string_468" HPOS="845" VPOS="1446" WIDTH="37" HEIGHT="21" WC="0.93" CONTENT="det"/><SP WIDTH="9" VPOS="1446" HPOS="882"/>
							<String ID="string_469" HPOS="891" VPOS="1446" WIDTH="116" HEIGHT="28" WC="0.91" CONTENT="höglofliga"/>
						</TextLine>
						<TextLine ID="line_45" HPOS="185" VPOS="1471" WIDTH="838" HEIGHT="30">
							<String ID="string_470" HPOS="185" VPOS="1472" WIDTH="87" HEIGHT="23" WC="0.96" CONTENT="ståndet"/><SP WIDTH="15" VPOS="1472" HPOS="272"/>
							<String ID="string_471" HPOS="287" VPOS="1472" WIDTH="69" HEIGHT="23" WC="0.96" CONTENT="skulle"/><SP WIDTH="15" VPOS="1472" HPOS="356"/>
							<String ID="string_472" HPOS="371" VPOS="1471" WIDTH="56" HEIGHT="23" WC="0.96" CONTENT="finna"/><SP WIDTH="15" VPOS="1471" HPOS="427"/>
							<String ID="string_473" HPOS="442" VPOS="1473" WIDTH="47" HEIGHT="21" WC="0.96" CONTENT="skäl"/><SP WIDTH="16" VPOS="1473" HPOS="489"/>
							<String ID="string_474" HPOS="505" VPOS="1474" WIDTH="32" HEIGHT="20" WC="0.96" CONTENT="att"/><SP WIDTH="14" VPOS="1474" HPOS="537"/>
							<String ID="string_475" HPOS="551" VPOS="1473" WIDTH="87" HEIGHT="26" WC="0.96" CONTENT="vidtaga"/><SP WIDTH="14" VPOS="1473" HPOS="638"/>
							<String ID="string_476" HPOS="652" VPOS="1473" WIDTH="70" HEIGHT="28" WC="0.96" CONTENT="någon"/><SP WIDTH="16" VPOS="1473" HPOS="722"/>
							<String ID="string_477" HPOS="738" VPOS="1474" WIDTH="83" HEIGHT="27" WC="0.96" CONTENT="åtgärd,"/><SP WIDTH="22" VPOS="1474" HPOS="821"/>
							<String ID="string_478" HPOS="843" VPOS="1475" WIDTH="25" HEIGHT="21" WC="0.95" CONTENT="sä"/><SP WIDTH="23" VPOS="1475" HPOS="868"/>
							<String ID="string_479" HPOS="891" VPOS="1476" WIDTH="33" HEIGHT="21" WC="0.95" CONTENT="att"/><SP WIDTH="23" VPOS="1476" HPOS="924"/>
							<String ID="string_480" HPOS="947" VPOS="1476" WIDTH="76" HEIGHT="23" WC="0.69" CONTENT="detta"/>
						</TextLine>
						<TextLine ID="line_46" HPOS="183" VPOS="1501" WIDTH="840" HEIGHT="30">
							<String ID="string_481" HPOS="183" VPOS="1501" WIDTH="118" HEIGHT="28" WC="0.93" CONTENT="lagförslag"/><SP WIDTH="10" VPOS="1501" HPOS="301"/>
							<String ID="string_482" HPOS="311" VPOS="1501" WIDTH="47" HEIGHT="22" WC="0.92" CONTENT="icke"/><SP WIDTH="8" VPOS="1501" HPOS="358"/>
							<String ID="string_483" HPOS="366" VPOS="1502" WIDTH="35" HEIGHT="21" WC="0.93" CONTENT="mä"/><SP WIDTH="7" VPOS="1502" HPOS="401"/>
							<String ID="string_484" HPOS="408" VPOS="1501" WIDTH="65" HEIGHT="22" WC="0.92" CONTENT="blifva"/><SP WIDTH="8" VPOS="1501" HPOS="473"/>
							<String ID="string_485" HPOS="481" VPOS="1503" WIDTH="51" HEIGHT="20" WC="0.93" CONTENT="utan"/><SP WIDTH="9" VPOS="1503" HPOS="532"/>
							<String ID="string_486" HPOS="541" VPOS="1502" WIDTH="69" HEIGHT="27" WC="0.93" CONTENT="nägon"/><SP WIDTH="8" VPOS="1502" HPOS="610"/>
							<String ID="string_487" HPOS="618" VPOS="1501" WIDTH="136" HEIGHT="29" WC="0.92" CONTENT="bestämning"/><SP WIDTH="9" VPOS="1501" HPOS="754"/>
							<String ID="string_488" HPOS="763" VPOS="1503" WIDTH="79" HEIGHT="27" WC="0.92" CONTENT="derom,"/><SP WIDTH="9" VPOS="1503" HPOS="842"/>
							<String ID="string_489" HPOS="851" VPOS="1504" WIDTH="53" HEIGHT="22" WC="0.96" CONTENT="eller"/><SP WIDTH="7" VPOS="1504" HPOS="904"/>
							<String ID="string_490" HPOS="911" VPOS="1506" WIDTH="52" HEIGHT="20" WC="0.96" CONTENT="utan"/><SP WIDTH="12" VPOS="1506" HPOS="963"/>
							<String ID="string_491" HPOS="975" VPOS="1506" WIDTH="32" HEIGHT="21" WC="0.96" CONTENT="ett"/><SP WIDTH="13" VPOS="1506" HPOS="1007"/>
							<String ID="string_492" HPOS="1020" VPOS="1503" WIDTH="3" HEIGHT="28" WC="0.95" CONTENT="|"/>
						</TextLine>
						<TextLine ID="line_47" HPOS="185" VPOS="1530" WIDTH="837" HEIGHT="29">
							<String ID="string_493" HPOS="185" VPOS="1531" WIDTH="157" HEIGHT="22" WC="0.92" CONTENT="observerande"/><SP WIDTH="16" VPOS="1531" HPOS="342"/>
							<String ID="string_494" HPOS="358" VPOS="1530" WIDTH="23" HEIGHT="22" WC="0.96" CONTENT="af"/><SP WIDTH="18" VPOS="1530" HPOS="381"/>
							<String ID="string_495" HPOS="399" VPOS="1530" WIDTH="62" HEIGHT="22" WC="0.93" CONTENT="detta"/><SP WIDTH="18" VPOS="1530" HPOS="461"/>
							<String ID="string_496" HPOS="479" VPOS="1530" WIDTH="139" HEIGHT="23" WC="0.92" CONTENT="förhällande."/><SP WIDTH="30" VPOS="1530" HPOS="618"/>
							<String ID="string_497" HPOS="648" VPOS="1531" WIDTH="41" HEIGHT="28" WC="0.95" CONTENT="Jag"/><SP WIDTH="13" VPOS="1531" HPOS="689"/>
							<String ID="string_498" HPOS="702" VPOS="1532" WIDTH="40" HEIGHT="22" WC="0.93" CONTENT="har"/><SP WIDTH="14" VPOS="1532" HPOS="742"/>
							<String ID="string_499" HPOS="756" VPOS="1532" WIDTH="125" HEIGHT="27" WC="0.90" CONTENT="visserligen"/><SP WIDTH="14" VPOS="1532" HPOS="881"/>
							<String ID="string_500" HPOS="895" VPOS="1533" WIDTH="47" HEIGHT="22" WC="0.92" CONTENT="haft"/><SP WIDTH="13" VPOS="1533" HPOS="942"/>
							<String ID="string_501" HPOS="955" VPOS="1536" WIDTH="52" HEIGHT="19" WC="0.92" CONTENT="äran"/><SP WIDTH="13" VPOS="1536" HPOS="1007"/>
							<String ID="string_502" HPOS="1020" VPOS="1538" WIDTH="2" HEIGHT="16" WC="0.88" CONTENT="&#39;"/>
						</TextLine>
						<TextLine ID="line_48" HPOS="184" VPOS="1559" WIDTH="838" HEIGHT="30">
							<String ID="string_503" HPOS="184" VPOS="1561" WIDTH="33" HEIGHT="21" WC="0.96" CONTENT="att"/><SP WIDTH="14" VPOS="1561" HPOS="217"/>
							<String ID="string_504" HPOS="231" VPOS="1566" WIDTH="52" HEIGHT="17" WC="0.93" CONTENT="vara"/><SP WIDTH="12" VPOS="1566" HPOS="283"/>
							<String ID="string_505" HPOS="295" VPOS="1559" WIDTH="116" HEIGHT="29" WC="0.96" CONTENT="suppleant"/><SP WIDTH="14" VPOS="1559" HPOS="411"/>
							<String ID="string_506" HPOS="425" VPOS="1560" WIDTH="7" HEIGHT="22" WC="0.93" CONTENT="i"/><SP WIDTH="15" VPOS="1560" HPOS="432"/>
							<String ID="string_507" HPOS="447" VPOS="1559" WIDTH="253" HEIGHT="29" WC="0.92" CONTENT="Värnepligtsutskottet,"/><SP WIDTH="23" VPOS="1559" HPOS="700"/>
							<String ID="string_508" HPOS="723" VPOS="1567" WIDTH="49" HEIGHT="17" WC="0.96" CONTENT="men"/><SP WIDTH="20" VPOS="1567" HPOS="772"/>
							<String ID="string_509" HPOS="792" VPOS="1561" WIDTH="28" HEIGHT="22" WC="0.96" CONTENT="dä"/><SP WIDTH="19" VPOS="1561" HPOS="820"/>
							<String ID="string_510" HPOS="839" VPOS="1561" WIDTH="37" HEIGHT="28" WC="0.93" CONTENT="jag"/><SP WIDTH="21" VPOS="1561" HPOS="876"/>
							<String ID="string_511" HPOS="897" VPOS="1562" WIDTH="48" HEIGHT="23" WC="0.96" CONTENT="icke"/><SP WIDTH="21" VPOS="1562" HPOS="945"/>
							<String ID="string_512" HPOS="966" VPOS="1561" WIDTH="56" HEIGHT="24" WC="0.91" CONTENT="fätt:"/>
						</TextLine>
					</TextBlock>
				</ComposedBlock>
			</PrintSpace>
		</Page>
	</Layout>
</alto>
