1061 1759
223 124 54 19 1510
500 124 39 18 Den
558 122 24 20 17
598 124 106 18 December.

193 187 53 26 klar,
269 192 46 16 som
335 186 43 28 jag,
400 192 49 16 men
464 186 8 22 i
487 186 87 22 alldeles
589 187 90 21 motsatt
693 185 103 27 riktning;
811 186 40 20 när
865 184 40 22 här
920 184 46 22 står
980 185 32 21 att

195 216 26 21 de
243 216 123 26 kostnader,
389 221 45 16 som
457 216 47 22 icke
519 216 72 21 kunna
606 215 105 22 bestridas
727 214 49 22 med
791 214 163 22 militiefondens
969 214 42 21 till-

194 244 87 27 gångar,
305 244 103 22 betäckas
430 245 49 21 med
502 244 22 22 af
543 244 115 22 ständerna
673 244 100 21 anvisade
788 243 76 26 medel,
881 243 25 21 så
920 243 42 21 kan
974 242 38 28 jag

193 274 48 21 icke
263 273 60 22 tolka
345 273 37 21 det
404 274 137 26 annorlunda,
562 276 27 19 än
602 275 33 19 att
650 273 115 22 ständerna
780 272 61 22 skola
856 272 73 22 anvisa
942 271 70 22 hvari-

197 302 46 22 från
259 302 26 21 de
301 302 70 22 medel
386 302 61 22 skola
462 304 67 26 tagas,
545 308 46 16 som
606 302 103 28 Kejsaren
725 302 41 22 och
774 301 134 23 Storfursten
923 300 38 23 har
975 301 36 21 be-

194 332 67 21 slutat
276 332 33 20 att
323 331 33 22 för
371 332 92 21 militära
478 332 97 21 ändamål
591 332 61 21 skola
667 331 57 27 utgå.

263 360 56 22 Herr
334 360 136 22 Mechelin:
501 360 44 22 När
560 361 20 21 vi
594 360 86 22 komma
695 360 88 26 derhän,
798 361 33 20 att
844 359 70 22 finska
930 360 81 20 statens

194 388 136 28 hushållning
352 389 77 22 ordnas
449 395 77 21 genom
541 395 26 16 en
582 390 56 21 enda
652 389 87 27 budget,
756 390 33 20 att
804 389 40 21 den
859 388 41 22 blir
915 394 27 16 en
956 389 56 20 tota-

195 418 48 21 litet
264 418 7 20 i
294 418 74 21 stället
388 418 34 22 för
444 420 32 20 att
494 419 20 21 vi
528 418 63 22 hafva
606 418 40 21 den
662 418 63 22 delad
741 418 40 22 och
796 417 122 28 grupperad
932 417 8 21 i
955 416 56 22 olika

194 446 81 27 fonder,
292 446 25 22 så
332 446 41 22 blir
388 446 37 22 det
438 448 138 26 naturligtvts
591 447 108 27 likgiltigt,
714 446 107 22 huruvida
835 446 78 22 endast
927 445 85 22 militie-

196 474 83 27 fonden,
292 475 66 27 jemte
373 475 56 22 hvad
445 476 117 22 ständerna
576 476 79 26 anvisa,
671 475 104 22 förklaras
791 475 73 21 kunna
878 474 33 22 för
920 474 93 22 militära

196 504 97 22 ändamål
311 505 63 27 tagas
388 504 8 21 i
411 505 99 26 anspråk.
541 504 91 28 Sålänge
648 504 60 22 detta
721 504 49 22 icke
785 506 24 20 är
823 504 60 22 fallet
898 504 40 21 och
954 504 57 20 stän-

196 533 65 22 derna
276 533 47 21 icke
338 533 67 22 heller
420 533 63 22 hafva
497 534 189 26 bestämningsrätt
701 532 111 28 angående
827 533 106 21 allmänna
948 533 64 21 stats-

195 561 90 23 fondens
301 562 139 27 användning,
458 563 23 21 så
497 563 61 21 torde
573 562 38 22 det
624 569 52 15 vara
691 562 22 22 af
726 563 44 27 vigt
785 563 33 21 att
832 568 49 15 man
895 561 118 22 bibehåller

196 591 69 21 denna
285 590 78 22 hittills
385 591 119 22 bestående
525 591 144 28 begränsning
683 592 90 21 emellan
789 591 105 22 allmänna
909 589 102 23 statsfon-

197 619 52 22 dens
272 619 121 28 utgiftssfär
413 620 40 22 och
475 620 171 22 militiefondens.
678 620 71 22 Skulle
769 621 37 21 det
820 620 86 22 komma
920 621 33 20 att
967 618 46 22 visa

197 648 32 27 sig
251 649 72 21 såsom
345 649 37 21 det
400 649 100 26 normala,
517 651 33 20 att
564 650 116 21 ständerna
695 649 57 21 finna
767 649 93 21 tillskott
874 655 51 15 vara
939 647 74 23 behöf-

196 677 39 27 ligt
256 677 56 21 både
334 676 33 22 för
388 677 32 26 de,
440 684 34 15 om
486 678 38 27 jag
539 678 24 22 så
578 678 32 21 får
623 680 58 24 säga,
698 678 62 22 civila
775 677 183 23 statsändamålen
973 676 41 22 och

197 706 26 21 de
245 706 98 26 militära,
366 705 25 22 så
413 706 68 21 skulle
504 706 152 27 borttagandet
670 706 23 22 af
706 706 66 27 sagde
786 706 144 26 begränsning
945 706 47 21 icke
1007 704 7 22 i

196 734 69 27 någon
280 734 49 22 mån
343 734 84 22 minska
442 734 237 28 bevillningsbehofven.
709 735 31 27 Ty
756 742 33 15 om
805 734 165 27 ettstadgande,
980 733 33 22 så-

196 763 52 22 dant
263 769 46 15 som
324 763 37 21 det
376 762 22 22 af
411 763 51 22 herr
476 764 120 22 Schauman
611 764 40 22 och
666 763 89 23 friherre
769 770 42 16 von
821 764 57 21 Troil
886 764 127 26 föreslagna,

197 793 96 25 antages,
316 792 70 21 skulle
409 792 37 22 det
458 792 78 28 jemväl
550 792 56 28 gälla
621 794 33 20 att
669 793 58 21 såväl
742 792 34 22 för
791 793 106 21 allmänna
912 792 102 21 statsfon-

197 820 41 22 den
261 826 45 16 som
329 820 153 22 militiefonden
496 823 107 26 noggrant
616 821 101 27 beräkna,
733 821 56 22 huru
804 822 61 26 långt
880 821 62 22 deras
958 820 56 22 ordi-

196 849 59 22 narie
270 849 115 27 tillgångar
399 848 72 28 förslå,
488 850 40 22 och
543 849 67 23 sedan
625 850 73 22 anvisa
714 851 37 21 det
765 850 100 27 tillskott,
881 856 46 16 som
942 850 73 21 derut-

197 878 59 23 öfver
277 881 24 19 är
319 877 33 23 för
366 878 56 22 båda
438 878 73 28 slagen
526 879 21 22 af
561 879 88 28 utgifter
664 880 80 28 nödigt.
773 879 51 23 Men
839 885 34 16 om
889 879 37 23 det
941 878 74 23 ställer

197 908 33 27 sig
245 908 26 21 så
285 909 98 26 gynsamt
398 908 48 21 med
462 909 106 21 allmänna
583 908 146 23 statsfondens
745 908 118 23 inkomster
871 910 33 20 att
912 908 40 22 den
962 908 52 22 lem-

196 942 39 16 nar
249 936 71 22 medel
335 936 60 22 äfven
410 936 31 22 till
457 938 80 21 sådana
551 938 94 27 utgifter,
662 944 45 15 som
723 938 58 22 förut
802 938 99 22 betäckts
924 937 91 21 medelst

197 965 121 27 bevillning,
335 965 24 21 så
373 966 43 21 kan
430 972 54 21 man,
501 966 72 22 derest
589 966 133 22 statsfonden
737 966 48 22 icke
794 969 23 19 är
831 966 34 22 för
878 966 92 22 militära
978 968 37 19 än-

198 994 69 22 damäl
289 994 125 28 disponibel,
437 994 86 22 komma
541 995 87 27 derhän,
646 997 32 19 att
692 995 107 22 måhända
815 996 75 21 endast
905 994 110 23 bevillnin-

197 1029 41 21 gen
252 1022 33 22 för
308 1023 27 21 de
349 1023 93 21 militära
456 1023 116 27 utgifterna
587 1024 98 27 gvarstär
700 1024 71 22 säsom
786 1024 98 27 behöflig.
915 1024 39 21 Att
968 1024 47 21 äter

197 1052 66 21 tänka
285 1051 33 28 sig
333 1057 25 17 en
375 1051 25 22 sä
414 1052 60 22 stark
490 1053 79 27 ökning
583 1054 8 20 i
606 1053 106 21 allmänna
727 1052 147 23 statsfondens
890 1053 125 26 inkomster,

199 1082 32 20 att
253 1080 26 22 de
294 1080 49 22 icke
357 1080 56 22 blott
428 1081 71 21 kunde
514 1082 92 22 betäcka
620 1082 42 22 alla
676 1082 32 22 till
725 1082 49 22 dess
791 1082 42 22 sfer
847 1082 120 26 hänförliga
981 1083 34 19 ut-

197 1109 70 27 gifter,
289 1111 53 19 utan
358 1109 110 22 dessutom
484 1110 60 22 äfven
559 1111 89 27 erbjuda
662 1111 74 27 nödigt
751 1111 92 21 tillskott
858 1111 23 21 ät
894 1109 122 23 militiefon-

199 1138 46 27 den,
255 1141 29 23 är,
300 1138 71 22 säsom
384 1138 38 27 jag
435 1138 90 28 tidigare
539 1139 121 27 framhällit,
677 1146 27 15 en
717 1140 92 21 illusion.
840 1140 127 25 Resultatet,
984 1140 32 20 to-

198 1167 133 27 talbeloppet
345 1166 23 22 af
381 1167 142 28 bevillningen
537 1168 69 22 mäste
622 1168 84 22 säledes
715 1168 64 22 blifva
788 1168 123 27 detsamma,
922 1168 24 22 sä
957 1169 59 20 snart

198 1202 27 15 en
247 1196 56 27 gäng
325 1195 226 29 bevillningsfrägorna
572 1196 84 28 pröfvas
672 1198 28 26 pä
715 1198 131 26 grundvalen
861 1197 22 22 af
897 1204 26 15 en
938 1196 78 22 beräk-

199 1224 51 27 ning
271 1224 56 22 huru
349 1224 61 27 långt
432 1225 26 21 de
482 1226 104 22 ordinarie
603 1226 140 27 tillgängarne
758 1226 73 22 förslä.
861 1226 116 22 Skilnaden
992 1227 24 20 är

199 1253 56 21 blott
263 1254 48 25 den,
320 1255 33 19 att
360 1260 54 20 man,
424 1260 34 15 om
467 1254 70 22 denna
543 1254 103 28 paragraf
652 1255 67 21 blefve
729 1255 81 22 ändrad
819 1256 24 20 sä
851 1262 46 15 som
905 1254 109 28 päyrkats,

200 1282 69 21 skulle
291 1281 63 22 hafva
376 1282 80 22 mindre
478 1284 83 25 garanti
582 1285 45 20 mot
642 1284 78 26 onödig
735 1284 95 26 stegring
845 1284 24 21 af
881 1284 26 21 de
922 1283 95 21 militära

199 1310 123 26 utgifterna,
339 1312 26 19 än
381 1316 33 15 om
430 1310 42 21 den
487 1312 89 26 antages
592 1311 66 27 enligt
672 1312 119 21 utskottets
799 1311 85 27 förslag.
901 1312 38 20 Att
948 1312 68 20 denna

198 1337 102 28 paragraf
321 1338 68 21 skulle
412 1337 80 23 förafse
515 1341 32 19 att
569 1339 115 21 ständerna
698 1346 51 15 vore
765 1340 86 22 absolut
865 1340 102 27 skyldiga,
984 1340 33 20 att

199 1367 79 27 bevilja
292 1366 72 28 hvarje
379 1366 70 28 penni,
466 1372 45 16 som
527 1367 69 27 äskas,
612 1368 42 22 kan
669 1368 122 28 pätagligen
807 1369 48 21 icke
869 1375 52 16 vara
936 1368 81 22 menin-

199 1401 48 21 gen.
277 1396 101 21 Förutom
400 1397 127 26 truppernas
548 1397 124 27 utrustning
694 1398 40 21 och
752 1398 112 22 underhäll
879 1398 72 21 kunna
966 1396 51 22 alle-

199 1424 71 22 handa
291 1424 93 22 militära
405 1425 109 27 projekter
535 1432 45 16 som
602 1426 96 22 medföra
715 1426 94 28 utgifter,
824 1426 136 27 framställas,
977 1426 40 22 och

199 1452 96 23 befinnas
319 1453 27 22 de
367 1453 48 22 icke
437 1454 81 22 sädana
539 1456 32 20 att
586 1455 115 23 ständerna
715 1456 50 27 vilja
781 1455 102 29 befrämja
899 1456 117 26 desamma,

201 1482 24 22 sä
247 1482 70 22 mäste
337 1482 37 22 det
395 1482 67 23 finnas
478 1484 110 27 möjlighet
602 1486 34 20 att
650 1484 47 22 icke
712 1485 75 22 anvisa
802 1486 69 21 medel
886 1485 32 22 till
934 1485 82 22 sädana

200 1511 93 27 utgifter.

268 1540 42 28 Jag
324 1539 66 23 fattar
404 1540 47 23 icke
466 1541 48 22 fullt
528 1542 51 22 herr
594 1542 130 22 Schaumans
740 1542 50 23 tillit
805 1542 32 22 till
848 1542 105 23 Senatens
964 1542 54 21 mot-
