<?xml version="1.0" encoding="UTF-8"?>
<alto xmlns="http://www.loc.gov/standards/alto/ns-v3#" xmlns:xlink="http://www.w3.org/1999/xlink" xmlns:xsi="http://www.w3.org/2001/XMLSchema-instance" xsi:schemaLocation="http://www.loc.gov/standards/alto/ns-v3# http://www.loc.gov/alto/v3/alto-3-0.xsd">
	<Description>
		<MeasurementUnit>pixel</MeasurementUnit>
		<sourceImageInformation>
			<fileName>/tmp/tess_5a8ost_p_input.PNG</fileName>
		</sourceImageInformation>
		<OCRProcessing ID="OCR_0">
			<ocrProcessingStep>
				<processingSoftware>
					<softwareName>tesseract 5.3.4</softwareName>
				</processingSoftware>
			</ocrProcessingStep>
		</OCRProcessing>
	</Description>
	<Layout>
		<Page WIDTH="1064" HEIGHT="1811" PHYSICAL_IMG_NR="0" ID="page_0">
			<PrintSpace HPOS="0" VPOS="0" WIDTH="1064" HEIGHT="1811">
				<ComposedBlock ID="cblock_0" HPOS="217" VPOS="140" WIDTH="473" HEIGHT="20">
					<TextBlock ID="block_0" HPOS="217" VPOS="140" WIDTH="473" HEIGHT="20">
						<TextLine ID="line_0" HPOS="217" VPOS="140" WIDTH="473" HEIGHT="20">
							<String ID="string_0" HPOS="217" VPOS="141" WIDTH="54" HEIGHT="19" WC="0.91" CONTENT="1748"/><SP WIDTH="241" VPOS="141" HPOS="271"/>
							<String ID="string_1" HPOS="512" VPOS="142" WIDTH="39" HEIGHT="17" WC="0.96" CONTENT="Den"/><SP WIDTH="18" VPOS="142" HPOS="551"/>
							<String ID="string_2" HPOS="569" VPOS="140" WIDTH="25" HEIGHT="19" WC="0.95" CONTENT="10"/><SP WIDTH="15" VPOS="140" HPOS="594"/>
							<String ID="string_3" HPOS="609" VPOS="142" WIDTH="81" HEIGHT="17" WC="0.92" CONTENT="Januari."/>
						</TextLine>
					</TextBlock>
				</ComposedBlock>
				<ComposedBlock ID="cblock_1" HPOS="255" VPOS="203" WIDTH="768" HEIGHT="28">
					<TextBlock ID="block_1" HPOS="255" VPOS="203" WIDTH="768" HEIGHT="28">
						<TextLine ID="line_1" HPOS="255" VPOS="203" WIDTH="768" HEIGHT="28">
							<String ID="string_4" HPOS="255" VPOS="204" WIDTH="56" HEIGHT="21" WC="0.95" CONTENT="Herr"/><SP WIDTH="14" VPOS="204" HPOS="311"/>
							<String ID="string_5" HPOS="325" VPOS="204" WIDTH="98" HEIGHT="21" WC="0.96" CONTENT="Antell:"/><SP WIDTH="29" VPOS="204" HPOS="423"/>
							<String ID="string_6" HPOS="452" VPOS="204" WIDTH="42" HEIGHT="26" WC="0.96" CONTENT="Jag"/><SP WIDTH="14" VPOS="204" HPOS="494"/>
							<String ID="string_7" HPOS="508" VPOS="204" WIDTH="39" HEIGHT="21" WC="0.96" CONTENT="ber"/><SP WIDTH="15" VPOS="204" HPOS="547"/>
							<String ID="string_8" HPOS="562" VPOS="204" WIDTH="57" HEIGHT="21" WC="0.96" CONTENT="blott"/><SP WIDTH="13" VPOS="204" HPOS="619"/>
							<String ID="string_9" HPOS="632" VPOS="203" WIDTH="8" HEIGHT="22" WC="0.96" CONTENT="i"/><SP WIDTH="15" VPOS="203" HPOS="640"/>
							<String ID="string_10" HPOS="655" VPOS="203" WIDTH="87" HEIGHT="22" WC="0.96" CONTENT="korthet"/><SP WIDTH="14" VPOS="203" HPOS="742"/>
							<String ID="string_11" HPOS="756" VPOS="203" WIDTH="21" HEIGHT="22" WC="0.96" CONTENT="få"/><SP WIDTH="15" VPOS="203" HPOS="777"/>
							<String ID="string_12" HPOS="792" VPOS="205" WIDTH="57" HEIGHT="26" WC="0.96" CONTENT="yttra"/><SP WIDTH="15" VPOS="205" HPOS="849"/>
							<String ID="string_13" HPOS="864" VPOS="204" WIDTH="42" HEIGHT="27" WC="0.94" CONTENT="mig"/><SP WIDTH="10" VPOS="204" HPOS="906"/>
							<String ID="string_14" HPOS="916" VPOS="204" WIDTH="8" HEIGHT="21" WC="0.93" CONTENT="i"/><SP WIDTH="10" VPOS="204" HPOS="924"/>
							<String ID="string_15" HPOS="934" VPOS="203" WIDTH="73" HEIGHT="22" WC="0.90" CONTENT="anled-"/><SP WIDTH="14" VPOS="203" HPOS="1007"/>
							<String ID="string_16" HPOS="1021" VPOS="208" WIDTH="2" HEIGHT="12" WC="0.90" CONTENT=":"/>
						</TextLine>
					</TextBlock>
				</ComposedBlock>
				<ComposedBlock ID="cblock_2" HPOS="187" VPOS="231" WIDTH="821" HEIGHT="28">
					<TextBlock ID="block_2" HPOS="187" VPOS="231" WIDTH="821" HEIGHT="28">
						<TextLine ID="line_2" HPOS="187" VPOS="231" WIDTH="821" HEIGHT="28">
							<String ID="string_17" HPOS="187" VPOS="232" WIDTH="51" HEIGHT="27" WC="0.96" CONTENT="ning"/><SP WIDTH="15" VPOS="232" HPOS="238"/>
							<String ID="string_18" HPOS="253" VPOS="232" WIDTH="23" HEIGHT="21" WC="0.95" CONTENT="af"/><SP WIDTH="14" VPOS="232" HPOS="276"/>
							<String ID="string_19" HPOS="290" VPOS="233" WIDTH="26" HEIGHT="21" WC="0.96" CONTENT="de"/><SP WIDTH="14" VPOS="233" HPOS="316"/>
							<String ID="string_20" HPOS="330" VPOS="231" WIDTH="119" HEIGHT="23" WC="0.96" CONTENT="finansiella"/><SP WIDTH="14" VPOS="231" HPOS="449"/>
							<String ID="string_21" HPOS="463" VPOS="232" WIDTH="53" HEIGHT="27" WC="0.96" CONTENT="skäl,"/><SP WIDTH="19" VPOS="232" HPOS="516"/>
							<String ID="string_22" HPOS="535" VPOS="232" WIDTH="50" HEIGHT="21" WC="0.93" CONTENT="herr"/><SP WIDTH="21" VPOS="232" HPOS="585"/>
							<String ID="string_23" HPOS="606" VPOS="232" WIDTH="106" HEIGHT="21" WC="0.92" CONTENT="Mechelin"/><SP WIDTH="22" VPOS="232" HPOS="712"/>
							<String ID="string_24" HPOS="734" VPOS="233" WIDTH="55" HEIGHT="20" WC="0.96" CONTENT="trott"/><SP WIDTH="21" VPOS="233" HPOS="789"/>
							<String ID="string_25" HPOS="810" VPOS="239" WIDTH="51" HEIGHT="15" WC="0.96" CONTENT="vara"/><SP WIDTH="22" VPOS="239" HPOS="861"/>
							<String ID="string_26" HPOS="883" VPOS="232" WIDTH="125" HEIGHT="27" WC="0.95" CONTENT="tillräckligt"/>
						</TextLine>
					</TextBlock>
				</ComposedBlock>
				<ComposedBlock ID="cblock_3" HPOS="188" VPOS="260" WIDTH="835" HEIGHT="86">
					<TextBlock ID="block_3" HPOS="188" VPOS="260" WIDTH="835" HEIGHT="86">
						<TextLine ID="line_3" HPOS="188" VPOS="260" WIDTH="835" HEIGHT="29">
							<String ID="string_27" HPOS="188" VPOS="261" WIDTH="86" HEIGHT="22" WC="0.95" CONTENT="talande"/><SP WIDTH="16" VPOS="261" HPOS="274"/>
							<String ID="string_28" HPOS="290" VPOS="263" WIDTH="57" HEIGHT="20" WC="0.96" CONTENT="emot"/><SP WIDTH="16" VPOS="263" HPOS="347"/>
							<String ID="string_29" HPOS="363" VPOS="261" WIDTH="41" HEIGHT="22" WC="0.96" CONTENT="den"/><SP WIDTH="15" VPOS="261" HPOS="404"/>
							<String ID="string_30" HPOS="419" VPOS="261" WIDTH="78" HEIGHT="28" WC="0.96" CONTENT="ökning"/><SP WIDTH="16" VPOS="261" HPOS="497"/>
							<String ID="string_31" HPOS="513" VPOS="260" WIDTH="22" HEIGHT="23" WC="0.96" CONTENT="af"/><SP WIDTH="13" VPOS="260" HPOS="535"/>
							<String ID="string_32" HPOS="548" VPOS="261" WIDTH="27" HEIGHT="22" WC="0.96" CONTENT="de"/><SP WIDTH="16" VPOS="261" HPOS="575"/>
							<String ID="string_33" HPOS="591" VPOS="261" WIDTH="72" HEIGHT="21" WC="0.96" CONTENT="aktiva"/><SP WIDTH="14" VPOS="261" HPOS="663"/>
							<String ID="string_34" HPOS="677" VPOS="263" WIDTH="128" HEIGHT="25" WC="0.96" CONTENT="truppernas"/><SP WIDTH="19" VPOS="263" HPOS="805"/>
							<String ID="string_35" HPOS="824" VPOS="261" WIDTH="58" HEIGHT="22" WC="0.96" CONTENT="antal"/><SP WIDTH="22" VPOS="261" HPOS="882"/>
							<String ID="string_36" HPOS="904" VPOS="267" WIDTH="47" HEIGHT="16" WC="0.96" CONTENT="som"/><SP WIDTH="19" VPOS="267" HPOS="951"/>
							<String ID="string_37" HPOS="970" VPOS="261" WIDTH="37" HEIGHT="27" WC="0.93" CONTENT="jag"/><SP WIDTH="14" VPOS="261" HPOS="1007"/>
							<String ID="string_38" HPOS="1021" VPOS="272" WIDTH="2" HEIGHT="7" WC="0.92" CONTENT=":"/>
						</TextLine>
						<TextLine ID="line_4" HPOS="188" VPOS="289" WIDTH="835" HEIGHT="28">
							<String ID="string_39" HPOS="188" VPOS="289" WIDTH="116" HEIGHT="22" WC="0.85" CONTENT="framhållit"/><SP WIDTH="14" VPOS="289" HPOS="304"/>
							<String ID="string_40" HPOS="318" VPOS="290" WIDTH="72" HEIGHT="21" WC="0.96" CONTENT="såsom"/><SP WIDTH="14" VPOS="290" HPOS="390"/>
							<String ID="string_41" HPOS="404" VPOS="290" WIDTH="79" HEIGHT="27" WC="0.93" CONTENT="möjlig."/><SP WIDTH="30" VPOS="290" HPOS="483"/>
							<String ID="string_42" HPOS="513" VPOS="290" WIDTH="58" HEIGHT="21" WC="0.92" CONTENT="Enär"/><SP WIDTH="14" VPOS="290" HPOS="571"/>
							<String ID="string_43" HPOS="585" VPOS="290" WIDTH="107" HEIGHT="27" WC="0.96" CONTENT="styrelsen"/><SP WIDTH="15" VPOS="290" HPOS="692"/>
							<String ID="string_44" HPOS="707" VPOS="290" WIDTH="125" HEIGHT="27" WC="0.96" CONTENT="disponerar"/><SP WIDTH="15" VPOS="290" HPOS="832"/>
							<String ID="string_45" HPOS="847" VPOS="289" WIDTH="59" HEIGHT="23" WC="0.96" CONTENT="öfver"/><SP WIDTH="10" VPOS="289" HPOS="906"/>
							<String ID="string_46" HPOS="916" VPOS="290" WIDTH="25" HEIGHT="21" WC="0.96" CONTENT="så"/><SP WIDTH="8" VPOS="290" HPOS="941"/>
							<String ID="string_47" HPOS="949" VPOS="291" WIDTH="59" HEIGHT="20" WC="0.93" CONTENT="stora"/><SP WIDTH="13" VPOS="291" HPOS="1008"/>
							<String ID="string_48" HPOS="1021" VPOS="304" WIDTH="2" HEIGHT="6" WC="0.82" CONTENT=":"/>
						</TextLine>
						<TextLine ID="line_5" HPOS="188" VPOS="318" WIDTH="835" HEIGHT="28">
							<String ID="string_49" HPOS="188" VPOS="324" WIDTH="100" HEIGHT="21" WC="0.96" CONTENT="summor,"/><SP WIDTH="16" VPOS="324" HPOS="288"/>
							<String ID="string_50" HPOS="304" VPOS="318" WIDTH="40" HEIGHT="22" WC="0.97" CONTENT="och"/><SP WIDTH="16" VPOS="318" HPOS="344"/>
							<String ID="string_51" HPOS="360" VPOS="318" WIDTH="28" HEIGHT="22" WC="0.96" CONTENT="då"/><SP WIDTH="15" VPOS="318" HPOS="388"/>
							<String ID="string_52" HPOS="403" VPOS="318" WIDTH="37" HEIGHT="22" WC="0.96" CONTENT="det"/><SP WIDTH="15" VPOS="318" HPOS="440"/>
							<String ID="string_53" HPOS="455" VPOS="318" WIDTH="66" HEIGHT="27" WC="0.96" CONTENT="enligt"/><SP WIDTH="16" VPOS="318" HPOS="521"/>
							<String ID="string_54" HPOS="537" VPOS="318" WIDTH="69" HEIGHT="22" WC="0.96" CONTENT="denna"/><SP WIDTH="14" VPOS="318" HPOS="606"/>
							<String ID="string_55" HPOS="620" VPOS="318" WIDTH="35" HEIGHT="27" WC="0.96" CONTENT="lag"/><SP WIDTH="22" VPOS="318" HPOS="655"/>
							<String ID="string_56" HPOS="677" VPOS="318" WIDTH="143" HEIGHT="28" WC="0.96" CONTENT="uttryckligen"/><SP WIDTH="23" VPOS="318" HPOS="820"/>
							<String ID="string_57" HPOS="843" VPOS="320" WIDTH="64" HEIGHT="26" WC="0.96" CONTENT="säges"/><SP WIDTH="16" VPOS="320" HPOS="907"/>
							<String ID="string_58" HPOS="923" VPOS="320" WIDTH="33" HEIGHT="20" WC="0.93" CONTENT="att"/><SP WIDTH="15" VPOS="320" HPOS="956"/>
							<String ID="string_59" HPOS="971" VPOS="325" WIDTH="36" HEIGHT="15" WC="0.87" CONTENT="en-"/><SP WIDTH="14" VPOS="325" HPOS="1007"/>
							<String ID="string_60" HPOS="1021" VPOS="331" WIDTH="2" HEIGHT="2" WC="0.80" CONTENT=":"/>
						</TextLine>
					</TextBlock>
				</ComposedBlock>
				<ComposedBlock ID="cblock_4" HPOS="189" VPOS="346" WIDTH="819" HEIGHT="28">
					<TextBlock ID="block_4" HPOS="189" VPOS="346" WIDTH="819" HEIGHT="28">
						<TextLine ID="line_6" HPOS="189" VPOS="346" WIDTH="819" HEIGHT="28">
							<String ID="string_61" HPOS="189" VPOS="348" WIDTH="48" HEIGHT="20" WC="0.92" CONTENT="dast"/><SP WIDTH="15" VPOS="348" HPOS="237"/>
							<String ID="string_62" HPOS="252" VPOS="348" WIDTH="37" HEIGHT="20" WC="0.96" CONTENT="det"/><SP WIDTH="15" VPOS="348" HPOS="289"/>
							<String ID="string_63" HPOS="304" VPOS="353" WIDTH="45" HEIGHT="15" WC="0.96" CONTENT="som"/><SP WIDTH="15" VPOS="353" HPOS="349"/>
							<String ID="string_64" HPOS="364" VPOS="347" WIDTH="79" HEIGHT="21" WC="0.95" CONTENT="brister"/><SP WIDTH="14" VPOS="347" HPOS="443"/>
							<String ID="string_65" HPOS="457" VPOS="347" WIDTH="55" HEIGHT="22" WC="0.96" CONTENT="skall"/><SP WIDTH="16" VPOS="347" HPOS="512"/>
							<String ID="string_66" HPOS="528" VPOS="347" WIDTH="23" HEIGHT="21" WC="0.96" CONTENT="af"/><SP WIDTH="12" VPOS="347" HPOS="551"/>
							<String ID="string_67" HPOS="563" VPOS="347" WIDTH="117" HEIGHT="21" WC="0.96" CONTENT="ständerna"/><SP WIDTH="18" VPOS="347" HPOS="680"/>
							<String ID="string_68" HPOS="698" VPOS="346" WIDTH="115" HEIGHT="28" WC="0.96" CONTENT="anskaffas,"/><SP WIDTH="23" VPOS="346" HPOS="813"/>
							<String ID="string_69" HPOS="836" VPOS="347" WIDTH="24" HEIGHT="22" WC="0.96" CONTENT="så"/><SP WIDTH="22" VPOS="347" HPOS="860"/>
							<String ID="string_70" HPOS="882" VPOS="347" WIDTH="67" HEIGHT="21" WC="0.96" CONTENT="borde"/><SP WIDTH="22" VPOS="347" HPOS="949"/>
							<String ID="string_71" HPOS="971" VPOS="347" WIDTH="37" HEIGHT="21" WC="0.95" CONTENT="det"/>
						</TextLine>
					</TextBlock>
				</ComposedBlock>
				<ComposedBlock ID="cblock_5" HPOS="188" VPOS="372" WIDTH="835" HEIGHT="31">
					<TextBlock ID="block_5" HPOS="188" VPOS="372" WIDTH="835" HEIGHT="31">
						<TextLine ID="line_7" HPOS="188" VPOS="372" WIDTH="835" HEIGHT="31">
							<String ID="string_72" HPOS="188" VPOS="376" WIDTH="34" HEIGHT="21" WC="0.96" CONTENT="väl"/><SP WIDTH="15" VPOS="376" HPOS="222"/>
							<String ID="string_73" HPOS="237" VPOS="376" WIDTH="72" HEIGHT="21" WC="0.95" CONTENT="kunna"/><SP WIDTH="14" VPOS="376" HPOS="309"/>
							<String ID="string_74" HPOS="323" VPOS="375" WIDTH="84" HEIGHT="22" WC="0.96" CONTENT="inträffa"/><SP WIDTH="16" VPOS="375" HPOS="407"/>
							<String ID="string_75" HPOS="423" VPOS="377" WIDTH="32" HEIGHT="20" WC="0.96" CONTENT="att"/><SP WIDTH="14" VPOS="377" HPOS="455"/>
							<String ID="string_76" HPOS="469" VPOS="376" WIDTH="126" HEIGHT="27" WC="0.96" CONTENT="regeringen"/><SP WIDTH="14" VPOS="376" HPOS="595"/>
							<String ID="string_77" HPOS="609" VPOS="376" WIDTH="8" HEIGHT="20" WC="0.96" CONTENT="i"/><SP WIDTH="15" VPOS="376" HPOS="617"/>
							<String ID="string_78" HPOS="632" VPOS="376" WIDTH="70" HEIGHT="26" WC="0.96" CONTENT="någon"/><SP WIDTH="14" VPOS="376" HPOS="702"/>
							<String ID="string_79" HPOS="716" VPOS="376" WIDTH="49" HEIGHT="22" WC="0.93" CONTENT="män"/><SP WIDTH="16" VPOS="376" HPOS="765"/>
							<String ID="string_80" HPOS="781" VPOS="376" WIDTH="51" HEIGHT="27" WC="0.91" CONTENT="säge"/><SP WIDTH="21" VPOS="376" HPOS="832"/>
							<String ID="string_81" HPOS="853" VPOS="376" WIDTH="33" HEIGHT="26" WC="0.96" CONTENT="sig"/><SP WIDTH="14" VPOS="376" HPOS="886"/>
							<String ID="string_82" HPOS="900" VPOS="376" WIDTH="8" HEIGHT="20" WC="0.96" CONTENT="i"/><SP WIDTH="15" VPOS="376" HPOS="908"/>
							<String ID="string_83" HPOS="923" VPOS="375" WIDTH="84" HEIGHT="21" WC="0.92" CONTENT="tillfälle"/><SP WIDTH="14" VPOS="375" HPOS="1007"/>
							<String ID="string_84" HPOS="1021" VPOS="372" WIDTH="2" HEIGHT="23" WC="0.54" CONTENT=";"/>
						</TextLine>
					</TextBlock>
				</ComposedBlock>
				<ComposedBlock ID="cblock_6" HPOS="188" VPOS="404" WIDTH="820" HEIGHT="28">
					<TextBlock ID="block_6" HPOS="188" VPOS="404" WIDTH="820" HEIGHT="28">
						<TextLine ID="line_8" HPOS="188" VPOS="404" WIDTH="820" HEIGHT="28">
							<String ID="string_85" HPOS="188" VPOS="406" WIDTH="33" HEIGHT="20" WC="0.96" CONTENT="att"/><SP WIDTH="15" VPOS="406" HPOS="221"/>
							<String ID="string_86" HPOS="236" VPOS="405" WIDTH="42" HEIGHT="21" WC="0.95" CONTENT="öka"/><SP WIDTH="14" VPOS="405" HPOS="278"/>
							<String ID="string_87" HPOS="292" VPOS="404" WIDTH="86" HEIGHT="22" WC="0.96" CONTENT="befälet."/><SP WIDTH="30" VPOS="404" HPOS="378"/>
							<String ID="string_88" HPOS="408" VPOS="404" WIDTH="41" HEIGHT="28" WC="0.96" CONTENT="Jag"/><SP WIDTH="15" VPOS="404" HPOS="449"/>
							<String ID="string_89" HPOS="464" VPOS="406" WIDTH="45" HEIGHT="20" WC="0.96" CONTENT="tror"/><SP WIDTH="15" VPOS="406" HPOS="509"/>
							<String ID="string_90" HPOS="524" VPOS="406" WIDTH="33" HEIGHT="20" WC="0.96" CONTENT="att"/><SP WIDTH="15" VPOS="406" HPOS="557"/>
							<String ID="string_91" HPOS="572" VPOS="405" WIDTH="110" HEIGHT="21" WC="0.96" CONTENT="dessutom"/><SP WIDTH="16" VPOS="405" HPOS="682"/>
							<String ID="string_92" HPOS="698" VPOS="404" WIDTH="127" HEIGHT="23" WC="0.96" CONTENT="differensen"/><SP WIDTH="14" VPOS="404" HPOS="825"/>
							<String ID="string_93" HPOS="839" VPOS="404" WIDTH="8" HEIGHT="22" WC="0.96" CONTENT="i"/><SP WIDTH="14" VPOS="404" HPOS="847"/>
							<String ID="string_94" HPOS="861" VPOS="404" WIDTH="147" HEIGHT="22" WC="0.95" CONTENT="kostnaderna"/>
						</TextLine>
					</TextBlock>
				</ComposedBlock>
				<ComposedBlock ID="cblock_7" HPOS="188" VPOS="432" WIDTH="835" HEIGHT="52">
					<TextBlock ID="block_7" HPOS="188" VPOS="432" WIDTH="835" HEIGHT="52">
						<TextLine ID="line_9" HPOS="188" VPOS="432" WIDTH="835" HEIGHT="28">
							<String ID="string_95" HPOS="188" VPOS="433" WIDTH="48" HEIGHT="22" WC="0.93" CONTENT="icke"/><SP WIDTH="14" VPOS="433" HPOS="236"/>
							<String ID="string_96" HPOS="250" VPOS="433" WIDTH="69" HEIGHT="22" WC="0.91" CONTENT="blefve"/><SP WIDTH="16" VPOS="433" HPOS="319"/>
							<String ID="string_97" HPOS="335" VPOS="434" WIDTH="25" HEIGHT="20" WC="0.96" CONTENT="så"/><SP WIDTH="14" VPOS="434" HPOS="360"/>
							<String ID="string_98" HPOS="374" VPOS="433" WIDTH="88" HEIGHT="27" WC="0.96" CONTENT="orimlig,"/><SP WIDTH="17" VPOS="433" HPOS="462"/>
							<String ID="string_99" HPOS="479" VPOS="434" WIDTH="28" HEIGHT="21" WC="0.96" CONTENT="dä"/><SP WIDTH="14" VPOS="434" HPOS="507"/>
							<String ID="string_100" HPOS="521" VPOS="434" WIDTH="7" HEIGHT="20" WC="0.97" CONTENT="i"/><SP WIDTH="15" VPOS="434" HPOS="528"/>
							<String ID="string_101" HPOS="543" VPOS="433" WIDTH="42" HEIGHT="22" WC="0.96" CONTENT="alla"/><SP WIDTH="14" VPOS="433" HPOS="585"/>
							<String ID="string_102" HPOS="599" VPOS="432" WIDTH="37" HEIGHT="22" WC="0.96" CONTENT="fall"/><SP WIDTH="15" VPOS="432" HPOS="636"/>
							<String ID="string_103" HPOS="651" VPOS="439" WIDTH="82" HEIGHT="15" WC="0.93" CONTENT="samma"/><SP WIDTH="14" VPOS="439" HPOS="733"/>
							<String ID="string_104" HPOS="747" VPOS="433" WIDTH="140" HEIGHT="22" WC="0.91" CONTENT="hufvudantal"/><SP WIDTH="10" VPOS="433" HPOS="887"/>
							<String ID="string_105" HPOS="897" VPOS="432" WIDTH="33" HEIGHT="22" WC="0.93" CONTENT="för"/><SP WIDTH="9" VPOS="432" HPOS="930"/>
							<String ID="string_106" HPOS="939" VPOS="432" WIDTH="68" HEIGHT="22" WC="0.93" CONTENT="freds-"/><SP WIDTH="14" VPOS="432" HPOS="1007"/>
							<String ID="string_107" HPOS="1021" VPOS="454" WIDTH="2" HEIGHT="2" WC="0.64" CONTENT="|"/>
						</TextLine>
						<TextLine ID="line_10" HPOS="189" VPOS="462" WIDTH="834" HEIGHT="22">
							<String ID="string_108" HPOS="189" VPOS="464" WIDTH="126" HEIGHT="20" WC="0.92" CONTENT="numerären"/><SP WIDTH="16" VPOS="464" HPOS="315"/>
							<String ID="string_109" HPOS="331" VPOS="462" WIDTH="69" HEIGHT="21" WC="0.93" CONTENT="skulle"/><SP WIDTH="15" VPOS="462" HPOS="400"/>
							<String ID="string_110" HPOS="415" VPOS="462" WIDTH="125" HEIGHT="21" WC="0.91" CONTENT="bibehällas."/><SP WIDTH="30" VPOS="462" HPOS="540"/>
							<String ID="string_111" HPOS="570" VPOS="462" WIDTH="43" HEIGHT="21" WC="0.96" CONTENT="Det"/><SP WIDTH="15" VPOS="462" HPOS="613"/>
							<String ID="string_112" HPOS="628" VPOS="464" WIDTH="24" HEIGHT="19" WC="0.96" CONTENT="är"/><SP WIDTH="15" VPOS="464" HPOS="652"/>
							<String ID="string_113" HPOS="667" VPOS="462" WIDTH="53" HEIGHT="21" WC="0.93" CONTENT="visst"/><SP WIDTH="19" VPOS="462" HPOS="720"/>
							<String ID="string_114" HPOS="739" VPOS="464" WIDTH="64" HEIGHT="19" WC="0.92" CONTENT="sannt"/><SP WIDTH="22" VPOS="464" HPOS="803"/>
							<String ID="string_115" HPOS="825" VPOS="463" WIDTH="32" HEIGHT="20" WC="0.96" CONTENT="att"/><SP WIDTH="23" VPOS="463" HPOS="857"/>
							<String ID="string_116" HPOS="880" VPOS="462" WIDTH="37" HEIGHT="21" WC="0.95" CONTENT="det"/><SP WIDTH="22" VPOS="462" HPOS="917"/>
							<String ID="string_117" HPOS="939" VPOS="462" WIDTH="84" HEIGHT="21" WC="0.77" CONTENT="skulle:"/>
						</TextLine>
					</TextBlock>
				</ComposedBlock>
				<ComposedBlock ID="cblock_8" HPOS="188" VPOS="490" WIDTH="819" HEIGHT="23">
					<TextBlock ID="block_8" HPOS="188" VPOS="490" WIDTH="819" HEIGHT="23">
						<TextLine ID="line_11" HPOS="188" VPOS="490" WIDTH="819" HEIGHT="23">
							<String ID="string_118" HPOS="188" VPOS="490" WIDTH="103" HEIGHT="23" WC="0.90" CONTENT="behöfvas"/><SP WIDTH="16" VPOS="490" HPOS="291"/>
							<String ID="string_119" HPOS="307" VPOS="492" WIDTH="32" HEIGHT="20" WC="0.96" CONTENT="ett"/><SP WIDTH="15" VPOS="492" HPOS="339"/>
							<String ID="string_120" HPOS="354" VPOS="492" WIDTH="69" HEIGHT="20" WC="0.97" CONTENT="större"/><SP WIDTH="16" VPOS="492" HPOS="423"/>
							<String ID="string_121" HPOS="439" VPOS="491" WIDTH="58" HEIGHT="21" WC="0.93" CONTENT="antal"/><SP WIDTH="16" VPOS="491" HPOS="497"/>
							<String ID="string_122" HPOS="513" VPOS="490" WIDTH="115" HEIGHT="22" WC="0.95" CONTENT="officerare."/><SP WIDTH="30" VPOS="490" HPOS="628"/>
							<String ID="string_123" HPOS="658" VPOS="491" WIDTH="50" HEIGHT="21" WC="0.93" CONTENT="Men"/><SP WIDTH="16" VPOS="491" HPOS="708"/>
							<String ID="string_124" HPOS="724" VPOS="490" WIDTH="45" HEIGHT="22" WC="0.93" CONTENT="deri"/><SP WIDTH="16" VPOS="490" HPOS="769"/>
							<String ID="string_125" HPOS="785" VPOS="492" WIDTH="23" HEIGHT="20" WC="0.80" CONTENT="är"/><SP WIDTH="8" VPOS="492" HPOS="808"/>
							<String ID="string_126" HPOS="816" VPOS="491" WIDTH="67" HEIGHT="21" WC="0.96" CONTENT="också"/><SP WIDTH="9" VPOS="491" HPOS="883"/>
							<String ID="string_127" HPOS="892" VPOS="490" WIDTH="50" HEIGHT="22" WC="0.93" CONTENT="hela"/><SP WIDTH="15" VPOS="490" HPOS="942"/>
							<String ID="string_128" HPOS="957" VPOS="490" WIDTH="50" HEIGHT="22" WC="0.93" CONTENT="skil-"/>
						</TextLine>
					</TextBlock>
				</ComposedBlock>
				<ComposedBlock ID="cblock_9" HPOS="188" VPOS="519" WIDTH="835" HEIGHT="114">
					<TextBlock ID="block_9" HPOS="188" VPOS="519" WIDTH="835" HEIGHT="114">
						<TextLine ID="line_12" HPOS="188" VPOS="519" WIDTH="835" HEIGHT="29">
							<String ID="string_129" HPOS="188" VPOS="519" WIDTH="77" HEIGHT="27" WC="0.93" CONTENT="naden,"/><SP WIDTH="15" VPOS="519" HPOS="265"/>
							<String ID="string_130" HPOS="280" VPOS="520" WIDTH="107" HEIGHT="26" WC="0.92" CONTENT="nemligen"/><SP WIDTH="16" VPOS="520" HPOS="387"/>
							<String ID="string_131" HPOS="403" VPOS="521" WIDTH="32" HEIGHT="19" WC="0.92" CONTENT="att"/><SP WIDTH="22" VPOS="521" HPOS="435"/>
							<String ID="string_132" HPOS="457" VPOS="519" WIDTH="184" HEIGHT="23" WC="0.92" CONTENT="fredsnumerären"/><SP WIDTH="15" VPOS="519" HPOS="641"/>
							<String ID="string_133" HPOS="656" VPOS="519" WIDTH="93" HEIGHT="22" WC="0.96" CONTENT="fördelas"/><SP WIDTH="22" VPOS="519" HPOS="749"/>
							<String ID="string_134" HPOS="771" VPOS="520" WIDTH="29" HEIGHT="26" WC="0.96" CONTENT="pä"/><SP WIDTH="22" VPOS="520" HPOS="800"/>
							<String ID="string_135" HPOS="822" VPOS="521" WIDTH="32" HEIGHT="20" WC="0.93" CONTENT="ett"/><SP WIDTH="21" VPOS="521" HPOS="854"/>
							<String ID="string_136" HPOS="875" VPOS="519" WIDTH="148" HEIGHT="29" WC="0.91" CONTENT="betydligare"/><SP WIDTH="-12" VPOS="519" HPOS="1023"/>
							<String ID="string_137" HPOS="1011" VPOS="515" WIDTH="15" HEIGHT="37" WC="0.80" CONTENT=":"/>
						</TextLine>
						<TextLine ID="line_13" HPOS="189" VPOS="548" WIDTH="834" HEIGHT="30">
							<String ID="string_138" HPOS="189" VPOS="548" WIDTH="124" HEIGHT="27" WC="0.89" CONTENT="truppantal"/><SP WIDTH="15" VPOS="548" HPOS="313"/>
							<String ID="string_139" HPOS="328" VPOS="550" WIDTH="28" HEIGHT="20" WC="0.96" CONTENT="än"/><SP WIDTH="14" VPOS="550" HPOS="356"/>
							<String ID="string_140" HPOS="370" VPOS="554" WIDTH="50" HEIGHT="16" WC="0.96" CONTENT="man"/><SP WIDTH="14" VPOS="554" HPOS="420"/>
							<String ID="string_141" HPOS="434" VPOS="548" WIDTH="39" HEIGHT="22" WC="0.93" CONTENT="här"/><SP WIDTH="15" VPOS="548" HPOS="473"/>
							<String ID="string_142" HPOS="488" VPOS="548" WIDTH="103" HEIGHT="22" WC="0.92" CONTENT="förutsatt"/><SP WIDTH="14" VPOS="548" HPOS="591"/>
							<String ID="string_143" HPOS="605" VPOS="549" WIDTH="73" HEIGHT="21" WC="0.93" CONTENT="kunna"/><SP WIDTH="13" VPOS="549" HPOS="678"/>
							<String ID="string_144" HPOS="691" VPOS="548" WIDTH="134" HEIGHT="28" WC="0.93" CONTENT="uppehällas,"/><SP WIDTH="16" VPOS="548" HPOS="825"/>
							<String ID="string_145" HPOS="841" VPOS="550" WIDTH="51" HEIGHT="20" WC="0.96" CONTENT="utan"/><SP WIDTH="20" VPOS="550" HPOS="892"/>
							<String ID="string_146" HPOS="912" VPOS="550" WIDTH="33" HEIGHT="20" WC="0.96" CONTENT="att"/><SP WIDTH="14" VPOS="550" HPOS="945"/>
							<String ID="string_147" HPOS="959" VPOS="548" WIDTH="50" HEIGHT="22" WC="0.92" CONTENT="hela"/><SP WIDTH="12" VPOS="548" HPOS="1009"/>
							<String ID="string_148" HPOS="1021" VPOS="562" WIDTH="2" HEIGHT="16" WC="0.91" CONTENT=":"/>
						</TextLine>
						<TextLine ID="line_14" HPOS="188" VPOS="576" WIDTH="835" HEIGHT="29">
							<String ID="string_149" HPOS="188" VPOS="577" WIDTH="121" HEIGHT="22" WC="0.96" CONTENT="kostnaden"/><SP WIDTH="16" VPOS="577" HPOS="309"/>
							<String ID="string_150" HPOS="325" VPOS="577" WIDTH="33" HEIGHT="22" WC="0.96" CONTENT="för"/><SP WIDTH="16" VPOS="577" HPOS="358"/>
							<String ID="string_151" HPOS="374" VPOS="578" WIDTH="41" HEIGHT="21" WC="0.96" CONTENT="den"/><SP WIDTH="14" VPOS="578" HPOS="415"/>
							<String ID="string_152" HPOS="429" VPOS="576" WIDTH="70" HEIGHT="23" WC="0.93" CONTENT="finska"/><SP WIDTH="14" VPOS="576" HPOS="499"/>
							<String ID="string_153" HPOS="513" VPOS="578" WIDTH="73" HEIGHT="21" WC="0.96" CONTENT="armén"/><SP WIDTH="15" VPOS="578" HPOS="586"/>
							<String ID="string_154" HPOS="601" VPOS="578" WIDTH="56" HEIGHT="21" WC="0.96" CONTENT="ändå"/><SP WIDTH="15" VPOS="578" HPOS="657"/>
							<String ID="string_155" HPOS="672" VPOS="578" WIDTH="70" HEIGHT="21" WC="0.93" CONTENT="skulle"/><SP WIDTH="14" VPOS="578" HPOS="742"/>
							<String ID="string_156" HPOS="756" VPOS="577" WIDTH="92" HEIGHT="23" WC="0.91" CONTENT="behöfva"/><SP WIDTH="15" VPOS="577" HPOS="848"/>
							<String ID="string_157" HPOS="863" VPOS="578" WIDTH="29" HEIGHT="27" WC="0.93" CONTENT="pä"/><SP WIDTH="8" VPOS="578" HPOS="892"/>
							<String ID="string_158" HPOS="900" VPOS="578" WIDTH="61" HEIGHT="26" WC="0.96" CONTENT="långt"/><SP WIDTH="9" VPOS="578" HPOS="961"/>
							<String ID="string_159" HPOS="970" VPOS="580" WIDTH="39" HEIGHT="19" WC="0.92" CONTENT="när"/><SP WIDTH="12" VPOS="580" HPOS="1009"/>
							<String ID="string_160" HPOS="1021" VPOS="580" WIDTH="2" HEIGHT="9" WC="0.92" CONTENT="&#39;"/>
						</TextLine>
						<TextLine ID="line_15" HPOS="188" VPOS="605" WIDTH="834" HEIGHT="28">
							<String ID="string_161" HPOS="188" VPOS="606" WIDTH="8" HEIGHT="21" WC="0.96" CONTENT="i"/><SP WIDTH="15" VPOS="606" HPOS="196"/>
							<String ID="string_162" HPOS="211" VPOS="611" WIDTH="81" HEIGHT="16" WC="0.96" CONTENT="samma"/><SP WIDTH="15" VPOS="611" HPOS="292"/>
							<String ID="string_163" HPOS="307" VPOS="606" WIDTH="53" HEIGHT="27" WC="0.93" CONTENT="grad"/><SP WIDTH="16" VPOS="606" HPOS="360"/>
							<String ID="string_164" HPOS="376" VPOS="606" WIDTH="59" HEIGHT="21" WC="0.95" CONTENT="ökas."/><SP WIDTH="30" VPOS="606" HPOS="435"/>
							<String ID="string_165" HPOS="465" VPOS="607" WIDTH="42" HEIGHT="26" WC="0.96" CONTENT="Jag"/><SP WIDTH="15" VPOS="607" HPOS="507"/>
							<String ID="string_166" HPOS="522" VPOS="606" WIDTH="69" HEIGHT="22" WC="0.93" CONTENT="skulle"/><SP WIDTH="14" VPOS="606" HPOS="591"/>
							<String ID="string_167" HPOS="605" VPOS="606" WIDTH="86" HEIGHT="21" WC="0.96" CONTENT="således"/><SP WIDTH="15" VPOS="606" HPOS="691"/>
							<String ID="string_168" HPOS="706" VPOS="613" WIDTH="51" HEIGHT="14" WC="0.96" CONTENT="anse"/><SP WIDTH="15" VPOS="613" HPOS="757"/>
							<String ID="string_169" HPOS="772" VPOS="607" WIDTH="33" HEIGHT="21" WC="0.96" CONTENT="att"/><SP WIDTH="11" VPOS="607" HPOS="805"/>
							<String ID="string_170" HPOS="816" VPOS="607" WIDTH="64" HEIGHT="21" WC="0.93" CONTENT="dessa"/><SP WIDTH="9" VPOS="607" HPOS="880"/>
							<String ID="string_171" HPOS="889" VPOS="605" WIDTH="120" HEIGHT="23" WC="0.93" CONTENT="finansiella"/><SP WIDTH="12" VPOS="605" HPOS="1009"/>
							<String ID="string_172" HPOS="1021" VPOS="619" WIDTH="1" HEIGHT="4" WC="0.89" CONTENT=":"/>
						</TextLine>
					</TextBlock>
				</ComposedBlock>
				<ComposedBlock ID="cblock_10" HPOS="190" VPOS="634" WIDTH="819" HEIGHT="29">
					<TextBlock ID="block_10" HPOS="190" VPOS="634" WIDTH="819" HEIGHT="29">
						<TextLine ID="line_16" HPOS="190" VPOS="634" WIDTH="819" HEIGHT="29">
							<String ID="string_173" HPOS="190" VPOS="634" WIDTH="47" HEIGHT="22" WC="0.96" CONTENT="skäl"/><SP WIDTH="14" VPOS="634" HPOS="237"/>
							<String ID="string_174" HPOS="251" VPOS="635" WIDTH="40" HEIGHT="21" WC="0.93" CONTENT="här"/><SP WIDTH="14" VPOS="635" HPOS="291"/>
							<String ID="string_175" HPOS="305" VPOS="635" WIDTH="48" HEIGHT="21" WC="0.92" CONTENT="icke"/><SP WIDTH="15" VPOS="635" HPOS="353"/>
							<String ID="string_176" HPOS="368" VPOS="635" WIDTH="70" HEIGHT="21" WC="0.92" CONTENT="lemna"/><SP WIDTH="15" VPOS="635" HPOS="438"/>
							<String ID="string_177" HPOS="453" VPOS="641" WIDTH="26" HEIGHT="16" WC="0.93" CONTENT="en"/><SP WIDTH="16" VPOS="641" HPOS="479"/>
							<String ID="string_178" HPOS="495" VPOS="635" WIDTH="64" HEIGHT="22" WC="0.91" CONTENT="säker"/><SP WIDTH="15" VPOS="635" HPOS="559"/>
							<String ID="string_179" HPOS="574" VPOS="635" WIDTH="89" HEIGHT="27" WC="0.92" CONTENT="garanti."/><SP WIDTH="31" VPOS="635" HPOS="663"/>
							<String ID="string_180" HPOS="694" VPOS="635" WIDTH="116" HEIGHT="22" WC="0.96" CONTENT="Dessutom"/><SP WIDTH="22" VPOS="635" HPOS="810"/>
							<String ID="string_181" HPOS="832" VPOS="635" WIDTH="40" HEIGHT="22" WC="0.96" CONTENT="har"/><SP WIDTH="11" VPOS="635" HPOS="872"/>
							<String ID="string_182" HPOS="883" VPOS="635" WIDTH="37" HEIGHT="28" WC="0.93" CONTENT="jag"/><SP WIDTH="15" VPOS="635" HPOS="920"/>
							<String ID="string_183" HPOS="935" VPOS="635" WIDTH="74" HEIGHT="21" WC="0.89" CONTENT="tillätit"/>
						</TextLine>
					</TextBlock>
				</ComposedBlock>
				<ComposedBlock ID="cblock_11" HPOS="189" VPOS="660" WIDTH="833" HEIGHT="31">
					<TextBlock ID="block_11" HPOS="189" VPOS="660" WIDTH="833" HEIGHT="31">
						<TextLine ID="line_17" HPOS="189" VPOS="660" WIDTH="833" HEIGHT="31">
							<String ID="string_184" HPOS="189" VPOS="663" WIDTH="44" HEIGHT="27" WC="0.96" CONTENT="mig"/><SP WIDTH="14" VPOS="663" HPOS="233"/>
							<String ID="string_185" HPOS="247" VPOS="665" WIDTH="33" HEIGHT="19" WC="0.93" CONTENT="att"/><SP WIDTH="14" VPOS="665" HPOS="280"/>
							<String ID="string_186" HPOS="294" VPOS="663" WIDTH="90" HEIGHT="27" WC="0.96" CONTENT="specielt"/><SP WIDTH="14" VPOS="663" HPOS="384"/>
							<String ID="string_187" HPOS="398" VPOS="664" WIDTH="85" HEIGHT="27" WC="0.96" CONTENT="påpeka"/><SP WIDTH="13" VPOS="664" HPOS="483"/>
							<String ID="string_188" HPOS="496" VPOS="666" WIDTH="32" HEIGHT="19" WC="0.97" CONTENT="att"/><SP WIDTH="15" VPOS="666" HPOS="528"/>
							<String ID="string_189" HPOS="543" VPOS="665" WIDTH="32" HEIGHT="21" WC="0.93" CONTENT="ett"/><SP WIDTH="14" VPOS="665" HPOS="575"/>
							<String ID="string_190" HPOS="589" VPOS="664" WIDTH="78" HEIGHT="21" WC="0.96" CONTENT="sådant"/><SP WIDTH="15" VPOS="664" HPOS="667"/>
							<String ID="string_191" HPOS="682" VPOS="663" WIDTH="132" HEIGHT="22" WC="0.95" CONTENT="förhållande"/><SP WIDTH="14" VPOS="663" HPOS="814"/>
							<String ID="string_192" HPOS="828" VPOS="664" WIDTH="100" HEIGHT="27" WC="0.95" CONTENT="möjligen"/><SP WIDTH="8" VPOS="664" HPOS="928"/>
							<String ID="string_193" HPOS="936" VPOS="664" WIDTH="72" HEIGHT="21" WC="0.96" CONTENT="kunde"/><SP WIDTH="13" VPOS="664" HPOS="1008"/>
							<String ID="string_194" HPOS="1021" VPOS="660" WIDTH="1" HEIGHT="4" WC="0.80" CONTENT="|"/>
						</TextLine>
					</TextBlock>
				</ComposedBlock>
				<ComposedBlock ID="cblock_12" HPOS="190" VPOS="692" WIDTH="789" HEIGHT="28">
					<TextBlock ID="block_12" HPOS="190" VPOS="692" WIDTH="789" HEIGHT="28">
						<TextLine ID="line_18" HPOS="190" VPOS="692" WIDTH="789" HEIGHT="28">
							<String ID="string_195" HPOS="190" VPOS="698" WIDTH="62" HEIGHT="15" WC="0.93" CONTENT="anses"/><SP WIDTH="17" VPOS="698" HPOS="252"/>
							<String ID="string_196" HPOS="269" VPOS="693" WIDTH="53" HEIGHT="20" WC="0.96" CONTENT="böra"/><SP WIDTH="14" VPOS="693" HPOS="322"/>
							<String ID="string_197" HPOS="336" VPOS="692" WIDTH="85" HEIGHT="21" WC="0.95" CONTENT="inträffa"/><SP WIDTH="16" VPOS="692" HPOS="421"/>
							<String ID="string_198" HPOS="437" VPOS="693" WIDTH="76" HEIGHT="21" WC="0.96" CONTENT="endast"/><SP WIDTH="15" VPOS="693" HPOS="513"/>
							<String ID="string_199" HPOS="528" VPOS="699" WIDTH="26" HEIGHT="16" WC="0.96" CONTENT="en"/><SP WIDTH="15" VPOS="699" HPOS="554"/>
							<String ID="string_200" HPOS="569" VPOS="693" WIDTH="50" HEIGHT="21" WC="0.96" CONTENT="kort"/><SP WIDTH="15" VPOS="693" HPOS="619"/>
							<String ID="string_201" HPOS="634" VPOS="692" WIDTH="38" HEIGHT="27" WC="0.93" CONTENT="tid,"/><SP WIDTH="16" VPOS="692" HPOS="672"/>
							<String ID="string_202" HPOS="688" VPOS="693" WIDTH="64" HEIGHT="21" WC="0.96" CONTENT="innan"/><SP WIDTH="16" VPOS="693" HPOS="752"/>
							<String ID="string_203" HPOS="768" VPOS="694" WIDTH="32" HEIGHT="20" WC="0.96" CONTENT="ett"/><SP WIDTH="14" VPOS="694" HPOS="800"/>
							<String ID="string_204" HPOS="814" VPOS="693" WIDTH="48" HEIGHT="27" WC="0.93" CONTENT="krig"/><SP WIDTH="14" VPOS="693" HPOS="862"/>
							<String ID="string_205" HPOS="876" VPOS="693" WIDTH="103" HEIGHT="27" WC="0.96" CONTENT="utbryter."/>
						</TextLine>
					</TextBlock>
				</ComposedBlock>
				<ComposedBlock ID="cblock_13" HPOS="190" VPOS="727" WIDTH="833" HEIGHT="56">
					<TextBlock ID="block_13" HPOS="190" VPOS="727" WIDTH="833" HEIGHT="56">
						<TextLine ID="line_19" HPOS="256" VPOS="727" WIDTH="767" HEIGHT="28">
							<String ID="string_206" HPOS="256" VPOS="727" WIDTH="57" HEIGHT="22" WC="0.96" CONTENT="Herr"/><SP WIDTH="14" VPOS="727" HPOS="313"/>
							<String ID="string_207" HPOS="327" VPOS="727" WIDTH="136" HEIGHT="22" WC="0.93" CONTENT="Mechelin:"/><SP WIDTH="31" VPOS="727" HPOS="463"/>
							<String ID="string_208" HPOS="494" VPOS="727" WIDTH="78" HEIGHT="23" WC="0.95" CONTENT="Såvida"/><SP WIDTH="12" VPOS="727" HPOS="572"/>
							<String ID="string_209" HPOS="584" VPOS="728" WIDTH="38" HEIGHT="27" WC="0.96" CONTENT="jag"/><SP WIDTH="14" VPOS="728" HPOS="622"/>
							<String ID="string_210" HPOS="636" VPOS="734" WIDTH="29" HEIGHT="15" WC="0.92" CONTENT="nu"/><SP WIDTH="15" VPOS="734" HPOS="665"/>
							<String ID="string_211" HPOS="680" VPOS="727" WIDTH="65" HEIGHT="22" WC="0.96" CONTENT="fattat"/><SP WIDTH="14" VPOS="727" HPOS="745"/>
							<String ID="string_212" HPOS="759" VPOS="727" WIDTH="51" HEIGHT="22" WC="0.93" CONTENT="herr"/><SP WIDTH="14" VPOS="727" HPOS="810"/>
							<String ID="string_213" HPOS="824" VPOS="727" WIDTH="82" HEIGHT="22" WC="0.85" CONTENT="Antells"/><SP WIDTH="16" VPOS="727" HPOS="906"/>
							<String ID="string_214" HPOS="922" VPOS="727" WIDTH="45" HEIGHT="27" WC="0.96" CONTENT="ord,"/><SP WIDTH="16" VPOS="727" HPOS="967"/>
							<String ID="string_215" HPOS="983" VPOS="727" WIDTH="40" HEIGHT="28" WC="0.76" CONTENT="sä"/>
						</TextLine>
						<TextLine ID="line_20" HPOS="190" VPOS="755" WIDTH="832" HEIGHT="28">
							<String ID="string_216" HPOS="190" VPOS="755" WIDTH="69" HEIGHT="22" WC="0.93" CONTENT="skulle"/><SP WIDTH="15" VPOS="755" HPOS="259"/>
							<String ID="string_217" HPOS="274" VPOS="756" WIDTH="50" HEIGHT="21" WC="0.89" CONTENT="herr"/><SP WIDTH="14" VPOS="756" HPOS="324"/>
							<String ID="string_218" HPOS="338" VPOS="756" WIDTH="73" HEIGHT="21" WC="0.91" CONTENT="Antell"/><SP WIDTH="15" VPOS="756" HPOS="411"/>
							<String ID="string_219" HPOS="426" VPOS="762" WIDTH="52" HEIGHT="15" WC="0.92" CONTENT="anse"/><SP WIDTH="15" VPOS="762" HPOS="478"/>
							<String ID="string_220" HPOS="493" VPOS="756" WIDTH="11" HEIGHT="27" WC="0.91" CONTENT="$"/><SP WIDTH="17" VPOS="756" HPOS="504"/>
							<String ID="string_221" HPOS="521" VPOS="758" WIDTH="40" HEIGHT="20" WC="0.96" CONTENT="123"/><SP WIDTH="16" VPOS="758" HPOS="561"/>
							<String ID="string_222" HPOS="577" VPOS="756" WIDTH="72" HEIGHT="21" WC="0.95" CONTENT="kunna"/><SP WIDTH="15" VPOS="756" HPOS="649"/>
							<String ID="string_223" HPOS="664" VPOS="756" WIDTH="106" HEIGHT="27" WC="0.96" CONTENT="tillämpas"/><SP WIDTH="16" VPOS="756" HPOS="770"/>
							<String ID="string_224" HPOS="786" VPOS="757" WIDTH="8" HEIGHT="20" WC="0.96" CONTENT="i"/><SP WIDTH="15" VPOS="757" HPOS="794"/>
							<String ID="string_225" HPOS="809" VPOS="763" WIDTH="68" HEIGHT="15" WC="0.96" CONTENT="annan"/><SP WIDTH="11" VPOS="763" HPOS="877"/>
							<String ID="string_226" HPOS="888" VPOS="756" WIDTH="85" HEIGHT="27" WC="0.96" CONTENT="mening"/><SP WIDTH="2" VPOS="756" HPOS="973"/>
							<String ID="string_227" HPOS="975" VPOS="751" WIDTH="19" HEIGHT="37" WC="0.96" CONTENT="än"/><SP WIDTH="18" VPOS="751" HPOS="994"/>
							<String ID="string_228" HPOS="1012" VPOS="758" WIDTH="10" HEIGHT="19" WC="0.96" CONTENT="|"/>
						</TextLine>
					</TextBlock>
				</ComposedBlock>
				<ComposedBlock ID="cblock_14" HPOS="190" VPOS="784" WIDTH="819" HEIGHT="57">
					<TextBlock ID="block_14" HPOS="190" VPOS="784" WIDTH="819" HEIGHT="57">
						<TextLine ID="line_21" HPOS="190" VPOS="784" WIDTH="818" HEIGHT="28">
							<String ID="string_229" HPOS="190" VPOS="784" WIDTH="42" HEIGHT="22" WC="0.93" CONTENT="den"/><SP WIDTH="14" VPOS="784" HPOS="232"/>
							<String ID="string_230" HPOS="246" VPOS="784" WIDTH="94" HEIGHT="28" WC="0.91" CONTENT="tydligen"/><SP WIDTH="15" VPOS="784" HPOS="340"/>
							<String ID="string_231" HPOS="355" VPOS="785" WIDTH="44" HEIGHT="21" WC="0.95" CONTENT="har."/><SP WIDTH="31" VPOS="785" HPOS="399"/>
							<String ID="string_232" HPOS="430" VPOS="785" WIDTH="73" HEIGHT="26" WC="0.93" CONTENT="Enligt"/><SP WIDTH="14" VPOS="785" HPOS="503"/>
							<String ID="string_233" HPOS="517" VPOS="784" WIDTH="127" HEIGHT="28" WC="0.92" CONTENT="paragrafen"/><SP WIDTH="16" VPOS="784" HPOS="644"/>
							<String ID="string_234" HPOS="660" VPOS="787" WIDTH="24" HEIGHT="19" WC="0.96" CONTENT="är"/><SP WIDTH="16" VPOS="787" HPOS="684"/>
							<String ID="string_235" HPOS="700" VPOS="785" WIDTH="37" HEIGHT="22" WC="0.96" CONTENT="det"/><SP WIDTH="15" VPOS="785" HPOS="737"/>
							<String ID="string_236" HPOS="752" VPOS="785" WIDTH="77" HEIGHT="22" WC="0.93" CONTENT="endast"/><SP WIDTH="15" VPOS="785" HPOS="829"/>
							<String ID="string_237" HPOS="844" VPOS="785" WIDTH="164" HEIGHT="22" WC="0.91" CONTENT="militiefondens"/>
						</TextLine>
						<TextLine ID="line_22" HPOS="190" VPOS="813" WIDTH="819" HEIGHT="28">
							<String ID="string_238" HPOS="190" VPOS="813" WIDTH="114" HEIGHT="28" WC="0.92" CONTENT="tillgängar"/><SP WIDTH="16" VPOS="813" HPOS="304"/>
							<String ID="string_239" HPOS="320" VPOS="813" WIDTH="40" HEIGHT="22" WC="0.96" CONTENT="och"/><SP WIDTH="16" VPOS="813" HPOS="360"/>
							<String ID="string_240" HPOS="376" VPOS="814" WIDTH="25" HEIGHT="21" WC="0.96" CONTENT="de"/><SP WIDTH="16" VPOS="814" HPOS="401"/>
							<String ID="string_241" HPOS="417" VPOS="813" WIDTH="23" HEIGHT="22" WC="0.93" CONTENT="af"/><SP WIDTH="13" VPOS="813" HPOS="440"/>
							<String ID="string_242" HPOS="453" VPOS="814" WIDTH="115" HEIGHT="21" WC="0.92" CONTENT="ständerna"/><SP WIDTH="15" VPOS="814" HPOS="568"/>
							<String ID="string_243" HPOS="583" VPOS="814" WIDTH="107" HEIGHT="26" WC="0.92" CONTENT="anvisade,"/><SP WIDTH="17" VPOS="814" HPOS="690"/>
							<String ID="string_244" HPOS="707" VPOS="821" WIDTH="46" HEIGHT="14" WC="0.96" CONTENT="som"/><SP WIDTH="15" VPOS="821" HPOS="753"/>
							<String ID="string_245" HPOS="768" VPOS="814" WIDTH="61" HEIGHT="22" WC="0.96" CONTENT="skola"/><SP WIDTH="15" VPOS="814" HPOS="829"/>
							<String ID="string_246" HPOS="844" VPOS="813" WIDTH="32" HEIGHT="23" WC="0.93" CONTENT="för"/><SP WIDTH="14" VPOS="813" HPOS="876"/>
							<String ID="string_247" HPOS="890" VPOS="814" WIDTH="119" HEIGHT="21" WC="0.92" CONTENT="militärens"/>
						</TextLine>
					</TextBlock>
				</ComposedBlock>
				<ComposedBlock ID="cblock_15" HPOS="189" VPOS="841" WIDTH="833" HEIGHT="86">
					<TextBlock ID="block_15" HPOS="189" VPOS="841" WIDTH="833" HEIGHT="86">
						<TextLine ID="line_23" HPOS="190" VPOS="841" WIDTH="832" HEIGHT="29">
							<String ID="string_248" HPOS="190" VPOS="841" WIDTH="66" HEIGHT="22" WC="0.91" CONTENT="behof"/><SP WIDTH="20" VPOS="841" HPOS="256"/>
							<String ID="string_249" HPOS="276" VPOS="842" WIDTH="115" HEIGHT="27" WC="0.93" CONTENT="användas,"/><SP WIDTH="23" VPOS="842" HPOS="391"/>
							<String ID="string_250" HPOS="414" VPOS="843" WIDTH="48" HEIGHT="21" WC="0.92" CONTENT="icke"/><SP WIDTH="18" VPOS="843" HPOS="462"/>
							<String ID="string_251" HPOS="480" VPOS="843" WIDTH="106" HEIGHT="21" WC="0.93" CONTENT="allmänna"/><SP WIDTH="15" VPOS="843" HPOS="586"/>
							<String ID="string_252" HPOS="601" VPOS="842" WIDTH="153" HEIGHT="23" WC="0.90" CONTENT="statsfondens."/><SP WIDTH="30" VPOS="842" HPOS="754"/>
							<String ID="string_253" HPOS="784" VPOS="843" WIDTH="97" HEIGHT="27" WC="0.90" CONTENT="Säledes,"/><SP WIDTH="15" VPOS="843" HPOS="881"/>
							<String ID="string_254" HPOS="896" VPOS="843" WIDTH="57" HEIGHT="22" WC="0.91" CONTENT="hvad"/><SP WIDTH="16" VPOS="843" HPOS="953"/>
							<String ID="string_255" HPOS="969" VPOS="843" WIDTH="53" HEIGHT="21" WC="0.86" CONTENT="den:"/>
						</TextLine>
						<TextLine ID="line_24" HPOS="190" VPOS="870" WIDTH="832" HEIGHT="29">
							<String ID="string_256" HPOS="190" VPOS="870" WIDTH="120" HEIGHT="23" WC="0.95" CONTENT="finansiella"/><SP WIDTH="21" VPOS="870" HPOS="310"/>
							<String ID="string_257" HPOS="331" VPOS="871" WIDTH="98" HEIGHT="27" WC="0.95" CONTENT="garantin"/><SP WIDTH="22" VPOS="871" HPOS="429"/>
							<String ID="string_258" HPOS="451" VPOS="871" WIDTH="107" HEIGHT="28" WC="0.95" CONTENT="beträffar,"/><SP WIDTH="23" VPOS="871" HPOS="558"/>
							<String ID="string_259" HPOS="581" VPOS="871" WIDTH="70" HEIGHT="23" WC="0.96" CONTENT="skulle"/><SP WIDTH="23" VPOS="871" HPOS="651"/>
							<String ID="string_260" HPOS="674" VPOS="873" WIDTH="32" HEIGHT="20" WC="0.92" CONTENT="ett"/><SP WIDTH="22" VPOS="873" HPOS="706"/>
							<String ID="string_261" HPOS="728" VPOS="872" WIDTH="77" HEIGHT="21" WC="0.96" CONTENT="sådant"/><SP WIDTH="14" VPOS="872" HPOS="805"/>
							<String ID="string_262" HPOS="819" VPOS="871" WIDTH="128" HEIGHT="26" WC="0.96" CONTENT="förfarande,"/><SP WIDTH="16" VPOS="871" HPOS="947"/>
							<String ID="string_263" HPOS="963" VPOS="877" WIDTH="59" HEIGHT="16" WC="0.61" CONTENT="som"/><SP WIDTH="-12" VPOS="877" HPOS="1022"/>
							<String ID="string_264" HPOS="1010" VPOS="866" WIDTH="15" HEIGHT="38" WC="0.43" CONTENT=":&#39;"/>
						</TextLine>
						<TextLine ID="line_25" HPOS="189" VPOS="899" WIDTH="820" HEIGHT="28">
							<String ID="string_265" HPOS="189" VPOS="899" WIDTH="110" HEIGHT="22" WC="0.93" CONTENT="medförde"/><SP WIDTH="15" VPOS="899" HPOS="299"/>
							<String ID="string_266" HPOS="314" VPOS="899" WIDTH="66" HEIGHT="22" WC="0.86" CONTENT="behof"/><SP WIDTH="14" VPOS="899" HPOS="380"/>
							<String ID="string_267" HPOS="394" VPOS="899" WIDTH="23" HEIGHT="22" WC="0.93" CONTENT="af"/><SP WIDTH="12" VPOS="899" HPOS="417"/>
							<String ID="string_268" HPOS="429" VPOS="900" WIDTH="114" HEIGHT="27" WC="0.92" CONTENT="tillgångar"/><SP WIDTH="14" VPOS="900" HPOS="543"/>
							<String ID="string_269" HPOS="557" VPOS="900" WIDTH="84" HEIGHT="22" WC="0.92" CONTENT="utöfver"/><SP WIDTH="16" VPOS="900" HPOS="641"/>
							<String ID="string_270" HPOS="657" VPOS="901" WIDTH="54" HEIGHT="26" WC="0.97" CONTENT="dem,"/><SP WIDTH="17" VPOS="901" HPOS="711"/>
							<String ID="string_271" HPOS="728" VPOS="907" WIDTH="46" HEIGHT="15" WC="0.93" CONTENT="som"/><SP WIDTH="14" VPOS="907" HPOS="774"/>
							<String ID="string_272" HPOS="788" VPOS="901" WIDTH="116" HEIGHT="21" WC="0.96" CONTENT="ständerna"/><SP WIDTH="15" VPOS="901" HPOS="904"/>
							<String ID="string_273" HPOS="919" VPOS="900" WIDTH="90" HEIGHT="26" WC="0.96" CONTENT="anvisat,"/>
						</TextLine>
					</TextBlock>
				</ComposedBlock>
				<ComposedBlock ID="cblock_16" HPOS="190" VPOS="928" WIDTH="531" HEIGHT="28">
					<TextBlock ID="block_16" HPOS="190" VPOS="928" WIDTH="531" HEIGHT="28">
						<TextLine ID="line_26" HPOS="190" VPOS="928" WIDTH="531" HEIGHT="28">
							<String ID="string_274" HPOS="190" VPOS="928" WIDTH="102" HEIGHT="22" WC="0.92" CONTENT="innebära"/><SP WIDTH="14" VPOS="928" HPOS="292"/>
							<String ID="string_275" HPOS="306" VPOS="930" WIDTH="34" HEIGHT="20" WC="0.93" CONTENT="att"/><SP WIDTH="14" VPOS="930" HPOS="340"/>
							<String ID="string_276" HPOS="354" VPOS="928" WIDTH="11" HEIGHT="28" WC="0.91" CONTENT="$"/><SP WIDTH="17" VPOS="928" HPOS="365"/>
							<String ID="string_277" HPOS="382" VPOS="930" WIDTH="39" HEIGHT="20" WC="0.93" CONTENT="123"/><SP WIDTH="16" VPOS="930" HPOS="421"/>
							<String ID="string_278" HPOS="437" VPOS="929" WIDTH="84" HEIGHT="22" WC="0.92" CONTENT="komme"/><SP WIDTH="16" VPOS="929" HPOS="521"/>
							<String ID="string_279" HPOS="537" VPOS="930" WIDTH="33" HEIGHT="21" WC="0.93" CONTENT="att"/><SP WIDTH="15" VPOS="930" HPOS="570"/>
							<String ID="string_280" HPOS="585" VPOS="929" WIDTH="136" HEIGHT="22" WC="0.92" CONTENT="äsidosättas."/>
						</TextLine>
					</TextBlock>
				</ComposedBlock>
				<ComposedBlock ID="cblock_17" HPOS="257" VPOS="962" WIDTH="765" HEIGHT="31">
					<TextBlock ID="block_17" HPOS="257" VPOS="962" WIDTH="765" HEIGHT="31">
						<TextLine ID="line_27" HPOS="257" VPOS="962" WIDTH="765" HEIGHT="31">
							<String ID="string_281" HPOS="257" VPOS="962" WIDTH="57" HEIGHT="22" WC="0.96" CONTENT="Herr"/><SP WIDTH="21" VPOS="962" HPOS="314"/>
							<String ID="string_282" HPOS="335" VPOS="962" WIDTH="157" HEIGHT="28" WC="0.96" CONTENT="Schauman,"/><SP WIDTH="23" VPOS="962" HPOS="492"/>
							<String ID="string_283" HPOS="515" VPOS="964" WIDTH="93" HEIGHT="27" WC="0.96" CONTENT="August:"/><SP WIDTH="30" VPOS="964" HPOS="608"/>
							<String ID="string_284" HPOS="638" VPOS="964" WIDTH="50" HEIGHT="22" WC="0.93" CONTENT="Med"/><SP WIDTH="15" VPOS="964" HPOS="688"/>
							<String ID="string_285" HPOS="703" VPOS="964" WIDTH="114" HEIGHT="28" WC="0.95" CONTENT="anledning"/><SP WIDTH="22" VPOS="964" HPOS="817"/>
							<String ID="string_286" HPOS="839" VPOS="964" WIDTH="23" HEIGHT="22" WC="0.93" CONTENT="af"/><SP WIDTH="19" VPOS="964" HPOS="862"/>
							<String ID="string_287" HPOS="881" VPOS="964" WIDTH="58" HEIGHT="22" WC="0.96" CONTENT="hvad"/><SP WIDTH="21" VPOS="964" HPOS="939"/>
							<String ID="string_288" HPOS="960" VPOS="963" WIDTH="62" HEIGHT="30" WC="0.67" CONTENT="herr:"/>
						</TextLine>
					</TextBlock>
				</ComposedBlock>
				<ComposedBlock ID="cblock_18" HPOS="189" VPOS="991" WIDTH="822" HEIGHT="166">
					<TextBlock ID="block_18" HPOS="189" VPOS="991" WIDTH="822" HEIGHT="166">
						<TextLine ID="line_28" HPOS="189" VPOS="991" WIDTH="821" HEIGHT="29">
							<String ID="string_289" HPOS="189" VPOS="991" WIDTH="107" HEIGHT="22" WC="0.96" CONTENT="Mechelin"/><SP WIDTH="16" VPOS="991" HPOS="296"/>
							<String ID="string_290" HPOS="312" VPOS="993" WIDTH="73" HEIGHT="20" WC="0.93" CONTENT="senast"/><SP WIDTH="15" VPOS="993" HPOS="385"/>
							<String ID="string_291" HPOS="400" VPOS="992" WIDTH="76" HEIGHT="27" WC="0.93" CONTENT="anfört,"/><SP WIDTH="15" VPOS="992" HPOS="476"/>
							<String ID="string_292" HPOS="491" VPOS="992" WIDTH="37" HEIGHT="22" WC="0.97" CONTENT="vill"/><SP WIDTH="12" VPOS="992" HPOS="528"/>
							<String ID="string_293" HPOS="540" VPOS="992" WIDTH="39" HEIGHT="28" WC="0.93" CONTENT="jag"/><SP WIDTH="14" VPOS="992" HPOS="579"/>
							<String ID="string_294" HPOS="593" VPOS="992" WIDTH="71" HEIGHT="22" WC="0.92" CONTENT="erinra"/><SP WIDTH="22" VPOS="992" HPOS="664"/>
							<String ID="string_295" HPOS="686" VPOS="999" WIDTH="35" HEIGHT="15" WC="0.95" CONTENT="om"/><SP WIDTH="19" VPOS="999" HPOS="721"/>
							<String ID="string_296" HPOS="740" VPOS="994" WIDTH="33" HEIGHT="20" WC="0.95" CONTENT="att"/><SP WIDTH="21" VPOS="994" HPOS="773"/>
							<String ID="string_297" HPOS="794" VPOS="993" WIDTH="126" HEIGHT="27" WC="0.96" CONTENT="regeringen"/><SP WIDTH="22" VPOS="993" HPOS="920"/>
							<String ID="string_298" HPOS="942" VPOS="993" WIDTH="68" HEIGHT="22" WC="0.96" CONTENT="under"/>
						</TextLine>
						<TextLine ID="line_29" HPOS="190" VPOS="1020" WIDTH="819" HEIGHT="30">
							<String ID="string_299" HPOS="190" VPOS="1020" WIDTH="92" HEIGHT="27" WC="0.93" CONTENT="krigstid"/><SP WIDTH="15" VPOS="1020" HPOS="282"/>
							<String ID="string_300" HPOS="297" VPOS="1021" WIDTH="61" HEIGHT="21" WC="0.96" CONTENT="torde"/><SP WIDTH="15" VPOS="1021" HPOS="358"/>
							<String ID="string_301" HPOS="373" VPOS="1027" WIDTH="51" HEIGHT="15" WC="0.93" CONTENT="vara"/><SP WIDTH="16" VPOS="1027" HPOS="424"/>
							<String ID="string_302" HPOS="440" VPOS="1020" WIDTH="136" HEIGHT="23" WC="0.93" CONTENT="oförhindrad"/><SP WIDTH="14" VPOS="1020" HPOS="576"/>
							<String ID="string_303" HPOS="590" VPOS="1023" WIDTH="33" HEIGHT="20" WC="0.97" CONTENT="att"/><SP WIDTH="14" VPOS="1023" HPOS="623"/>
							<String ID="string_304" HPOS="637" VPOS="1021" WIDTH="33" HEIGHT="22" WC="0.93" CONTENT="för"/><SP WIDTH="14" VPOS="1021" HPOS="670"/>
							<String ID="string_305" HPOS="684" VPOS="1022" WIDTH="94" HEIGHT="21" WC="0.93" CONTENT="militära"/><SP WIDTH="14" VPOS="1022" HPOS="778"/>
							<String ID="string_306" HPOS="792" VPOS="1022" WIDTH="90" HEIGHT="28" WC="0.93" CONTENT="utgifter"/><SP WIDTH="10" VPOS="1022" HPOS="882"/>
							<String ID="string_307" HPOS="892" VPOS="1022" WIDTH="67" HEIGHT="27" WC="0.91" CONTENT="draga"/><SP WIDTH="7" VPOS="1022" HPOS="959"/>
							<String ID="string_308" HPOS="966" VPOS="1021" WIDTH="43" HEIGHT="22" WC="0.93" CONTENT="för-"/>
						</TextLine>
						<TextLine ID="line_30" HPOS="190" VPOS="1049" WIDTH="819" HEIGHT="27">
							<String ID="string_309" HPOS="190" VPOS="1049" WIDTH="85" HEIGHT="22" WC="0.91" CONTENT="skotter"/><SP WIDTH="13" VPOS="1049" HPOS="275"/>
							<String ID="string_310" HPOS="288" VPOS="1050" WIDTH="29" HEIGHT="26" WC="0.96" CONTENT="pä"/><SP WIDTH="15" VPOS="1050" HPOS="317"/>
							<String ID="string_311" HPOS="332" VPOS="1050" WIDTH="106" HEIGHT="21" WC="0.93" CONTENT="allmänna"/><SP WIDTH="15" VPOS="1050" HPOS="438"/>
							<String ID="string_312" HPOS="453" VPOS="1050" WIDTH="145" HEIGHT="22" WC="0.92" CONTENT="statsfondens"/><SP WIDTH="15" VPOS="1050" HPOS="598"/>
							<String ID="string_313" HPOS="613" VPOS="1050" WIDTH="70" HEIGHT="22" WC="0.96" CONTENT="medel"/><SP WIDTH="19" VPOS="1050" HPOS="683"/>
							<String ID="string_314" HPOS="702" VPOS="1051" WIDTH="33" HEIGHT="21" WC="0.93" CONTENT="till"/><SP WIDTH="21" VPOS="1051" HPOS="735"/>
							<String ID="string_315" HPOS="756" VPOS="1050" WIDTH="148" HEIGHT="22" WC="0.92" CONTENT="förstärkande"/><SP WIDTH="16" VPOS="1050" HPOS="904"/>
							<String ID="string_316" HPOS="920" VPOS="1050" WIDTH="23" HEIGHT="22" WC="0.93" CONTENT="af"/><SP WIDTH="12" VPOS="1050" HPOS="943"/>
							<String ID="string_317" HPOS="955" VPOS="1051" WIDTH="54" HEIGHT="21" WC="0.93" CONTENT="mili-"/>
						</TextLine>
						<TextLine ID="line_31" HPOS="190" VPOS="1077" WIDTH="821" HEIGHT="25">
							<String ID="string_318" HPOS="190" VPOS="1077" WIDTH="114" HEIGHT="22" WC="0.92" CONTENT="tiefonden."/><SP WIDTH="30" VPOS="1077" HPOS="304"/>
							<String ID="string_319" HPOS="334" VPOS="1078" WIDTH="42" HEIGHT="22" WC="0.93" CONTENT="För"/><SP WIDTH="14" VPOS="1078" HPOS="376"/>
							<String ID="string_320" HPOS="390" VPOS="1078" WIDTH="135" HEIGHT="22" WC="0.92" CONTENT="betäckande"/><SP WIDTH="15" VPOS="1078" HPOS="525"/>
							<String ID="string_321" HPOS="540" VPOS="1078" WIDTH="23" HEIGHT="23" WC="0.97" CONTENT="af"/><SP WIDTH="16" VPOS="1078" HPOS="563"/>
							<String ID="string_322" HPOS="579" VPOS="1079" WIDTH="64" HEIGHT="22" WC="0.93" CONTENT="dessa"/><SP WIDTH="20" VPOS="1079" HPOS="643"/>
							<String ID="string_323" HPOS="663" VPOS="1079" WIDTH="93" HEIGHT="22" WC="0.91" CONTENT="förskott"/><SP WIDTH="21" VPOS="1079" HPOS="756"/>
							<String ID="string_324" HPOS="777" VPOS="1080" WIDTH="96" HEIGHT="22" WC="0.93" CONTENT="kommer"/><SP WIDTH="15" VPOS="1080" HPOS="873"/>
							<String ID="string_325" HPOS="888" VPOS="1080" WIDTH="123" HEIGHT="22" WC="0.93" CONTENT="sedermera"/>
						</TextLine>
						<TextLine ID="line_32" HPOS="191" VPOS="1106" WIDTH="819" HEIGHT="51">
							<String ID="string_326" HPOS="191" VPOS="1108" WIDTH="41" HEIGHT="49" WC="0.41" CONTENT="a"/><SP WIDTH="6" VPOS="1108" HPOS="232"/>
							<String ID="string_327" HPOS="238" VPOS="1106" WIDTH="90" HEIGHT="28" WC="0.93" CONTENT="begäras"/><SP WIDTH="16" VPOS="1106" HPOS="328"/>
							<String ID="string_328" HPOS="344" VPOS="1107" WIDTH="197" HEIGHT="28" WC="0.92" CONTENT="bevillningsmedel"/><SP WIDTH="15" VPOS="1107" HPOS="541"/>
							<String ID="string_329" HPOS="556" VPOS="1107" WIDTH="23" HEIGHT="23" WC="0.93" CONTENT="af"/><SP WIDTH="12" VPOS="1107" HPOS="579"/>
							<String ID="string_330" HPOS="591" VPOS="1108" WIDTH="123" HEIGHT="27" WC="0.92" CONTENT="ständerna,"/><SP WIDTH="16" VPOS="1108" HPOS="714"/>
							<String ID="string_331" HPOS="730" VPOS="1114" WIDTH="47" HEIGHT="16" WC="0.93" CONTENT="som"/><SP WIDTH="14" VPOS="1114" HPOS="777"/>
							<String ID="string_332" HPOS="791" VPOS="1108" WIDTH="48" HEIGHT="22" WC="0.92" CONTENT="icke"/><SP WIDTH="18" VPOS="1108" HPOS="839"/>
							<String ID="string_333" HPOS="857" VPOS="1108" WIDTH="63" HEIGHT="22" WC="0.96" CONTENT="torde"/><SP WIDTH="17" VPOS="1108" HPOS="920"/>
							<String ID="string_334" HPOS="937" VPOS="1108" WIDTH="73" HEIGHT="22" WC="0.96" CONTENT="kunna"/>
						</TextLine>
						<TextLine ID="line_33" HPOS="190" VPOS="1141" WIDTH="73" HEIGHT="16">
							<String ID="string_335" HPOS="190" VPOS="1141" WIDTH="73" HEIGHT="16" WC="0.91" CONTENT="nekas."/>
						</TextLine>
					</TextBlock>
				</ComposedBlock>
				<ComposedBlock ID="cblock_19" HPOS="177" VPOS="1170" WIDTH="844" HEIGHT="414">
					<TextBlock ID="block_19" HPOS="177" VPOS="1170" WIDTH="844" HEIGHT="142">
						<TextLine ID="line_34" HPOS="258" VPOS="1170" WIDTH="751" HEIGHT="29">
							<String ID="string_336" HPOS="258" VPOS="1170" WIDTH="57" HEIGHT="22" WC="0.95" CONTENT="Herr"/><SP WIDTH="23" VPOS="1170" HPOS="315"/>
							<String ID="string_337" HPOS="338" VPOS="1171" WIDTH="138" HEIGHT="22" WC="0.96" CONTENT="Mechelin:"/><SP WIDTH="37" VPOS="1171" HPOS="476"/>
							<String ID="string_338" HPOS="513" VPOS="1171" WIDTH="41" HEIGHT="28" WC="0.96" CONTENT="Jag"/><SP WIDTH="24" VPOS="1171" HPOS="554"/>
							<String ID="string_339" HPOS="578" VPOS="1171" WIDTH="39" HEIGHT="22" WC="0.93" CONTENT="ber"/><SP WIDTH="23" VPOS="1171" HPOS="617"/>
							<String ID="string_340" HPOS="640" VPOS="1171" WIDTH="22" HEIGHT="22" WC="0.92" CONTENT="fä"/><SP WIDTH="24" VPOS="1171" HPOS="662"/>
							<String ID="string_341" HPOS="686" VPOS="1172" WIDTH="98" HEIGHT="27" WC="0.91" CONTENT="genmäla"/><SP WIDTH="23" VPOS="1172" HPOS="784"/>
							<String ID="string_342" HPOS="807" VPOS="1172" WIDTH="50" HEIGHT="22" WC="0.91" CONTENT="herr"/><SP WIDTH="25" VPOS="1172" HPOS="857"/>
							<String ID="string_343" HPOS="882" VPOS="1171" WIDTH="127" HEIGHT="28" WC="0.95" CONTENT="Schauman,"/>
						</TextLine>
						<TextLine ID="line_35" HPOS="177" VPOS="1198" WIDTH="832" HEIGHT="29">
							<String ID="string_344" HPOS="177" VPOS="1213" WIDTH="3" HEIGHT="2" WC="0.91" CONTENT="-"/><SP WIDTH="10" VPOS="1213" HPOS="180"/>
							<String ID="string_345" HPOS="190" VPOS="1198" WIDTH="91" HEIGHT="27" WC="0.96" CONTENT="August,"/><SP WIDTH="17" VPOS="1198" HPOS="281"/>
							<String ID="string_346" HPOS="298" VPOS="1200" WIDTH="33" HEIGHT="19" WC="0.96" CONTENT="att"/><SP WIDTH="14" VPOS="1200" HPOS="331"/>
							<String ID="string_347" HPOS="345" VPOS="1199" WIDTH="39" HEIGHT="21" WC="0.96" CONTENT="här"/><SP WIDTH="12" VPOS="1199" HPOS="384"/>
							<String ID="string_348" HPOS="396" VPOS="1200" WIDTH="57" HEIGHT="20" WC="0.93" CONTENT="varit"/><SP WIDTH="13" VPOS="1200" HPOS="453"/>
							<String ID="string_349" HPOS="466" VPOS="1199" WIDTH="61" HEIGHT="27" WC="0.96" CONTENT="fråga"/><SP WIDTH="15" VPOS="1199" HPOS="527"/>
							<String ID="string_350" HPOS="542" VPOS="1206" WIDTH="34" HEIGHT="15" WC="0.93" CONTENT="om"/><SP WIDTH="15" VPOS="1206" HPOS="576"/>
							<String ID="string_351" HPOS="591" VPOS="1202" WIDTH="116" HEIGHT="24" WC="0.96" CONTENT="trupperna"/><SP WIDTH="14" VPOS="1202" HPOS="707"/>
							<String ID="string_352" HPOS="721" VPOS="1201" WIDTH="69" HEIGHT="21" WC="0.93" CONTENT="under"/><SP WIDTH="13" VPOS="1201" HPOS="790"/>
							<String ID="string_353" HPOS="803" VPOS="1200" WIDTH="97" HEIGHT="27" WC="0.96" CONTENT="fredstid,"/><SP WIDTH="15" VPOS="1200" HPOS="900"/>
							<String ID="string_354" HPOS="915" VPOS="1201" WIDTH="48" HEIGHT="21" WC="0.93" CONTENT="icke"/><SP WIDTH="7" VPOS="1201" HPOS="963"/>
							<String ID="string_355" HPOS="970" VPOS="1207" WIDTH="39" HEIGHT="15" WC="0.92" CONTENT="un-"/>
						</TextLine>
						<TextLine ID="line_36" HPOS="192" VPOS="1226" WIDTH="829" HEIGHT="30">
							<String ID="string_356" HPOS="192" VPOS="1227" WIDTH="38" HEIGHT="21" WC="0.92" CONTENT="der"/><SP WIDTH="14" VPOS="1227" HPOS="230"/>
							<String ID="string_357" HPOS="244" VPOS="1226" WIDTH="98" HEIGHT="28" WC="0.90" CONTENT="krigstid."/><SP WIDTH="29" VPOS="1226" HPOS="342"/>
							<String ID="string_358" HPOS="371" VPOS="1228" WIDTH="63" HEIGHT="21" WC="0.92" CONTENT="Hvad"/><SP WIDTH="13" VPOS="1228" HPOS="434"/>
							<String ID="string_359" HPOS="447" VPOS="1228" WIDTH="37" HEIGHT="27" WC="0.93" CONTENT="jag"/><SP WIDTH="14" VPOS="1228" HPOS="484"/>
							<String ID="string_360" HPOS="498" VPOS="1230" WIDTH="67" HEIGHT="26" WC="0.92" CONTENT="yttrat"/><SP WIDTH="15" VPOS="1230" HPOS="565"/>
							<String ID="string_361" HPOS="580" VPOS="1234" WIDTH="34" HEIGHT="16" WC="0.96" CONTENT="om"/><SP WIDTH="16" VPOS="1234" HPOS="614"/>
							<String ID="string_362" HPOS="630" VPOS="1228" WIDTH="42" HEIGHT="22" WC="0.93" CONTENT="den"/><SP WIDTH="14" VPOS="1228" HPOS="672"/>
							<String ID="string_363" HPOS="686" VPOS="1228" WIDTH="118" HEIGHT="22" WC="0.93" CONTENT="finansiella"/><SP WIDTH="14" VPOS="1228" HPOS="804"/>
							<String ID="string_364" HPOS="818" VPOS="1229" WIDTH="62" HEIGHT="21" WC="0.96" CONTENT="sidan"/><SP WIDTH="14" VPOS="1229" HPOS="880"/>
							<String ID="string_365" HPOS="894" VPOS="1228" WIDTH="24" HEIGHT="22" WC="0.96" CONTENT="af"/><SP WIDTH="17" VPOS="1228" HPOS="918"/>
							<String ID="string_366" HPOS="935" VPOS="1229" WIDTH="86" HEIGHT="26" WC="0.92" CONTENT="saken,"/>
						</TextLine>
						<TextLine ID="line_37" HPOS="191" VPOS="1254" WIDTH="818" HEIGHT="30">
							<String ID="string_367" HPOS="191" VPOS="1254" WIDTH="68" HEIGHT="28" WC="0.96" CONTENT="gäller"/><SP WIDTH="15" VPOS="1254" HPOS="259"/>
							<String ID="string_368" HPOS="274" VPOS="1255" WIDTH="76" HEIGHT="21" WC="0.93" CONTENT="endast"/><SP WIDTH="14" VPOS="1255" HPOS="350"/>
							<String ID="string_369" HPOS="364" VPOS="1255" WIDTH="98" HEIGHT="22" WC="0.90" CONTENT="fredstid."/><SP WIDTH="30" VPOS="1255" HPOS="462"/>
							<String ID="string_370" HPOS="492" VPOS="1256" WIDTH="95" HEIGHT="22" WC="0.90" CONTENT="Sälunda"/><SP WIDTH="15" VPOS="1256" HPOS="587"/>
							<String ID="string_371" HPOS="602" VPOS="1263" WIDTH="63" HEIGHT="21" WC="0.92" CONTENT="synes"/><SP WIDTH="23" VPOS="1263" HPOS="665"/>
							<String ID="string_372" HPOS="688" VPOS="1257" WIDTH="44" HEIGHT="27" WC="0.96" CONTENT="mig"/><SP WIDTH="18" VPOS="1257" HPOS="732"/>
							<String ID="string_373" HPOS="750" VPOS="1259" WIDTH="33" HEIGHT="20" WC="0.93" CONTENT="att"/><SP WIDTH="20" VPOS="1259" HPOS="783"/>
							<String ID="string_374" HPOS="803" VPOS="1257" WIDTH="51" HEIGHT="22" WC="0.92" CONTENT="herr"/><SP WIDTH="22" VPOS="1257" HPOS="854"/>
							<String ID="string_375" HPOS="876" VPOS="1257" WIDTH="133" HEIGHT="23" WC="0.91" CONTENT="Schaumans"/>
						</TextLine>
						<TextLine ID="line_38" HPOS="191" VPOS="1284" WIDTH="830" HEIGHT="28">
							<String ID="string_376" HPOS="191" VPOS="1284" WIDTH="139" HEIGHT="27" WC="0.91" CONTENT="anmärkning"/><SP WIDTH="13" VPOS="1284" HPOS="330"/>
							<String ID="string_377" HPOS="343" VPOS="1284" WIDTH="49" HEIGHT="27" WC="0.96" CONTENT="gick"/><SP WIDTH="14" VPOS="1284" HPOS="392"/>
							<String ID="string_378" HPOS="406" VPOS="1285" WIDTH="29" HEIGHT="27" WC="0.96" CONTENT="pä"/><SP WIDTH="14" VPOS="1285" HPOS="435"/>
							<String ID="string_379" HPOS="449" VPOS="1285" WIDTH="61" HEIGHT="21" WC="0.96" CONTENT="sidan"/><SP WIDTH="15" VPOS="1285" HPOS="510"/>
							<String ID="string_380" HPOS="525" VPOS="1285" WIDTH="22" HEIGHT="21" WC="0.96" CONTENT="af"/><SP WIDTH="14" VPOS="1285" HPOS="547"/>
							<String ID="string_381" HPOS="561" VPOS="1285" WIDTH="72" HEIGHT="22" WC="0.96" CONTENT="saken."/><SP WIDTH="387" VPOS="1285" HPOS="633"/>
							<String ID="string_382" HPOS="1020" VPOS="1290" WIDTH="1" HEIGHT="3" WC="0.85" CONTENT="i"/>
						</TextLine>
					</TextBlock>
					<TextBlock ID="block_20" HPOS="190" VPOS="1318" WIDTH="831" HEIGHT="146">
						<TextLine ID="line_39" HPOS="258" VPOS="1318" WIDTH="763" HEIGHT="28">
							<String ID="string_383" HPOS="258" VPOS="1318" WIDTH="57" HEIGHT="21" WC="0.96" CONTENT="Herr"/><SP WIDTH="15" VPOS="1318" HPOS="315"/>
							<String ID="string_384" HPOS="330" VPOS="1318" WIDTH="152" HEIGHT="28" WC="0.96" CONTENT="Schauman,"/><SP WIDTH="16" VPOS="1318" HPOS="482"/>
							<String ID="string_385" HPOS="498" VPOS="1320" WIDTH="94" HEIGHT="26" WC="0.96" CONTENT="August:"/><SP WIDTH="30" VPOS="1320" HPOS="592"/>
							<String ID="string_386" HPOS="622" VPOS="1320" WIDTH="41" HEIGHT="26" WC="0.95" CONTENT="Jag"/><SP WIDTH="15" VPOS="1320" HPOS="663"/>
							<String ID="string_387" HPOS="678" VPOS="1320" WIDTH="40" HEIGHT="21" WC="0.92" CONTENT="har"/><SP WIDTH="14" VPOS="1320" HPOS="718"/>
							<String ID="string_388" HPOS="732" VPOS="1320" WIDTH="65" HEIGHT="22" WC="0.96" CONTENT="fattat"/><SP WIDTH="22" VPOS="1320" HPOS="797"/>
							<String ID="string_389" HPOS="819" VPOS="1320" WIDTH="37" HEIGHT="22" WC="0.30" CONTENT="det"/><SP WIDTH="15" VPOS="1320" HPOS="856"/>
							<String ID="string_390" HPOS="871" VPOS="1321" WIDTH="25" HEIGHT="21" WC="0.30" CONTENT="sä"/><SP WIDTH="22" VPOS="1321" HPOS="896"/>
							<String ID="string_391" HPOS="918" VPOS="1322" WIDTH="33" HEIGHT="20" WC="0.96" CONTENT="att"/><SP WIDTH="21" VPOS="1322" HPOS="951"/>
							<String ID="string_392" HPOS="972" VPOS="1320" WIDTH="49" HEIGHT="25" WC="0.94" CONTENT="det:"/>
						</TextLine>
						<TextLine ID="line_40" HPOS="190" VPOS="1346" WIDTH="819" HEIGHT="28">
							<String ID="string_393" HPOS="190" VPOS="1352" WIDTH="30" HEIGHT="14" WC="0.92" CONTENT="nu"/><SP WIDTH="14" VPOS="1352" HPOS="220"/>
							<String ID="string_394" HPOS="234" VPOS="1346" WIDTH="56" HEIGHT="21" WC="0.93" CONTENT="varit"/><SP WIDTH="13" VPOS="1346" HPOS="290"/>
							<String ID="string_395" HPOS="303" VPOS="1346" WIDTH="61" HEIGHT="26" WC="0.96" CONTENT="fråga"/><SP WIDTH="14" VPOS="1346" HPOS="364"/>
							<String ID="string_396" HPOS="378" VPOS="1353" WIDTH="35" HEIGHT="15" WC="0.93" CONTENT="om"/><SP WIDTH="14" VPOS="1353" HPOS="413"/>
							<String ID="string_397" HPOS="427" VPOS="1348" WIDTH="97" HEIGHT="26" WC="0.95" CONTENT="krigstid."/><SP WIDTH="31" VPOS="1348" HPOS="524"/>
							<String ID="string_398" HPOS="555" VPOS="1348" WIDTH="11" HEIGHT="26" WC="0.80" CONTENT="8"/><SP WIDTH="16" VPOS="1348" HPOS="566"/>
							<String ID="string_399" HPOS="582" VPOS="1350" WIDTH="40" HEIGHT="19" WC="0.96" CONTENT="124"/><SP WIDTH="15" VPOS="1350" HPOS="622"/>
							<String ID="string_400" HPOS="637" VPOS="1348" WIDTH="91" HEIGHT="21" WC="0.92" CONTENT="handlar"/><SP WIDTH="14" VPOS="1348" HPOS="728"/>
							<String ID="string_401" HPOS="742" VPOS="1349" WIDTH="137" HEIGHT="21" WC="0.96" CONTENT="uteslutande"/><SP WIDTH="23" VPOS="1349" HPOS="879"/>
							<String ID="string_402" HPOS="902" VPOS="1355" WIDTH="35" HEIGHT="15" WC="0.93" CONTENT="om"/><SP WIDTH="18" VPOS="1355" HPOS="937"/>
							<String ID="string_403" HPOS="955" VPOS="1350" WIDTH="54" HEIGHT="20" WC="0.84" CONTENT="mili-"/>
						</TextLine>
						<TextLine ID="line_41" HPOS="191" VPOS="1374" WIDTH="830" HEIGHT="29">
							<String ID="string_404" HPOS="191" VPOS="1374" WIDTH="72" HEIGHT="20" WC="0.92" CONTENT="tärens"/><SP WIDTH="15" VPOS="1374" HPOS="263"/>
							<String ID="string_405" HPOS="278" VPOS="1374" WIDTH="146" HEIGHT="28" WC="0.95" CONTENT="uppställning"/><SP WIDTH="15" VPOS="1374" HPOS="424"/>
							<String ID="string_406" HPOS="439" VPOS="1375" WIDTH="28" HEIGHT="27" WC="0.92" CONTENT="pä"/><SP WIDTH="15" VPOS="1375" HPOS="467"/>
							<String ID="string_407" HPOS="482" VPOS="1376" WIDTH="91" HEIGHT="26" WC="0.92" CONTENT="krigsfot"/><SP WIDTH="14" VPOS="1376" HPOS="573"/>
							<String ID="string_408" HPOS="587" VPOS="1376" WIDTH="68" HEIGHT="21" WC="0.93" CONTENT="under"/><SP WIDTH="19" VPOS="1376" HPOS="655"/>
							<String ID="string_409" HPOS="674" VPOS="1376" WIDTH="97" HEIGHT="26" WC="0.95" CONTENT="krigstid."/><SP WIDTH="30" VPOS="1376" HPOS="771"/>
							<String ID="string_410" HPOS="801" VPOS="1377" WIDTH="43" HEIGHT="21" WC="0.93" CONTENT="Det"/><SP WIDTH="20" VPOS="1377" HPOS="844"/>
							<String ID="string_411" HPOS="864" VPOS="1377" WIDTH="117" HEIGHT="21" WC="0.92" CONTENT="är&#39;denna"/><SP WIDTH="15" VPOS="1377" HPOS="981"/>
							<String ID="string_412" HPOS="996" VPOS="1378" WIDTH="25" HEIGHT="25" WC="0.73" CONTENT="8:"/>
						</TextLine>
						<TextLine ID="line_42" HPOS="190" VPOS="1402" WIDTH="831" HEIGHT="25">
							<String ID="string_413" HPOS="190" VPOS="1408" WIDTH="49" HEIGHT="15" WC="0.96" CONTENT="man"/><SP WIDTH="15" VPOS="1408" HPOS="239"/>
							<String ID="string_414" HPOS="254" VPOS="1402" WIDTH="39" HEIGHT="22" WC="0.93" CONTENT="har"/><SP WIDTH="15" VPOS="1402" HPOS="293"/>
							<String ID="string_415" HPOS="308" VPOS="1403" WIDTH="116" HEIGHT="22" WC="0.96" CONTENT="behandlat"/><SP WIDTH="13" VPOS="1403" HPOS="424"/>
							<String ID="string_416" HPOS="437" VPOS="1404" WIDTH="41" HEIGHT="21" WC="0.96" CONTENT="och"/><SP WIDTH="15" VPOS="1404" HPOS="478"/>
							<String ID="string_417" HPOS="493" VPOS="1404" WIDTH="36" HEIGHT="22" WC="0.96" CONTENT="det"/><SP WIDTH="14" VPOS="1404" HPOS="529"/>
							<String ID="string_418" HPOS="543" VPOS="1406" WIDTH="24" HEIGHT="20" WC="0.96" CONTENT="är"/><SP WIDTH="15" VPOS="1406" HPOS="567"/>
							<String ID="string_419" HPOS="582" VPOS="1410" WIDTH="34" HEIGHT="15" WC="0.92" CONTENT="om"/><SP WIDTH="15" VPOS="1410" HPOS="616"/>
							<String ID="string_420" HPOS="631" VPOS="1404" WIDTH="139" HEIGHT="22" WC="0.86" CONTENT="anskaffande"/><SP WIDTH="15" VPOS="1404" HPOS="770"/>
							<String ID="string_421" HPOS="785" VPOS="1404" WIDTH="22" HEIGHT="22" WC="0.97" CONTENT="af"/><SP WIDTH="16" VPOS="1404" HPOS="807"/>
							<String ID="string_422" HPOS="823" VPOS="1405" WIDTH="69" HEIGHT="22" WC="0.95" CONTENT="medel"/><SP WIDTH="15" VPOS="1405" HPOS="892"/>
							<String ID="string_423" HPOS="907" VPOS="1406" WIDTH="33" HEIGHT="21" WC="0.93" CONTENT="för"/><SP WIDTH="15" VPOS="1406" HPOS="940"/>
							<String ID="string_424" HPOS="955" VPOS="1405" WIDTH="66" HEIGHT="22" WC="0.34" CONTENT="mili-"/>
						</TextLine>
						<TextLine ID="line_43" HPOS="190" VPOS="1430" WIDTH="831" HEIGHT="34">
							<String ID="string_425" HPOS="190" VPOS="1432" WIDTH="48" HEIGHT="20" WC="0.92" CONTENT="tära"/><SP WIDTH="14" VPOS="1432" HPOS="238"/>
							<String ID="string_426" HPOS="252" VPOS="1430" WIDTH="67" HEIGHT="23" WC="0.92" CONTENT="behof"/><SP WIDTH="12" VPOS="1430" HPOS="319"/>
							<String ID="string_427" HPOS="331" VPOS="1432" WIDTH="68" HEIGHT="22" WC="0.93" CONTENT="under"/><SP WIDTH="14" VPOS="1432" HPOS="399"/>
							<String ID="string_428" HPOS="413" VPOS="1432" WIDTH="92" HEIGHT="28" WC="0.92" CONTENT="krigstid"/><SP WIDTH="13" VPOS="1432" HPOS="505"/>
							<String ID="string_429" HPOS="518" VPOS="1433" WIDTH="37" HEIGHT="27" WC="0.97" CONTENT="jag"/><SP WIDTH="14" VPOS="1433" HPOS="555"/>
							<String ID="string_430" HPOS="569" VPOS="1432" WIDTH="40" HEIGHT="22" WC="0.93" CONTENT="har"/><SP WIDTH="14" VPOS="1432" HPOS="609"/>
							<String ID="string_431" HPOS="623" VPOS="1433" WIDTH="59" HEIGHT="22" WC="0.93" CONTENT="talat."/><SP WIDTH="337" VPOS="1433" HPOS="682"/>
							<String ID="string_432" HPOS="1019" VPOS="1436" WIDTH="2" HEIGHT="28" WC="0.85" CONTENT="|"/>
						</TextLine>
					</TextBlock>
					<TextBlock ID="block_21" HPOS="189" VPOS="1465" WIDTH="832" HEIGHT="119">
						<TextLine ID="line_44" HPOS="258" VPOS="1465" WIDTH="763" HEIGHT="31">
							<String ID="string_433" HPOS="258" VPOS="1465" WIDTH="56" HEIGHT="22" WC="0.95" CONTENT="Herr"/><SP WIDTH="14" VPOS="1465" HPOS="314"/>
							<String ID="string_434" HPOS="328" VPOS="1466" WIDTH="139" HEIGHT="22" WC="0.92" CONTENT="Mechelin:"/><SP WIDTH="31" VPOS="1466" HPOS="467"/>
							<String ID="string_435" HPOS="498" VPOS="1467" WIDTH="184" HEIGHT="29" WC="0.83" CONTENT="Meningsutbytet"/><SP WIDTH="16" VPOS="1467" HPOS="682"/>
							<String ID="string_436" HPOS="698" VPOS="1468" WIDTH="89" HEIGHT="22" WC="0.96" CONTENT="emellan"/><SP WIDTH="22" VPOS="1468" HPOS="787"/>
							<String ID="string_437" HPOS="809" VPOS="1468" WIDTH="50" HEIGHT="22" WC="0.92" CONTENT="herr"/><SP WIDTH="21" VPOS="1468" HPOS="859"/>
							<String ID="string_438" HPOS="880" VPOS="1468" WIDTH="72" HEIGHT="22" WC="0.95" CONTENT="Antell"/><SP WIDTH="16" VPOS="1468" HPOS="952"/>
							<String ID="string_439" HPOS="968" VPOS="1469" WIDTH="53" HEIGHT="23" WC="0.94" CONTENT="och;"/>
						</TextLine>
						<TextLine ID="line_45" HPOS="189" VPOS="1494" WIDTH="832" HEIGHT="31">
							<String ID="string_440" HPOS="189" VPOS="1494" WIDTH="45" HEIGHT="27" WC="0.96" CONTENT="mig"/><SP WIDTH="14" VPOS="1494" HPOS="234"/>
							<String ID="string_441" HPOS="248" VPOS="1494" WIDTH="70" HEIGHT="27" WC="0.96" CONTENT="gällde"/><SP WIDTH="15" VPOS="1494" HPOS="318"/>
							<String ID="string_442" HPOS="333" VPOS="1495" WIDTH="126" HEIGHT="28" WC="0.96" CONTENT="betydelsen"/><SP WIDTH="16" VPOS="1495" HPOS="459"/>
							<String ID="string_443" HPOS="475" VPOS="1496" WIDTH="39" HEIGHT="21" WC="0.97" CONTENT="och"/><SP WIDTH="15" VPOS="1496" HPOS="514"/>
							<String ID="string_444" HPOS="529" VPOS="1496" WIDTH="161" HEIGHT="28" WC="0.95" CONTENT="tillämpningen"/><SP WIDTH="22" VPOS="1496" HPOS="690"/>
							<String ID="string_445" HPOS="712" VPOS="1497" WIDTH="22" HEIGHT="21" WC="0.93" CONTENT="af"/><SP WIDTH="21" VPOS="1497" HPOS="734"/>
							<String ID="string_446" HPOS="755" VPOS="1497" WIDTH="11" HEIGHT="28" WC="0.92" CONTENT="$"/><SP WIDTH="24" VPOS="1497" HPOS="766"/>
							<String ID="string_447" HPOS="790" VPOS="1499" WIDTH="46" HEIGHT="26" WC="0.93" CONTENT="123,"/><SP WIDTH="24" VPOS="1499" HPOS="836"/>
							<String ID="string_448" HPOS="860" VPOS="1498" WIDTH="91" HEIGHT="21" WC="0.96" CONTENT="likasom"/><SP WIDTH="19" VPOS="1498" HPOS="951"/>
							<String ID="string_449" HPOS="970" VPOS="1495" WIDTH="51" HEIGHT="30" WC="0.93" CONTENT="jag"/>
						</TextLine>
						<TextLine ID="line_46" HPOS="190" VPOS="1522" WIDTH="831" HEIGHT="31">
							<String ID="string_450" HPOS="190" VPOS="1522" WIDTH="58" HEIGHT="23" WC="0.95" CONTENT="förut"/><SP WIDTH="12" VPOS="1522" HPOS="248"/>
							<String ID="string_451" HPOS="260" VPOS="1523" WIDTH="114" HEIGHT="22" WC="0.96" CONTENT="framhållit"/><SP WIDTH="15" VPOS="1523" HPOS="374"/>
							<String ID="string_452" HPOS="389" VPOS="1526" WIDTH="33" HEIGHT="20" WC="0.93" CONTENT="att"/><SP WIDTH="16" VPOS="1526" HPOS="422"/>
							<String ID="string_453" HPOS="438" VPOS="1527" WIDTH="126" HEIGHT="25" WC="0.96" CONTENT="truppernas"/><SP WIDTH="16" VPOS="1527" HPOS="564"/>
							<String ID="string_454" HPOS="580" VPOS="1525" WIDTH="106" HEIGHT="23" WC="0.94" CONTENT="ställande"/><SP WIDTH="22" VPOS="1525" HPOS="686"/>
							<String ID="string_455" HPOS="708" VPOS="1526" WIDTH="29" HEIGHT="27" WC="0.93" CONTENT="pä"/><SP WIDTH="21" VPOS="1526" HPOS="737"/>
							<String ID="string_456" HPOS="758" VPOS="1526" WIDTH="92" HEIGHT="27" WC="0.92" CONTENT="krigsfot"/><SP WIDTH="20" VPOS="1526" HPOS="850"/>
							<String ID="string_457" HPOS="870" VPOS="1527" WIDTH="70" HEIGHT="22" WC="0.92" CONTENT="måste"/><SP WIDTH="22" VPOS="1527" HPOS="940"/>
							<String ID="string_458" HPOS="962" VPOS="1527" WIDTH="59" HEIGHT="26" WC="0.43" CONTENT="afse&#39;:"/>
						</TextLine>
						<TextLine ID="line_47" HPOS="190" VPOS="1552" WIDTH="766" HEIGHT="32">
							<String ID="string_459" HPOS="190" VPOS="1553" WIDTH="33" HEIGHT="20" WC="0.96" CONTENT="att"/><SP WIDTH="15" VPOS="1553" HPOS="223"/>
							<String ID="string_460" HPOS="238" VPOS="1552" WIDTH="49" HEIGHT="27" WC="0.96" CONTENT="höja"/><SP WIDTH="15" VPOS="1552" HPOS="287"/>
							<String ID="string_461" HPOS="302" VPOS="1553" WIDTH="26" HEIGHT="22" WC="0.97" CONTENT="de"/><SP WIDTH="16" VPOS="1553" HPOS="328"/>
							<String ID="string_462" HPOS="344" VPOS="1553" WIDTH="68" HEIGHT="22" WC="0.96" CONTENT="under"/><SP WIDTH="14" VPOS="1553" HPOS="412"/>
							<String ID="string_463" HPOS="426" VPOS="1553" WIDTH="90" HEIGHT="22" WC="0.96" CONTENT="fredstid"/><SP WIDTH="15" VPOS="1553" HPOS="516"/>
							<String ID="string_464" HPOS="531" VPOS="1554" WIDTH="109" HEIGHT="28" WC="0.96" CONTENT="befintliga"/><SP WIDTH="16" VPOS="1554" HPOS="640"/>
							<String ID="string_465" HPOS="656" VPOS="1557" WIDTH="116" HEIGHT="26" WC="0.96" CONTENT="trupperna"/><SP WIDTH="15" VPOS="1557" HPOS="772"/>
							<String ID="string_466" HPOS="787" VPOS="1556" WIDTH="31" HEIGHT="21" WC="0.93" CONTENT="till"/><SP WIDTH="16" VPOS="1556" HPOS="818"/>
							<String ID="string_467" HPOS="834" VPOS="1556" WIDTH="122" HEIGHT="28" WC="0.93" CONTENT="krigsantal."/>
						</TextLine>
					</TextBlock>
				</ComposedBlock>
			</PrintSpace>
		</Page>
	</Layout>
</alto>
