1056 1831
206 136 55 21 1722
499 138 41 17 Den
557 136 25 19 10
596 136 82 18 Januari.

175 200 155 21 kontrakterna
351 199 61 22 skola
427 200 119 26 noggrannt
561 198 127 27 efterlefvas,
705 198 32 22 till
754 198 48 21 dess
818 199 33 20 att
864 198 77 27 regent
956 197 39 22 och

175 229 90 21 ständer
281 228 45 22 deri
340 227 123 27 förändring
478 229 58 25 göra,
551 227 82 21 hvilket
647 234 38 14 var
694 233 26 15 en
728 226 165 27 nödvändighet,
902 226 25 21 sä
935 227 61 20 snart
1017 230 4 27 |

174 263 49 16 man
238 257 48 22 icke
300 256 49 22 ville
363 256 34 22 för
405 256 42 22 alla
455 256 56 22 tider
525 255 117 28 qvarblifva
656 256 28 26 på
698 255 141 22 kontraktens
855 254 139 28 ståndpunkt.
1017 262 3 17 ;

175 286 40 22 Om
233 292 29 15 nu
280 285 132 28 grundlagen
427 285 47 21 icke
490 285 70 22 skulle
574 284 64 22 hafva
652 284 103 22 förklarat
770 285 32 21 att
816 284 73 26 frågor
903 283 92 22 rörande
1018 286 2 20 '

172 314 213 22 knektekontrakten
406 314 117 22 behandlas
547 314 7 21 i
569 313 194 27 lagstiftningsväg,
780 313 28 22 då
822 319 51 15 vore
889 312 38 22 det
941 312 54 22 nöd-
1018 323 2 2 :

173 344 88 27 vändigt
275 345 33 21 att
323 343 35 22 vid
372 343 73 27 hvarje
460 343 124 27 förändring
599 342 7 22 i
621 343 109 21 desamma
744 342 96 27 iakttaga
855 347 82 17 samma
951 341 43 22 för-

173 372 95 27 farande,
285 378 46 16 som
351 372 28 21 då
393 372 26 21 de
435 372 104 27 ingingos,
554 371 107 27 nemligen
676 370 131 24 förfarandet
823 372 33 20 att
870 370 50 22 med
934 370 60 22 land-

173 402 88 27 skapets
274 401 116 28 jordegare
404 400 63 22 träffa
481 400 57 22 aftal.
555 412 27 4 —
596 400 42 27 Jag
652 400 39 22 har
705 400 73 22 vidare
792 400 78 22 hittills
886 399 49 22 icke
950 400 45 21 sett
1018 404 2 2 :

174 430 37 22 det
233 430 22 21 af
271 430 70 27 någon
355 429 77 26 visadt,
447 429 89 27 påstådt
552 429 52 22 eller
616 429 100 21 bevisadt
730 430 34 20 att
778 428 73 28 hvarje
867 428 126 27 detaljstad-

172 459 71 27 gande
257 459 58 21 inom
329 458 206 27 indelningsverkets
551 458 151 26 organisation,
718 464 51 16 vare
784 458 33 26 sig
832 458 33 20 att
880 457 38 21 det
925 456 68 22 finnes

172 488 7 21 i
194 487 210 22 knektekontrakten
419 487 52 21 eller
486 487 7 21 i
509 487 67 26 öfriga
583 487 33 21 till
624 486 196 27 indelningsverket
826 485 97 22 hörande
934 486 59 21 stad-

172 516 91 27 ganden,
285 521 51 16 vore
351 515 112 27 grundlag.
493 514 171 23 Modifikationer
678 516 57 20 inom
751 515 109 22 desamma
874 514 118 22 behandlas

172 546 73 20 såsom
258 544 117 28 lagfrågor;
391 544 26 21 så
430 544 40 21 har
482 544 25 22 R.
523 544 23 21 F.
562 544 80 21 uttalat
657 544 38 27 sig.
725 544 50 22 Men
784 544 208 26 indelningsverkets

171 573 150 27 npphäfvande
343 575 24 19 är
383 579 25 15 en
424 572 182 28 grundlagsfräga,
623 572 41 22 och
679 572 84 22 derföre
777 573 43 21 kan
833 572 37 28 jag
886 572 44 22 lika
944 572 49 21 litet
1018 589 2 4 ;

172 608 47 16 som
243 602 41 22 den
306 603 87 21 senaste
413 602 64 21 ärade
494 602 82 22 talaren
592 601 82 22 skänka
688 601 157 27 godkännande
861 602 23 21 ät
899 601 41 21 den
955 601 37 21 be-
1018 603 2 24 :

171 631 103 27 visföring
289 631 67 27 några
370 632 136 20 reservanter
520 630 64 22 hafva
598 630 102 28 företagit
716 631 33 27 sig
764 630 82 22 derhän
859 630 134 22 attickebe-
1018 631 2 16 :

171 660 73 22 trakta
261 660 118 27 någonting
394 660 6 21 i
415 659 162 27 ifrågavarande
592 660 35 27 lag
642 659 72 22 såsom
730 660 110 27 grundlag.
870 659 65 22 Hvad
951 658 41 22 den
1018 660 3 9 :

171 689 66 22 ärade
259 689 83 22 talaren
364 689 7 21 i
393 689 70 21 denna
478 689 69 27 punkt
561 690 74 26 yttrat,
651 689 61 21 torde
728 688 47 22 icke
790 689 72 21 kunna
878 694 63 16 anses
957 688 35 22 så-

171 724 47 16 som
240 718 81 27 rigtadt
336 718 57 21 emot
407 718 120 22 utskottets
542 718 116 27 pluralitet,
675 724 46 15 som
735 718 118 27 ingalunda
867 718 126 21 instämmer
1018 723 2 2 ;

170 747 7 21 i
200 748 175 21 reservanternas
398 746 90 22 sålunda
510 746 134 22 framställda
660 746 62 28 åsigt.
753 747 43 21 Det
812 747 60 21 torde
886 746 24 28 ju
926 746 66 22 också

170 782 52 15 vara
244 782 26 15 en
291 775 82 22 bekant
395 776 39 21 sak
457 776 32 21 att
510 774 180 28 vakansafgiftens
707 776 119 27 utgörande
840 776 48 21 icke
904 777 24 19 är
944 775 48 22 en
980 770 15 38 i
1018 775 2 8 '

170 804 211 22 knektekontrakten
402 804 103 22 förutsatt
527 804 128 27 nödvändig,
678 804 160 22 fortbestående
861 804 130 22 institution.

169 833 34 22 De
222 832 63 23 hafva
299 833 130 22 karaktären
445 832 22 22 af
481 839 26 15 en
523 832 148 28 beskattning;
687 832 78 23 sådant
779 833 43 22 kan
836 833 35 22 väl
885 833 106 27 svårligen

169 861 107 22 förnekas.
306 862 50 21 Men
375 862 38 26 jag
434 861 83 28 hoppas
541 863 33 20 att
596 862 104 21 debatten
718 862 96 22 kommer
828 864 33 20 att
875 861 116 23 framdeles

169 890 78 22 beröra
269 891 64 21 dessa
354 890 99 28 punkter,
477 890 40 22 och
539 890 83 28 hoppas
635 891 38 27 jag
688 892 32 20 att
736 891 37 22 det
788 891 67 27 sagda
870 891 55 22 skall
940 897 51 15 vara

168 925 49 21 nog,
240 918 33 23 för
289 921 32 19 att
336 919 38 21 det
387 919 36 21 må
437 918 96 28 framstå,
549 921 33 20 att
596 919 56 22 hvad
668 920 41 21 den
724 921 86 21 senaste
826 920 66 22 ärade
907 920 83 22 talaren

168 948 67 22 redan
257 948 59 22 velat
337 954 25 16 se
383 948 8 22 i
412 947 100 28 fantasin,
536 948 107 27 nemligen
665 949 33 21 att
712 948 40 22 här
766 955 51 16 vore
832 948 61 28 fråga
908 955 35 16 om
958 950 33 20 att

169 978 75 27 stycka
259 976 131 28 grundlagen
405 977 7 21 i
427 977 92 27 spillror,
534 978 48 22 icke
598 979 23 20 är
634 977 135 28 framgånget
784 984 26 16 ur
824 984 27 16 en
865 978 52 28 lugn
925 979 65 21 rätts-

169 1006 56 27 enlig
240 1006 104 27 pröfning.

237 1034 34 22 Då
285 1035 48 21 icke
349 1034 69 27 någon
434 1040 69 16 annan
519 1035 23 21 af
554 1035 98 21 ståndets
667 1035 120 22 ledamöter
802 1036 95 22 önskade
909 1036 80 22 erhålla

169 1063 68 25 ordet,
253 1062 133 24 förklarades
409 1063 41 21 den
473 1063 107 22 allmänna
598 1063 151 23 diskussionen
765 1064 100 27 afslutad,
880 1065 109 21 hvarefter

168 1092 226 27 detaljgranskningen
409 1091 79 28 vidtog,
504 1092 7 21 i
527 1093 37 21 det
579 1092 11 28 $
605 1094 12 19 2
628 1092 144 22 framställdes
781 1094 33 20 till
822 1093 165 28 öfverläggning.

237 1120 98 22 Friherre
349 1126 42 16 von
398 1120 76 26 Born,
483 1120 32 27 V.,
524 1120 67 22 utbad
600 1121 33 27 sig
642 1120 62 23 ordet
712 1121 39 22 och
760 1122 96 27 yttrade:
872 1122 74 22 Ehuru
951 1123 38 27 jag

166 1149 49 22 icke
236 1149 40 22 har
297 1149 29 27 på
340 1149 49 21 mitt
404 1150 101 26 samvete,
522 1151 33 20 att
570 1149 62 22 hafva
647 1150 95 22 hvarken
756 1151 49 21 med
821 1151 38 21 ord
875 1151 52 22 eller
941 1153 49 19 röst

166 1178 95 26 bidragit
282 1178 33 21 till
336 1178 71 26 någon
427 1178 55 21 enda
496 1177 102 28 paragraf
610 1178 8 21 i
633 1178 69 22 denna
717 1179 174 28 värnepligtslag,
907 1180 25 21 så
946 1180 42 21 kan

164 1207 39 27 jag
217 1206 47 22 icke
278 1206 73 27 undgå
365 1208 32 19 att
411 1206 133 22 beträffande
560 1207 321 28 sammanjemkningsförslaget
895 1209 8 21 i
919 1208 70 22 denna

168 1235 34 22 del
224 1236 57 26 yttra
301 1234 66 28 några
389 1235 45 21 ord.
450 1247 27 3 —
493 1234 77 23 Såsom
593 1236 37 21 det
646 1236 67 21 redan
729 1236 68 22 blifvit
812 1237 90 21 nämndt
917 1237 7 21 i
940 1238 47 26 dag,

165 1263 40 21 har
220 1263 239 27 värnepligtsutskottet
473 1263 6 21 i
495 1264 61 22 detta
570 1264 297 28 sammanjemkningsförslag
875 1267 72 21 ansett
955 1266 32 27 sig

165 1292 54 21 böra
233 1292 100 27 särskilja
348 1292 42 21 den
404 1291 61 22 forna
480 1292 10 27 $
506 1294 13 19 2
534 1293 7 21 i
556 1294 78 20 tvenne
650 1293 65 27 delar,
732 1293 23 22 af
767 1294 73 22 hvilka
855 1295 41 21 den
911 1300 76 17 senare

166 1320 69 26 delen,
252 1321 41 21 den
309 1326 34 16 om
357 1320 177 27 vakansafgiften,
550 1321 70 22 skulle
633 1321 105 23 förklaras
754 1322 48 22 icke
818 1329 51 15 vara
879 1322 24 22 af
907 1324 79 26 grund-

165 1348 113 26 lagsnatur
300 1349 41 21 och
363 1348 92 22 sålunda
476 1349 74 21 kunna
571 1350 85 21 komma
671 1352 32 20 att
717 1351 7 21 i
740 1348 54 24 sista
806 1351 58 22 hand
878 1351 85 27 afgöras
979 1352 8 21 i

165 1376 104 21 förstärkt
291 1377 90 20 utskott.
411 1376 95 22 Motiven
525 1378 33 19 till
580 1378 62 20 detta
663 1378 80 27 förslag
762 1379 48 21 från
824 1380 109 21 utskottet
949 1382 37 18 äro

164 1404 83 26 ganska
263 1404 178 26 genomskinliga;
457 1410 49 15 man
521 1404 39 21 har
574 1405 8 21 i
596 1405 164 23 Bondeståndet
774 1408 54 20 stött
843 1408 29 26 på
882 1409 32 20 ett
922 1410 63 19 ovän-

164 1432 49 22 tadt
227 1432 111 22 motstånd
352 1432 8 21 i
374 1431 75 28 frågan
464 1438 34 16 om
513 1432 176 28 vakansafgiften.
719 1434 50 22 Man
784 1435 70 23 skulle
868 1442 30 15 nu
908 1442 77 21 genom

165 1461 70 22 denna
258 1460 81 28 åtgärd,
365 1460 97 28 syftande
484 1461 33 21 till
529 1461 105 23 förstärkt
648 1463 91 27 utskott,
755 1464 72 22 kunna
841 1465 144 27 undertrycka

163 1489 175 23 Bondeståndets
353 1495 43 22 nog
412 1489 103 28 enhälligt
529 1490 97 22 uttalade
643 1491 55 28 åsigt
712 1492 96 28 ifrågan.
824 1493 81 28 Sjelfva
914 1494 69 22 denna

162 1519 81 26 metod,
266 1518 151 22 användandet
439 1518 22 22 af
482 1519 37 22 det
540 1519 118 23 förstärkta
672 1521 114 27 utskottet,
802 1524 24 20 är
839 1522 66 28 laglig
920 1523 7 21 i
943 1523 40 21 och

163 1547 33 22 för
220 1548 43 27 sig;
287 1554 34 16 om
344 1548 41 22 den
400 1547 7 22 i
423 1547 70 23 denna
507 1547 61 29 fråga
584 1550 24 20 är
622 1549 60 28 billig
698 1550 40 22 och
753 1550 75 28 skälig,
844 1552 38 22 det
897 1552 35 22 vill
945 1552 38 29 jag
