1064 1775
233 123 54 19 1506
509 124 38 16 Den
566 122 23 18 17
606 123 104 17 December.

203 186 76 22 allmän
295 185 125 27 värnepligt,
430 185 140 27 tillkännagaf
582 185 50 22 herr
646 185 206 21 Landtmarskalken
870 186 32 20 att
917 184 32 22 till
965 184 58 22 stån-

203 215 37 21 det
254 214 112 22 inkommit
381 214 106 21 särskilda
501 214 133 27 handlingar,
650 214 115 26 nemligen:
779 229 33 1 -----

270 244 33 20 En
318 242 112 22 skrifvelse
446 242 47 22 från
508 242 239 27 Bevillningsutskottet
762 242 49 21 med
819 241 204 27 tillkännagifvande

203 273 32 20 att
257 272 37 22 det
317 271 22 22 af
360 272 116 21 ständerna
490 272 100 21 nedsatta
605 271 115 21 förstärkta
737 271 240 26 Bevillningsutskottet
990 270 33 23 för

203 301 84 26 slutligt
309 300 115 27 afgörande
443 300 22 21 af
478 299 73 28 frågan
567 306 33 15 om
616 300 120 26 utgörande
751 299 22 22 af
786 301 60 20 extra
860 299 116 28 bevillning
990 299 34 22 för

201 329 80 22 vården
297 329 22 22 af
334 329 61 27 sjuke
411 329 40 22 och
467 329 75 22 sårade
557 329 7 21 i
580 336 28 14 nu
623 329 111 26 pågående
749 329 48 26 krig
811 329 49 21 med
876 331 25 19 46
918 330 70 21 röster
1003 329 23 21 af

202 361 27 19 60
245 358 139 22 oförändradt
399 358 96 27 godkänt
509 358 251 26 Bevillningsutskottets
776 357 136 22 betänkande
928 358 39 21 N:o
983 359 24 26 2;

270 387 87 22 Tvenne
372 387 198 27 protokollsutdrag
584 387 47 21 från
648 387 169 25 Presteståndet,
834 387 141 22 meddelande

269 418 33 19 att
317 416 87 21 ståndet
419 416 95 27 godkänt
529 416 181 21 Statsutskottets
726 415 297 28 sammanjemkningsförslag

203 445 7 21 i
233 445 114 27 anledning
369 444 22 22 af
408 445 78 27 nådiga
500 445 161 27 propositionen
677 445 111 27 angående
804 445 217 27 stämpelpappersaf-

217 474 63 26 iften
271 470 12 35 ;

203 481 13 20 s
269 504 33 20 att
322 502 86 21 ständet
423 502 35 21 vid
473 502 129 27 behandling
618 502 22 21 af
652 502 170 27 Ridderskapets
838 502 40 22 och
894 502 79 21 Adelns
989 502 31 21 in-

200 531 103 28 bjudning
326 533 33 19 att
380 531 8 21 i
402 531 69 22 likhet
485 531 49 22 med
549 531 118 22 sistnämda
682 531 64 22 stånd
762 531 91 22 anmoda
868 531 154 27 Lagutskottet

201 562 32 19 att
254 561 108 21 inkomma
376 560 48 21 med
440 561 98 26 yttrande
554 567 34 14 om
602 560 72 21 hvilka
688 560 125 27 paragrafer
827 561 7 20 i
850 560 171 27 Värnepligtsut-

201 589 93 22 skottets
317 589 137 21 betänkande
472 589 110 27 angående
598 589 77 21 allmän
690 589 130 27 värnepligts
836 589 111 22 införande
962 589 59 22 inne-

199 618 58 22 hålla
280 618 140 26 stadganden,
444 624 46 16 som
512 618 105 22 innefatta
632 618 284 27 grundlagsbestämningar,
932 618 89 22 beslutit

201 647 72 27 afböja
289 647 67 27 sagde
371 647 131 27 inbjudning,
512 647 136 21 alldenstund
660 647 41 21 den
710 646 22 22 af
738 647 158 27 Ridderskapet
904 647 40 21 och
952 647 69 22 Adeln

200 676 97 27 åsyftade
320 676 142 26 utredningen
484 676 78 27 ansågs
586 676 108 21 allaredan
716 676 7 21 i
745 676 199 22 tillfredsställande
967 676 54 27 grad

198 704 63 22 hafva
276 704 86 22 vunnits
378 711 75 21 genom
469 704 258 28 Värnepligtsutskottets
742 705 142 21 betänkande.

267 790 61 22 Ifrån:
348 790 242 22 Ständerhusutskottet
612 790 56 22 hade
690 791 70 27 ingått
778 797 26 16 en
820 791 110 22 skrifvelse
946 790 22 22 af
981 791 39 22 föl-

197 819 66 27 jande
277 819 103 22 innehåll:

369 887 40 22 Till
423 887 119 28 Höglofliga
556 887 154 28 Ridderskapet
725 889 36 21 och
776 888 74 22 Adeln.

268 933 71 22 Sedan
362 934 90 21 ständen
475 935 7 20 i
504 934 61 27 fräga
588 941 33 15 om
644 934 132 27 uppförande
796 934 23 22 af
832 936 32 21 ett
879 935 140 27 Ständerhus,

202 963 91 21 oansedt
315 963 120 22 utskottets
459 963 45 22 deri
527 963 41 22 den
591 965 26 20 20
641 963 97 22 sistlidne
757 964 126 27 September
898 963 122 28 föreslagna

199 991 209 28 sammanjemkning,
432 991 103 23 vidblifvit
558 992 46 21 sina
626 992 106 23 tillförene
747 993 81 21 fattade
844 993 124 27 skiljaktiga
983 993 36 22 be-

199 1021 44 21 slut
258 1023 57 19 samt
330 1021 90 21 sälunda
434 1021 7 20 i
456 1021 120 21 hufvudsak
584 1022 69 26 nägon
663 1021 184 28 samstämmighet
855 1022 92 21 ständen
955 1022 64 22 emel-

198 1049 35 22 lan
249 1049 46 22 icke
311 1049 91 27 vunnits,
419 1049 62 22 hafva
495 1050 29 27 pä
538 1050 126 27 inbjudning
679 1050 23 21 af
715 1050 163 22 Presteständet
886 1051 132 22 Ridderska-

197 1080 38 25 pet
257 1078 40 21 och
313 1078 68 21 Adeln
397 1079 41 20 den
455 1080 24 20 13
496 1079 86 26 dennes,
598 1079 182 26 Borgareständet
797 1079 40 22 den
854 1081 11 20 5
882 1080 80 21 dennes
977 1080 40 22 och

198 1107 163 22 Bondeständet
376 1107 40 21 den
432 1109 12 19 7
461 1107 79 22 dennes
556 1109 87 20 stannat
657 1108 7 21 i
680 1108 37 21 det
732 1108 232 22 öfverensstämmande
979 1109 37 21 be-

198 1136 44 21 slut
257 1137 32 20 att
304 1137 79 26 antaga
398 1137 32 20 ett
444 1136 23 21 af
479 1136 163 22 Presteständet
657 1137 41 21 den
714 1139 12 20 3
737 1137 77 22 dennes
823 1132 76 37 jemväl
908 1137 111 28 godkändt

198 1164 86 28 förslag,
300 1165 26 21 sä
340 1165 101 27 lydande:

268 1195 51 25 yätt,
336 1194 73 21 derest
424 1194 184 27 samstämmighet
622 1194 8 21 i
644 1194 74 28 frågan
734 1195 89 21 stånden
840 1196 91 21 emellan
946 1196 19 27 ej
975 1196 44 21 kan

197 1222 74 22 vinnas
295 1222 41 22 och
359 1223 88 21 ärendet
469 1223 6 21 i
490 1222 52 28 följd
558 1222 61 23 deraf
632 1224 96 21 kommer
743 1225 33 20 att
790 1226 51 25 taga
856 1224 99 28 uppskof,
972 1224 45 22 lan-

197 1251 48 21 dets
260 1251 115 27 höglofliga
390 1252 88 21 ständer

267 1280 22 27 a)
306 1280 45 22 dels
367 1282 49 20 utse
430 1280 34 22 för
478 1280 73 28 hvarje
566 1280 64 22 stånd
646 1281 36 21 två
696 1281 120 22 ledamöter
832 1282 39 21 och
886 1282 44 22 lika
940 1282 78 27 många

197 1309 139 26 suppleanter
357 1309 7 20 i
386 1315 26 15 en
436 1310 128 25 delegation,
587 1310 85 20 hvilken
695 1310 70 21 blefve
779 1311 143 26 bemyndigad
937 1313 33 19 att
985 1312 33 20 till

196 1338 63 20 nästa
275 1336 147 22 ständermöte
436 1337 73 21 vidare
524 1337 80 21 bereda
619 1337 89 22 ärendet
723 1340 57 19 samt
793 1338 8 22 i
816 1338 79 22 sådant
909 1338 107 27 afseende,

197 1364 54 22 efter
273 1364 130 28 föregången
426 1365 76 21 allmän
526 1365 71 27 täflan,
621 1366 97 21 anskaffa
739 1366 126 28 fullständig
883 1367 80 27 ritning
977 1368 40 21 och

195 1393 185 28 kostnadsförslag
396 1394 31 21 till
443 1396 32 18 ett
489 1394 7 21 i
512 1394 103 22 närheten
631 1394 23 22 af
667 1395 145 22 Riddarhuset
826 1396 112 27 placeradt
954 1396 62 22 Stän-

197 1422 77 22 derhus
290 1423 49 21 med
355 1423 179 27 ändamålsenliga
549 1423 82 22 lokaler
646 1423 32 22 för
694 1424 26 22 de
731 1426 33 20 tre
773 1424 77 23 ofrälse
860 1425 91 22 stånden
963 1427 54 20 samt

197 1452 106 21 särskilda
325 1452 82 21 lokaler
428 1451 33 22 för
476 1452 126 22 ständernas
619 1458 157 21 gemensamma
791 1454 70 26 behof,
877 1454 86 22 hvilken
978 1454 38 22 rit-

195 1480 50 27 ning
260 1480 40 22 och
315 1480 82 22 hvilket
411 1479 81 29 förslag
507 1481 52 22 böra
574 1482 250 23 nästsammanträdande
840 1483 88 22 ständer
943 1483 23 22 af
980 1483 37 22 de-

195 1509 121 28 legationen
331 1509 131 28 föreläggas;
479 1512 55 20 samt

264 1539 23 27 b)
304 1538 46 22 dels
374 1539 90 27 besluta,
488 1541 32 20 att
542 1539 120 23 kostnaden
676 1539 33 24 för
724 1541 138 23 anskaffande
878 1541 22 22 af
913 1541 103 28 ritningar
