1064 1748
360 101 39 18 Den
417 100 24 18 19
458 101 105 18 December.
784 100 53 20 1549

51 165 34 21 tet
108 164 53 22 böra
182 163 80 23 föreslå
285 165 71 21 såsom
377 165 36 22 det
429 164 40 23 här
483 165 74 28 gjorts.
587 164 38 23 Att
639 165 126 22 kommande
781 165 89 23 ständer

51 193 48 22 icke
123 193 91 22 behöfva
237 199 51 16 anse
311 194 32 27 sig
365 193 86 23 bundna
474 195 32 20 att
529 194 137 27 ovilkorligen
685 195 73 21 anvisa
773 194 27 23 de
816 195 53 22 sista

50 223 119 26 penningar
184 228 45 16 som
245 222 32 21 för
293 223 69 21 denna
371 223 89 27 jernväg
469 223 72 22 kunna
550 222 101 23 behöfvas
660 223 54 22 ifrån
721 223 147 22 kommunika-

51 251 143 26 tionsfonden,
211 251 61 21 torde
287 258 50 15 vara
352 251 101 27 temligen
468 251 83 28 tydligt,
567 251 70 22 såvidt
653 251 81 22 sådana
748 252 119 22 förändrin-

50 286 38 21 gar
111 279 67 23 också
199 279 137 22 härförinnan
355 287 45 14 mer
415 282 27 19 än
458 287 27 14 en
499 280 56 27 gång
571 279 68 22 blifvit
654 280 101 28 vidtagne
771 281 40 22 och
827 281 41 21 den

49 309 67 21 saken
139 309 6 21 i
169 309 24 21 så
215 309 67 21 måtto
305 309 48 21 icke
372 315 62 21 synes
449 309 44 27 mig
508 315 51 16 vara
573 308 22 22 af
608 309 106 27 väsentlig
728 310 51 26 vigt,
795 311 22 25 ty
833 315 34 16 om

51 337 36 22 det
102 337 31 22 till
147 337 253 28 jernvägsbyggnaderna
415 337 69 22 skulle
500 337 104 22 erfordras
621 339 56 20 ännu
691 338 66 27 några
769 338 98 27 miljoner

49 367 67 25 mark,
132 366 25 21 så
172 369 24 18 är
212 366 37 21 det
264 366 106 28 sjelffallet
385 368 32 19 att
433 366 115 22 ständerna
562 367 72 20 kunna
649 367 74 21 anvisa
739 367 48 21 dem
797 367 69 22 antin-

49 402 41 20 gen
104 395 28 28 på
147 395 273 22 kommunikationsfonden
436 395 52 22 eller
503 396 69 27 någon
588 401 69 16 annan
671 395 57 22 fond.

116 423 55 23 Herr
187 423 151 25 Schauman,
354 424 93 27 August:
470 424 57 21 Herr
541 430 40 16 von
597 423 86 22 Alfthan
698 425 39 20 har
753 425 72 21 nämnt
834 426 32 20 att

47 453 160 27 Ridderskapet
230 453 39 21 och
292 453 69 22 Adeln
384 453 65 22 också
471 453 38 21 har
531 453 87 28 beviljat
641 453 41 21 den
704 453 162 27 ifrågavarande

48 488 95 15 summan
159 481 23 22 af
195 483 127 25 20,750,000
338 482 65 21 mark.
434 482 67 21 Detta
515 482 63 21 beror
593 482 27 27 på
636 487 26 16 en
677 482 188 28 missuppfattning

48 511 51 22 eller
114 511 136 27 missläsning
265 511 40 21 hos
320 511 49 22 herr
384 517 41 15 von
440 510 94 27 Alfthan,
550 513 22 25 ty
583 511 157 27 Ridderskapet
749 511 39 22 och
796 511 69 22 Adeln

46 540 40 22 har
101 539 143 27 uttryckligen
259 540 48 21 icke
322 539 89 28 beviljat
425 545 58 16 mera
499 542 26 19 än
542 541 25 20 15
583 539 103 27 miljoner,
703 541 52 20 utan
770 540 39 21 har
817 540 47 27 tyd-

46 569 40 27 ligt
100 569 119 27 hänskjutit
234 569 31 20 till
282 570 63 20 nästa
359 568 104 27 landtdag
478 570 32 20 att
525 568 78 27 afgöra,
619 568 104 22 huruvida
739 568 125 23 äterstoden

48 598 23 21 af
84 599 41 20 den
140 597 107 28 behöfliga
263 604 96 15 summan
375 598 34 21 mä
424 603 77 21 genom
515 598 36 20 län
567 596 113 27 anskaffas,
697 597 52 22 eller
757 600 27 19 än
791 597 73 22 vidare

46 627 13 21 å
74 626 274 22 kommunikationsfonden
363 627 90 21 anvisas.
483 627 103 21 Deremot
601 628 23 19 är
639 626 174 22 Presteständets
827 627 36 22 be-

45 656 44 21 slut
111 657 32 20 ett
165 655 107 27 dragande
296 655 22 22 af
341 655 92 22 förskott
454 655 29 27 pä
507 655 284 22 kommunikationsfondens
821 655 42 22 till-

46 685 80 26 gängar
141 684 67 22 under
223 684 176 21 nästkommande
412 683 160 28 femärsperiod,
589 683 40 22 och
645 683 50 22 dess
711 684 72 22 beslut
791 683 69 23 skulle

45 713 84 22 säledes
144 713 86 22 komma
245 714 31 20 att
291 713 66 30 binda
371 713 126 22 kommande
511 713 109 26 landtdag.

112 742 55 21 Herr
182 741 141 22 Molander:
344 741 66 22 Äfven
423 742 36 27 jag
475 741 32 22 för
522 741 41 22 min
580 741 34 22 del
630 741 69 22 skulle
715 741 106 28 tillstyrka
829 743 34 20 att

44 771 158 26 Ridderskapet
225 771 39 20 och
282 770 68 22 Adeln
368 771 67 21 mätte
451 770 100 22 vidblifva
569 770 38 21 sitt
622 769 57 22 förut
694 769 81 23 fattade
791 770 72 22 beslut

43 801 29 26 pä
95 799 26 22 de
137 799 47 22 skäl
200 805 45 16 som
261 799 22 21 af
297 799 105 22 särskilda
417 799 128 27 föregående
561 799 68 22 talare
646 798 67 22 blifvit
728 799 133 28 framhällna,

44 829 40 22 och
99 829 48 22 med
162 828 83 22 hvilkas
261 828 138 27 upprepande
412 828 37 27 jag
464 828 48 21 icke
527 828 35 21 vill
577 828 101 25 borttaga
693 827 65 23 tiden.

111 857 56 23 Herr
189 864 41 16 von
251 857 169 27 Willebrand,
441 857 67 21 Felix:
538 857 42 27 Jag
595 856 39 22 ber
648 856 22 22 få
684 856 74 23 förena
773 857 43 28 mig
830 858 31 21 uti

44 888 37 21 det
103 887 22 22 af
146 887 49 21 herr
213 886 108 22 Snellman
337 886 74 28 gjorda
426 886 98 27 yttrande
540 892 33 16 om
590 885 37 22 det
641 885 132 22 irrationella
787 888 32 20 att
834 887 28 27 pä

43 923 27 15 en
85 916 56 27 gäng
157 917 105 21 uttömma
277 916 42 21 alla
334 915 114 27 tillgängar
463 914 32 22 för
511 915 94 26 arbeten,
621 914 90 23 afsedda
725 914 33 22 för
773 915 24 22 sä
811 915 50 27 läng

42 945 92 21 framtid.
164 945 43 21 Det
228 951 37 15 var
287 944 67 22 redan
376 944 67 22 under
459 946 86 20 senaste
560 943 103 27 landtdag
677 942 33 23 för
724 944 43 26 mig
782 945 79 26 upprö-

41 974 66 22 rande
123 975 32 21 att
169 972 22 23 få
205 973 35 22 vid
254 973 73 28 frågan
343 979 34 15 om
395 972 74 28 anslag
484 972 33 22 för
525 974 32 20 ett
571 972 25 22 sä
610 972 76 27 vigtigt
701 973 99 21 ändamål
815 979 46 16 som

42 1003 115 27 tidsenliga
173 1003 105 22 anstalter
293 1002 33 22 för
340 1002 147 27 sinnessjukes
502 1002 58 26 värd,
577 1001 32 22 till
624 1008 57 15 svar:
691 1002 36 21 det
734 1001 68 23 finnes
810 1002 50 27 inga

42 1032 113 28 tillgångar
177 1038 54 20 mer;
253 1032 26 22 de
295 1034 36 19 äro
347 1031 42 22 alla
404 1030 120 22 öfverförda
538 1031 28 27 pä
581 1030 278 23 kommunikationsfonden.

41 1062 50 21 Man
107 1061 56 21 hade
177 1060 106 27 nemligen
299 1061 27 21 dä
341 1061 56 27 gjort
412 1059 227 23 öfverenskommelser
654 1059 39 21 och
704 1060 114 22 bearbetat
825 1066 34 16 sa-

41 1091 43 21 ken
99 1090 80 22 derhän
195 1091 33 20 att
242 1090 201 26 representanterne
459 1088 46 22 frän
520 1095 49 15 norr
585 1088 40 22 och
637 1088 63 22 söder
708 1089 151 22 sammanslöto

43 1120 33 26 sig
92 1121 32 19 att
140 1118 66 22 draga
221 1118 32 22 till
268 1117 274 23 kommunikationsfonden
557 1117 42 22 alla
615 1117 120 27 disponibla
748 1117 112 28 tillgängar

41 1148 34 22 för
90 1150 33 20 att
137 1147 22 22 fä
191 1148 27 21 Äbo
233 1147 71 22 banan
321 1147 31 21 till
367 1147 70 21 ständ.
467 1146 34 22 Nu
517 1149 23 19 är
556 1146 48 22 Gud
620 1146 38 21 ske
669 1146 31 22 lof
706 1146 70 22 denna
783 1146 76 29 färdig,

42 1183 48 16 men
112 1176 36 22 vid
169 1176 122 22 nuvarande
306 1176 103 26 landtdag
424 1175 61 28 följes
508 1176 49 27 igen
579 1175 88 22 alldeles
683 1181 80 16 samma
777 1176 82 27 princip

43 1208 32 20 att
97 1205 67 23 samla
183 1205 33 22 till
230 1204 273 23 kommunikationsfonden
518 1204 43 27 allt,
570 1204 49 22 med
634 1204 189 22 tillbakasättande
839 1205 22 21 af

41 1235 68 23 andra
131 1234 82 28 vigtiga
235 1233 70 23 behof.
336 1234 102 27 Anslaget
460 1233 32 22 för
515 1233 144 28 sinnessjukes
675 1233 52 22 värd
742 1233 40 22 har
797 1233 62 22 äfven

41 1264 36 22 vid
93 1264 69 21 denna
176 1263 104 27 landtdag
295 1262 68 23 blifvit
378 1263 109 22 bestämdt
502 1262 31 21 till
549 1262 24 22 sä
589 1262 119 27 obetydligt
722 1262 84 27 belopp,
826 1264 33 20 att

41 1293 55 22 intet
117 1293 122 27 verkeligen
261 1291 198 22 tillfredsställande
475 1290 32 23 för
521 1291 106 26 företaget
643 1290 88 22 dermed
746 1291 62 22 torde
823 1291 36 22 stä

41 1324 32 20 att
95 1323 89 25 uträtta,
208 1321 38 22 allt
268 1320 33 22 för
316 1322 32 20 att
363 1320 72 22 kunna
449 1320 117 27 behörigen
581 1319 67 22 samla
663 1319 32 21 till
710 1319 147 22 kommunika-

41 1350 142 23 tionsfonden.
213 1349 50 22 Man
285 1349 40 22 har
347 1349 33 21 väl
401 1349 130 26 ädelmodigt
545 1348 95 22 beslutat
654 1347 91 28 uppföra
760 1355 26 14 en
802 1350 55 20 stor-

42 1379 61 21 artad
119 1378 80 21 anstalt
213 1378 33 21 för
261 1377 80 21 värden
357 1377 22 21 af
393 1377 176 26 etthundratjugu
585 1377 135 26 sinnessjuke
736 1377 40 20 och
787 1376 70 22 dertill

41 1407 23 22 af
85 1405 247 28 upptagningsanstalter
354 1405 35 22 vid
411 1405 167 27 länesjukhusen
601 1404 32 21 för
657 1406 26 19 20
704 1404 66 21 akuta
787 1404 69 27 sjuka,

41 1442 48 16 men
111 1435 92 27 anslagit
225 1434 70 22 dertill
315 1435 90 25 900,000
420 1434 67 21 mark.
516 1433 62 22 Hvad
592 1433 43 21 kan
649 1439 50 15 man
713 1433 8 21 i
735 1433 51 22 vära
801 1433 56 22 tider

41 1465 81 22 uträtta
141 1464 49 22 med
209 1465 91 25 900,000
316 1463 60 22 mark
389 1463 32 22 för
436 1462 123 22 utförandet
574 1461 23 22 af
611 1463 32 20 ett
658 1461 77 22 sädant
749 1467 106 22 program.

41 1494 61 23 Hade
125 1493 97 22 deremot
245 1493 36 21 det
303 1493 81 26 system
405 1490 69 23 blifvit
495 1491 63 27 följdt
577 1492 32 21 att
624 1490 56 22 inom
695 1490 58 23 vissa
768 1493 88 25 gränser

41 1523 109 28 upptagits
167 1521 177 28 amorteringslän
359 1521 72 22 såsom
446 1520 97 22 öfverallt
558 1526 50 21 eger
623 1526 52 21 rum,
691 1519 26 22 sä
731 1519 69 24 skulle
808 1521 48 22 icke
