<?xml version="1.0" encoding="UTF-8"?>
<alto xmlns="http://www.loc.gov/standards/alto/ns-v3#" xmlns:xlink="http://www.w3.org/1999/xlink" xmlns:xsi="http://www.w3.org/2001/XMLSchema-instance" xsi:schemaLocation="http://www.loc.gov/standards/alto/ns-v3# http://www.loc.gov/alto/v3/alto-3-0.xsd">
	<Description>
		<MeasurementUnit>pixel</MeasurementUnit>
		<sourceImageInformation>
			<fileName>/tmp/tess_hjfxyq6q_input.PNG</fileName>
		</sourceImageInformation>
		<OCRProcessing ID="OCR_0">
			<ocrProcessingStep>
				<processingSoftware>
					<softwareName>tesseract 5.3.4</softwareName>
				</processingSoftware>
			</ocrProcessingStep>
		</OCRProcessing>
	</Description>
	<Layout>
		<Page WIDTH="1061" HEIGHT="1800" PHYSICAL_IMG_NR="0" ID="page_0">
			<PrintSpace HPOS="0" VPOS="0" WIDTH="1061" HEIGHT="1800">
				<ComposedBlock ID="cblock_0" HPOS="382" VPOS="141" WIDTH="457" HEIGHT="20">
					<TextBlock ID="block_0" HPOS="382" VPOS="141" WIDTH="457" HEIGHT="20">
						<TextLine ID="line_0" HPOS="382" VPOS="141" WIDTH="457" HEIGHT="20">
							<String ID="string_0" HPOS="382" VPOS="143" WIDTH="39" HEIGHT="18" WC="0.96" CONTENT="Den"/><SP WIDTH="16" VPOS="143" HPOS="421"/>
							<String ID="string_1" HPOS="437" VPOS="141" WIDTH="12" HEIGHT="20" WC="0.93" CONTENT="9"/><SP WIDTH="16" VPOS="141" HPOS="449"/>
							<String ID="string_2" HPOS="465" VPOS="143" WIDTH="79" HEIGHT="17" WC="0.91" CONTENT="Jannari."/><SP WIDTH="242" VPOS="143" HPOS="544"/>
							<String ID="string_3" HPOS="786" VPOS="141" WIDTH="53" HEIGHT="20" WC="0.96" CONTENT="1703"/>
						</TextLine>
					</TextBlock>
				</ComposedBlock>
				<ComposedBlock ID="cblock_1" HPOS="52" VPOS="204" WIDTH="831" HEIGHT="1382">
					<TextBlock ID="block_1" HPOS="52" VPOS="204" WIDTH="828" HEIGHT="945">
						<TextLine ID="line_1" HPOS="53" VPOS="204" WIDTH="819" HEIGHT="29">
							<String ID="string_4" HPOS="53" VPOS="204" WIDTH="154" HEIGHT="28" WC="0.96" CONTENT="undervisning"/><SP WIDTH="14" VPOS="204" HPOS="207"/>
							<String ID="string_5" HPOS="221" VPOS="205" WIDTH="7" HEIGHT="21" WC="0.96" CONTENT="i"/><SP WIDTH="15" VPOS="205" HPOS="228"/>
							<String ID="string_6" HPOS="243" VPOS="205" WIDTH="41" HEIGHT="22" WC="0.93" CONTENT="den"/><SP WIDTH="15" VPOS="205" HPOS="284"/>
							<String ID="string_7" HPOS="299" VPOS="205" WIDTH="77" HEIGHT="28" WC="0.93" CONTENT="kyrkas"/><SP WIDTH="15" VPOS="205" HPOS="376"/>
							<String ID="string_8" HPOS="391" VPOS="206" WIDTH="46" HEIGHT="22" WC="0.92" CONTENT="lära"/><SP WIDTH="14" VPOS="206" HPOS="437"/>
							<String ID="string_9" HPOS="451" VPOS="206" WIDTH="84" HEIGHT="22" WC="0.92" CONTENT="hvilken"/><SP WIDTH="15" VPOS="206" HPOS="535"/>
							<String ID="string_10" HPOS="550" VPOS="206" WIDTH="41" HEIGHT="22" WC="0.96" CONTENT="han"/><SP WIDTH="22" VPOS="206" HPOS="591"/>
							<String ID="string_11" HPOS="613" VPOS="206" WIDTH="37" HEIGHT="22" WC="0.93" CONTENT="vill"/><SP WIDTH="15" VPOS="206" HPOS="650"/>
							<String ID="string_12" HPOS="665" VPOS="204" WIDTH="121" HEIGHT="28" WC="0.91" CONTENT="öfvergifva."/><SP WIDTH="29" VPOS="204" HPOS="786"/>
							<String ID="string_13" HPOS="815" VPOS="205" WIDTH="57" HEIGHT="22" WC="0.96" CONTENT="Herr"/>
						</TextLine>
						<TextLine ID="line_2" HPOS="53" VPOS="234" WIDTH="818" HEIGHT="27">
							<String ID="string_14" HPOS="53" VPOS="234" WIDTH="148" HEIGHT="27" WC="0.96" CONTENT="Montgomery"/><SP WIDTH="15" VPOS="234" HPOS="201"/>
							<String ID="string_15" HPOS="216" VPOS="234" WIDTH="38" HEIGHT="21" WC="0.93" CONTENT="har"/><SP WIDTH="15" VPOS="234" HPOS="254"/>
							<String ID="string_16" HPOS="269" VPOS="234" WIDTH="84" HEIGHT="22" WC="0.96" CONTENT="befarat"/><SP WIDTH="14" VPOS="234" HPOS="353"/>
							<String ID="string_17" HPOS="367" VPOS="236" WIDTH="33" HEIGHT="20" WC="0.96" CONTENT="att"/><SP WIDTH="15" VPOS="236" HPOS="400"/>
							<String ID="string_18" HPOS="415" VPOS="235" WIDTH="60" HEIGHT="21" WC="0.90" CONTENT="detta"/><SP WIDTH="15" VPOS="235" HPOS="475"/>
							<String ID="string_19" HPOS="490" VPOS="236" WIDTH="92" HEIGHT="20" WC="0.96" CONTENT="moment"/><SP WIDTH="16" VPOS="236" HPOS="582"/>
							<String ID="string_20" HPOS="598" VPOS="234" WIDTH="68" HEIGHT="22" WC="0.34" CONTENT="skulle"/><SP WIDTH="9" VPOS="234" HPOS="666"/>
							<String ID="string_21" HPOS="675" VPOS="234" WIDTH="23" HEIGHT="21" WC="0.34" CONTENT="af"/><SP WIDTH="12" VPOS="234" HPOS="698"/>
							<String ID="string_22" HPOS="710" VPOS="234" WIDTH="161" HEIGHT="21" WC="0.95" CONTENT="vederbörande"/>
						</TextLine>
						<TextLine ID="line_3" HPOS="52" VPOS="262" WIDTH="819" HEIGHT="28">
							<String ID="string_23" HPOS="52" VPOS="262" WIDTH="137" HEIGHT="27" WC="0.91" CONTENT="presterskap"/><SP WIDTH="16" VPOS="262" HPOS="189"/>
							<String ID="string_24" HPOS="205" VPOS="262" WIDTH="70" HEIGHT="22" WC="0.92" CONTENT="tolkas"/><SP WIDTH="16" VPOS="262" HPOS="275"/>
							<String ID="string_25" HPOS="291" VPOS="262" WIDTH="30" HEIGHT="27" WC="0.96" CONTENT="sä,"/><SP WIDTH="17" VPOS="262" HPOS="321"/>
							<String ID="string_26" HPOS="338" VPOS="264" WIDTH="32" HEIGHT="20" WC="0.96" CONTENT="att"/><SP WIDTH="15" VPOS="264" HPOS="370"/>
							<String ID="string_27" HPOS="385" VPOS="269" WIDTH="86" HEIGHT="21" WC="0.96" CONTENT="person,"/><SP WIDTH="16" VPOS="269" HPOS="471"/>
							<String ID="string_28" HPOS="487" VPOS="269" WIDTH="44" HEIGHT="15" WC="0.92" CONTENT="som"/><SP WIDTH="17" VPOS="269" HPOS="531"/>
							<String ID="string_29" HPOS="548" VPOS="262" WIDTH="87" HEIGHT="28" WC="0.92" CONTENT="ätnjutit"/><SP WIDTH="22" VPOS="262" HPOS="635"/>
							<String ID="string_30" HPOS="657" VPOS="262" WIDTH="151" HEIGHT="26" WC="0.96" CONTENT="undervisning"/><SP WIDTH="22" VPOS="262" HPOS="808"/>
							<String ID="string_31" HPOS="830" VPOS="262" WIDTH="41" HEIGHT="21" WC="0.96" CONTENT="och"/>
						</TextLine>
						<TextLine ID="line_4" HPOS="52" VPOS="290" WIDTH="818" HEIGHT="29">
							<String ID="string_32" HPOS="52" VPOS="290" WIDTH="48" HEIGHT="22" WC="0.96" CONTENT="icke"/><SP WIDTH="14" VPOS="290" HPOS="100"/>
							<String ID="string_33" HPOS="114" VPOS="290" WIDTH="58" HEIGHT="22" WC="0.96" CONTENT="visar"/><SP WIDTH="14" VPOS="290" HPOS="172"/>
							<String ID="string_34" HPOS="186" VPOS="291" WIDTH="34" HEIGHT="26" WC="0.93" CONTENT="sig"/><SP WIDTH="14" VPOS="291" HPOS="220"/>
							<String ID="string_35" HPOS="234" VPOS="290" WIDTH="128" HEIGHT="28" WC="0.93" CONTENT="fullkomligt"/><SP WIDTH="15" VPOS="290" HPOS="362"/>
							<String ID="string_36" HPOS="377" VPOS="291" WIDTH="124" HEIGHT="28" WC="0.92" CONTENT="öfvertygad"/><SP WIDTH="16" VPOS="291" HPOS="501"/>
							<String ID="string_37" HPOS="517" VPOS="298" WIDTH="33" HEIGHT="14" WC="0.93" CONTENT="om"/><SP WIDTH="15" VPOS="298" HPOS="550"/>
							<String ID="string_38" HPOS="565" VPOS="291" WIDTH="112" HEIGHT="21" WC="0.93" CONTENT="lutherska"/><SP WIDTH="14" VPOS="291" HPOS="677"/>
							<String ID="string_39" HPOS="691" VPOS="291" WIDTH="71" HEIGHT="21" WC="0.92" CONTENT="lärans"/><SP WIDTH="12" VPOS="291" HPOS="762"/>
							<String ID="string_40" HPOS="774" VPOS="291" WIDTH="96" HEIGHT="26" WC="0.96" CONTENT="sanning,"/>
						</TextLine>
						<TextLine ID="line_5" HPOS="52" VPOS="319" WIDTH="820" HEIGHT="28">
							<String ID="string_41" HPOS="52" VPOS="319" WIDTH="69" HEIGHT="21" WC="0.96" CONTENT="måste"/><SP WIDTH="14" VPOS="319" HPOS="121"/>
							<String ID="string_42" HPOS="135" VPOS="319" WIDTH="112" HEIGHT="21" WC="0.96" CONTENT="betraktas"/><SP WIDTH="15" VPOS="319" HPOS="247"/>
							<String ID="string_43" HPOS="262" VPOS="320" WIDTH="71" HEIGHT="21" WC="0.96" CONTENT="såsom"/><SP WIDTH="16" VPOS="320" HPOS="333"/>
							<String ID="string_44" HPOS="349" VPOS="320" WIDTH="46" HEIGHT="22" WC="0.93" CONTENT="icke"/><SP WIDTH="16" VPOS="320" HPOS="395"/>
							<String ID="string_45" HPOS="411" VPOS="320" WIDTH="154" HEIGHT="22" WC="0.91" CONTENT="innehafvande"/><SP WIDTH="15" VPOS="320" HPOS="565"/>
							<String ID="string_46" HPOS="580" VPOS="319" WIDTH="115" HEIGHT="27" WC="0.93" CONTENT="tillräcklig"/><SP WIDTH="14" VPOS="319" HPOS="695"/>
							<String ID="string_47" HPOS="709" VPOS="319" WIDTH="71" HEIGHT="28" WC="0.88" CONTENT="insigt."/><SP WIDTH="25" VPOS="319" HPOS="780"/>
							<String ID="string_48" HPOS="805" VPOS="319" WIDTH="67" HEIGHT="21" WC="0.96" CONTENT="Detta"/>
						</TextLine>
						<TextLine ID="line_6" HPOS="53" VPOS="347" WIDTH="819" HEIGHT="29">
							<String ID="string_49" HPOS="53" VPOS="354" WIDTH="50" HEIGHT="15" WC="0.96" CONTENT="vore"/><SP WIDTH="16" VPOS="354" HPOS="103"/>
							<String ID="string_50" HPOS="119" VPOS="347" WIDTH="55" HEIGHT="22" WC="0.96" CONTENT="dock"/><SP WIDTH="15" VPOS="347" HPOS="174"/>
							<String ID="string_51" HPOS="189" VPOS="354" WIDTH="25" HEIGHT="16" WC="0.93" CONTENT="en"/><SP WIDTH="21" VPOS="354" HPOS="214"/>
							<String ID="string_52" HPOS="235" VPOS="348" WIDTH="101" HEIGHT="27" WC="0.91" CONTENT="temligen"/><SP WIDTH="21" VPOS="348" HPOS="336"/>
							<String ID="string_53" HPOS="357" VPOS="349" WIDTH="96" HEIGHT="27" WC="0.96" CONTENT="påtaglig"/><SP WIDTH="22" VPOS="349" HPOS="453"/>
							<String ID="string_54" HPOS="475" VPOS="348" WIDTH="149" HEIGHT="27" WC="0.96" CONTENT="förvrängning"/><SP WIDTH="22" VPOS="348" HPOS="624"/>
							<String ID="string_55" HPOS="646" VPOS="348" WIDTH="23" HEIGHT="21" WC="0.93" CONTENT="af"/><SP WIDTH="19" VPOS="348" HPOS="669"/>
							<String ID="string_56" HPOS="688" VPOS="348" WIDTH="138" HEIGHT="27" WC="0.90" CONTENT="paragrafens"/><SP WIDTH="15" VPOS="348" HPOS="826"/>
							<String ID="string_57" HPOS="841" VPOS="348" WIDTH="31" HEIGHT="26" WC="0.92" CONTENT="ly-"/>
						</TextLine>
						<TextLine ID="line_7" HPOS="53" VPOS="376" WIDTH="820" HEIGHT="28">
							<String ID="string_58" HPOS="53" VPOS="376" WIDTH="66" HEIGHT="22" WC="0.90" CONTENT="delse."/><SP WIDTH="30" VPOS="376" HPOS="119"/>
							<String ID="string_59" HPOS="149" VPOS="377" WIDTH="42" HEIGHT="26" WC="0.95" CONTENT="Jag"/><SP WIDTH="14" VPOS="377" HPOS="191"/>
							<String ID="string_60" HPOS="205" VPOS="378" WIDTH="36" HEIGHT="20" WC="0.96" CONTENT="vet"/><SP WIDTH="14" VPOS="378" HPOS="241"/>
							<String ID="string_61" HPOS="255" VPOS="377" WIDTH="54" HEIGHT="26" WC="0.95" CONTENT="icke,"/><SP WIDTH="22" VPOS="377" HPOS="309"/>
							<String ID="string_62" HPOS="331" VPOS="384" WIDTH="32" HEIGHT="14" WC="0.96" CONTENT="om"/><SP WIDTH="23" VPOS="384" HPOS="363"/>
							<String ID="string_63" HPOS="386" VPOS="384" WIDTH="49" HEIGHT="15" WC="0.95" CONTENT="man"/><SP WIDTH="24" VPOS="384" HPOS="435"/>
							<String ID="string_64" HPOS="459" VPOS="379" WIDTH="24" HEIGHT="19" WC="0.95" CONTENT="är"/><SP WIDTH="21" VPOS="379" HPOS="483"/>
							<String ID="string_65" HPOS="504" VPOS="377" WIDTH="122" HEIGHT="27" WC="0.95" CONTENT="berättigad"/><SP WIDTH="23" VPOS="377" HPOS="626"/>
							<String ID="string_66" HPOS="649" VPOS="378" WIDTH="32" HEIGHT="20" WC="0.96" CONTENT="att"/><SP WIDTH="21" VPOS="378" HPOS="681"/>
							<String ID="string_67" HPOS="702" VPOS="376" WIDTH="116" HEIGHT="22" WC="0.96" CONTENT="förutsätta"/><SP WIDTH="22" VPOS="376" HPOS="818"/>
							<String ID="string_68" HPOS="840" VPOS="378" WIDTH="33" HEIGHT="20" WC="0.96" CONTENT="att"/>
						</TextLine>
						<TextLine ID="line_8" HPOS="53" VPOS="405" WIDTH="819" HEIGHT="28">
							<String ID="string_69" HPOS="53" VPOS="405" WIDTH="69" HEIGHT="21" WC="0.96" CONTENT="denna"/><SP WIDTH="15" VPOS="405" HPOS="122"/>
							<String ID="string_70" HPOS="137" VPOS="405" WIDTH="101" HEIGHT="27" WC="0.96" CONTENT="paragraf"/><SP WIDTH="13" VPOS="405" HPOS="238"/>
							<String ID="string_71" HPOS="251" VPOS="406" WIDTH="7" HEIGHT="21" WC="0.96" CONTENT="i"/><SP WIDTH="15" VPOS="406" HPOS="258"/>
							<String ID="string_72" HPOS="273" VPOS="406" WIDTH="33" HEIGHT="21" WC="0.96" CONTENT="sin"/><SP WIDTH="15" VPOS="406" HPOS="306"/>
							<String ID="string_73" HPOS="321" VPOS="406" WIDTH="133" HEIGHT="27" WC="0.96" CONTENT="tillämpning"/><SP WIDTH="15" VPOS="406" HPOS="454"/>
							<String ID="string_74" HPOS="469" VPOS="406" WIDTH="54" HEIGHT="22" WC="0.95" CONTENT="skall"/><SP WIDTH="17" VPOS="406" HPOS="523"/>
							<String ID="string_75" HPOS="540" VPOS="406" WIDTH="85" HEIGHT="22" WC="0.96" CONTENT="komma"/><SP WIDTH="22" VPOS="406" HPOS="625"/>
							<String ID="string_76" HPOS="647" VPOS="407" WIDTH="32" HEIGHT="20" WC="0.93" CONTENT="att"/><SP WIDTH="21" VPOS="407" HPOS="679"/>
							<String ID="string_77" HPOS="700" VPOS="406" WIDTH="100" HEIGHT="21" WC="0.90" CONTENT="kränkas."/><SP WIDTH="30" VPOS="406" HPOS="800"/>
							<String ID="string_78" HPOS="830" VPOS="405" WIDTH="42" HEIGHT="26" WC="0.96" CONTENT="Jag"/>
						</TextLine>
						<TextLine ID="line_9" HPOS="54" VPOS="434" WIDTH="818" HEIGHT="29">
							<String ID="string_79" HPOS="54" VPOS="434" WIDTH="79" HEIGHT="27" WC="0.96" CONTENT="tycker,"/><SP WIDTH="18" VPOS="434" HPOS="133"/>
							<String ID="string_80" HPOS="151" VPOS="434" WIDTH="27" HEIGHT="22" WC="0.96" CONTENT="då"/><SP WIDTH="15" VPOS="434" HPOS="178"/>
							<String ID="string_81" HPOS="193" VPOS="434" WIDTH="38" HEIGHT="23" WC="0.96" CONTENT="det"/><SP WIDTH="14" VPOS="434" HPOS="231"/>
							<String ID="string_82" HPOS="245" VPOS="435" WIDTH="62" HEIGHT="22" WC="0.96" CONTENT="heter"/><SP WIDTH="15" VPOS="435" HPOS="307"/>
							<String ID="string_83" HPOS="322" VPOS="437" WIDTH="32" HEIGHT="20" WC="0.96" CONTENT="att"/><SP WIDTH="14" VPOS="437" HPOS="354"/>
							<String ID="string_84" HPOS="368" VPOS="435" WIDTH="43" HEIGHT="21" WC="0.96" CONTENT="han"/><SP WIDTH="14" VPOS="435" HPOS="411"/>
							<String ID="string_85" HPOS="425" VPOS="435" WIDTH="40" HEIGHT="22" WC="0.96" CONTENT="bör"/><SP WIDTH="16" VPOS="435" HPOS="465"/>
							<String ID="string_86" HPOS="481" VPOS="435" WIDTH="83" HEIGHT="28" WC="0.96" CONTENT="åtnjuta"/><SP WIDTH="14" VPOS="435" HPOS="564"/>
							<String ID="string_87" HPOS="578" VPOS="434" WIDTH="66" HEIGHT="23" WC="0.93" CONTENT="sådan"/><SP WIDTH="15" VPOS="434" HPOS="644"/>
							<String ID="string_88" HPOS="659" VPOS="434" WIDTH="213" HEIGHT="27" WC="0.92" CONTENT="religionsundervis-"/>
						</TextLine>
						<TextLine ID="line_10" HPOS="53" VPOS="463" WIDTH="819" HEIGHT="28">
							<String ID="string_89" HPOS="53" VPOS="463" WIDTH="56" HEIGHT="27" WC="0.95" CONTENT="ning,"/><SP WIDTH="10" VPOS="463" HPOS="109"/>
							<String ID="string_90" HPOS="119" VPOS="469" WIDTH="46" HEIGHT="16" WC="0.96" CONTENT="som"/><SP WIDTH="16" VPOS="469" HPOS="165"/>
							<String ID="string_91" HPOS="181" VPOS="463" WIDTH="105" HEIGHT="22" WC="0.95" CONTENT="erfordras"/><SP WIDTH="16" VPOS="463" HPOS="286"/>
							<String ID="string_92" HPOS="302" VPOS="463" WIDTH="33" HEIGHT="22" WC="0.96" CONTENT="för"/><SP WIDTH="14" VPOS="463" HPOS="335"/>
							<String ID="string_93" HPOS="349" VPOS="463" WIDTH="156" HEIGHT="27" WC="0.96" CONTENT="konfirmation,"/><SP WIDTH="16" VPOS="463" HPOS="505"/>
							<String ID="string_94" HPOS="521" VPOS="464" WIDTH="25" HEIGHT="21" WC="0.96" CONTENT="så"/><SP WIDTH="15" VPOS="464" HPOS="546"/>
							<String ID="string_95" HPOS="561" VPOS="466" WIDTH="23" HEIGHT="19" WC="0.96" CONTENT="är"/><SP WIDTH="16" VPOS="466" HPOS="584"/>
							<String ID="string_96" HPOS="600" VPOS="464" WIDTH="37" HEIGHT="21" WC="0.96" CONTENT="det"/><SP WIDTH="14" VPOS="464" HPOS="637"/>
							<String ID="string_97" HPOS="651" VPOS="463" WIDTH="78" HEIGHT="28" WC="0.96" CONTENT="tydligt"/><SP WIDTH="15" VPOS="463" HPOS="729"/>
							<String ID="string_98" HPOS="744" VPOS="465" WIDTH="32" HEIGHT="20" WC="0.96" CONTENT="att"/><SP WIDTH="12" VPOS="465" HPOS="776"/>
							<String ID="string_99" HPOS="788" VPOS="469" WIDTH="25" HEIGHT="16" WC="0.93" CONTENT="en"/><SP WIDTH="11" VPOS="469" HPOS="813"/>
							<String ID="string_100" HPOS="824" VPOS="469" WIDTH="48" HEIGHT="21" WC="0.92" CONTENT="per-"/>
						</TextLine>
						<TextLine ID="line_11" HPOS="53" VPOS="492" WIDTH="819" HEIGHT="27">
							<String ID="string_101" HPOS="53" VPOS="498" WIDTH="46" HEIGHT="20" WC="0.96" CONTENT="son,"/><SP WIDTH="16" VPOS="498" HPOS="99"/>
							<String ID="string_102" HPOS="115" VPOS="497" WIDTH="47" HEIGHT="16" WC="0.96" CONTENT="som"/><SP WIDTH="16" VPOS="497" HPOS="162"/>
							<String ID="string_103" HPOS="178" VPOS="493" WIDTH="125" HEIGHT="26" WC="0.93" CONTENT="genomgått"/><SP WIDTH="14" VPOS="493" HPOS="303"/>
							<String ID="string_104" HPOS="317" VPOS="493" WIDTH="129" HEIGHT="26" WC="0.90" CONTENT="skriftskola,"/><SP WIDTH="19" VPOS="493" HPOS="446"/>
							<String ID="string_105" HPOS="465" VPOS="493" WIDTH="84" HEIGHT="22" WC="0.96" CONTENT="hvilken"/><SP WIDTH="16" VPOS="493" HPOS="549"/>
							<String ID="string_106" HPOS="565" VPOS="493" WIDTH="119" HEIGHT="26" WC="0.96" CONTENT="berättigar"/><SP WIDTH="21" VPOS="493" HPOS="684"/>
							<String ID="string_107" HPOS="705" VPOS="492" WIDTH="33" HEIGHT="21" WC="0.92" CONTENT="till"/><SP WIDTH="22" VPOS="492" HPOS="738"/>
							<String ID="string_108" HPOS="760" VPOS="492" WIDTH="112" HEIGHT="21" WC="0.91" CONTENT="konfirma-"/>
						</TextLine>
						<TextLine ID="line_12" HPOS="54" VPOS="521" WIDTH="818" HEIGHT="28">
							<String ID="string_109" HPOS="54" VPOS="521" WIDTH="50" HEIGHT="26" WC="0.96" CONTENT="tion,"/><SP WIDTH="25" VPOS="521" HPOS="104"/>
							<String ID="string_110" HPOS="129" VPOS="521" WIDTH="66" HEIGHT="22" WC="0.96" CONTENT="också"/><SP WIDTH="22" VPOS="521" HPOS="195"/>
							<String ID="string_111" HPOS="217" VPOS="521" WIDTH="54" HEIGHT="22" WC="0.96" CONTENT="skall"/><SP WIDTH="22" VPOS="521" HPOS="271"/>
							<String ID="string_112" HPOS="293" VPOS="528" WIDTH="52" HEIGHT="15" WC="0.96" CONTENT="vara"/><SP WIDTH="19" VPOS="528" HPOS="345"/>
							<String ID="string_113" HPOS="364" VPOS="521" WIDTH="122" HEIGHT="28" WC="0.96" CONTENT="berättigad"/><SP WIDTH="23" VPOS="521" HPOS="486"/>
							<String ID="string_114" HPOS="509" VPOS="522" WIDTH="31" HEIGHT="21" WC="0.93" CONTENT="till"/><SP WIDTH="22" VPOS="522" HPOS="540"/>
							<String ID="string_115" HPOS="562" VPOS="521" WIDTH="122" HEIGHT="27" WC="0.91" CONTENT="öfvergång,"/><SP WIDTH="19" VPOS="521" HPOS="684"/>
							<String ID="string_116" HPOS="703" VPOS="523" WIDTH="53" HEIGHT="19" WC="0.96" CONTENT="utan"/><SP WIDTH="15" VPOS="523" HPOS="756"/>
							<String ID="string_117" HPOS="771" VPOS="521" WIDTH="101" HEIGHT="21" WC="0.96" CONTENT="afseende"/>
						</TextLine>
						<TextLine ID="line_13" HPOS="55" VPOS="549" WIDTH="819" HEIGHT="29">
							<String ID="string_118" HPOS="55" VPOS="550" WIDTH="71" HEIGHT="27" WC="0.91" CONTENT="derpå,"/><SP WIDTH="17" VPOS="550" HPOS="126"/>
							<String ID="string_119" HPOS="143" VPOS="556" WIDTH="34" HEIGHT="15" WC="0.93" CONTENT="om"/><SP WIDTH="14" VPOS="556" HPOS="177"/>
							<String ID="string_120" HPOS="191" VPOS="552" WIDTH="88" HEIGHT="24" WC="0.92" CONTENT="presten"/><SP WIDTH="14" VPOS="552" HPOS="279"/>
							<String ID="string_121" HPOS="293" VPOS="551" WIDTH="83" HEIGHT="27" WC="0.93" CONTENT="lyckats"/><SP WIDTH="16" VPOS="551" HPOS="376"/>
							<String ID="string_122" HPOS="392" VPOS="551" WIDTH="110" HEIGHT="27" WC="0.91" CONTENT="öfvertyga"/><SP WIDTH="14" VPOS="551" HPOS="502"/>
							<String ID="string_123" HPOS="516" VPOS="551" WIDTH="78" HEIGHT="21" WC="0.96" CONTENT="honom"/><SP WIDTH="14" VPOS="551" HPOS="594"/>
							<String ID="string_124" HPOS="608" VPOS="556" WIDTH="34" HEIGHT="15" WC="0.96" CONTENT="om"/><SP WIDTH="23" VPOS="556" HPOS="642"/>
							<String ID="string_125" HPOS="665" VPOS="550" WIDTH="118" HEIGHT="27" WC="0.96" CONTENT="sanningen"/><SP WIDTH="16" VPOS="550" HPOS="783"/>
							<String ID="string_126" HPOS="799" VPOS="549" WIDTH="22" HEIGHT="22" WC="0.95" CONTENT="af"/><SP WIDTH="14" VPOS="549" HPOS="821"/>
							<String ID="string_127" HPOS="835" VPOS="549" WIDTH="39" HEIGHT="22" WC="0.95" CONTENT="allt"/>
						</TextLine>
						<TextLine ID="line_14" HPOS="54" VPOS="578" WIDTH="819" HEIGHT="29">
							<String ID="string_128" HPOS="54" VPOS="578" WIDTH="56" HEIGHT="22" WC="0.96" CONTENT="hvad"/><SP WIDTH="15" VPOS="578" HPOS="110"/>
							<String ID="string_129" HPOS="125" VPOS="579" WIDTH="42" HEIGHT="21" WC="0.96" CONTENT="den"/><SP WIDTH="14" VPOS="579" HPOS="167"/>
							<String ID="string_130" HPOS="181" VPOS="578" WIDTH="112" HEIGHT="23" WC="0.96" CONTENT="lutherska"/><SP WIDTH="14" VPOS="578" HPOS="293"/>
							<String ID="string_131" HPOS="307" VPOS="579" WIDTH="81" HEIGHT="28" WC="0.96" CONTENT="kyrkan"/><SP WIDTH="15" VPOS="579" HPOS="388"/>
							<String ID="string_132" HPOS="403" VPOS="579" WIDTH="80" HEIGHT="27" WC="0.94" CONTENT="påstår."/><SP WIDTH="30" VPOS="579" HPOS="483"/>
							<String ID="string_133" HPOS="513" VPOS="579" WIDTH="55" HEIGHT="22" WC="0.96" CONTENT="Herr"/><SP WIDTH="8" VPOS="579" HPOS="568"/>
							<String ID="string_134" HPOS="576" VPOS="579" WIDTH="147" HEIGHT="27" WC="0.96" CONTENT="Montgomery"/><SP WIDTH="10" VPOS="579" HPOS="723"/>
							<String ID="string_135" HPOS="733" VPOS="579" WIDTH="51" HEIGHT="21" WC="0.95" CONTENT="sade"/><SP WIDTH="9" VPOS="579" HPOS="784"/>
							<String ID="string_136" HPOS="793" VPOS="578" WIDTH="80" HEIGHT="26" WC="0.96" CONTENT="vidare,"/>
						</TextLine>
						<TextLine ID="line_15" HPOS="55" VPOS="607" WIDTH="819" HEIGHT="28">
							<String ID="string_137" HPOS="55" VPOS="609" WIDTH="32" HEIGHT="19" WC="0.93" CONTENT="att"/><SP WIDTH="15" VPOS="609" HPOS="87"/>
							<String ID="string_138" HPOS="102" VPOS="608" WIDTH="134" HEIGHT="27" WC="0.91" CONTENT="stadgandet,"/><SP WIDTH="11" VPOS="608" HPOS="236"/>
							<String ID="string_139" HPOS="247" VPOS="610" WIDTH="32" HEIGHT="19" WC="0.96" CONTENT="att"/><SP WIDTH="15" VPOS="610" HPOS="279"/>
							<String ID="string_140" HPOS="294" VPOS="614" WIDTH="25" HEIGHT="16" WC="0.96" CONTENT="en"/><SP WIDTH="16" VPOS="614" HPOS="319"/>
							<String ID="string_141" HPOS="335" VPOS="614" WIDTH="84" HEIGHT="21" WC="0.96" CONTENT="person,"/><SP WIDTH="17" VPOS="614" HPOS="419"/>
							<String ID="string_142" HPOS="436" VPOS="614" WIDTH="46" HEIGHT="16" WC="0.96" CONTENT="som"/><SP WIDTH="14" VPOS="614" HPOS="482"/>
							<String ID="string_143" HPOS="496" VPOS="608" WIDTH="36" HEIGHT="22" WC="0.93" CONTENT="vill"/><SP WIDTH="16" VPOS="608" HPOS="532"/>
							<String ID="string_144" HPOS="548" VPOS="608" WIDTH="91" HEIGHT="26" WC="0.92" CONTENT="öfvergå,"/><SP WIDTH="16" VPOS="608" HPOS="639"/>
							<String ID="string_145" HPOS="655" VPOS="607" WIDTH="54" HEIGHT="22" WC="0.96" CONTENT="först"/><SP WIDTH="15" VPOS="607" HPOS="709"/>
							<String ID="string_146" HPOS="724" VPOS="607" WIDTH="55" HEIGHT="22" WC="0.95" CONTENT="skall"/><SP WIDTH="15" VPOS="607" HPOS="779"/>
							<String ID="string_147" HPOS="794" VPOS="607" WIDTH="23" HEIGHT="21" WC="0.93" CONTENT="af"/><SP WIDTH="8" VPOS="607" HPOS="817"/>
							<String ID="string_148" HPOS="825" VPOS="607" WIDTH="49" HEIGHT="27" WC="0.90" CONTENT="kyr-"/>
						</TextLine>
						<TextLine ID="line_16" HPOS="53" VPOS="636" WIDTH="821" HEIGHT="28">
							<String ID="string_149" HPOS="53" VPOS="636" WIDTH="111" HEIGHT="22" WC="0.92" CONTENT="koherden"/><SP WIDTH="15" VPOS="636" HPOS="164"/>
							<String ID="string_150" HPOS="179" VPOS="636" WIDTH="21" HEIGHT="22" WC="0.96" CONTENT="få"/><SP WIDTH="15" VPOS="636" HPOS="200"/>
							<String ID="string_151" HPOS="215" VPOS="637" WIDTH="149" HEIGHT="27" WC="0.96" CONTENT="undervisning"/><SP WIDTH="15" VPOS="637" HPOS="364"/>
							<String ID="string_152" HPOS="379" VPOS="637" WIDTH="40" HEIGHT="22" WC="0.96" CONTENT="och"/><SP WIDTH="15" VPOS="637" HPOS="419"/>
							<String ID="string_153" HPOS="434" VPOS="636" WIDTH="124" HEIGHT="28" WC="0.93" CONTENT="förmaning,"/><SP WIDTH="14" VPOS="636" HPOS="558"/>
							<String ID="string_154" HPOS="572" VPOS="632" WIDTH="60" HEIGHT="37" WC="0.91" CONTENT="stodi"/><SP WIDTH="9" VPOS="632" HPOS="632"/>
							<String ID="string_155" HPOS="641" VPOS="636" WIDTH="57" HEIGHT="22" WC="0.96" CONTENT="strid"/><SP WIDTH="7" VPOS="636" HPOS="698"/>
							<String ID="string_156" HPOS="705" VPOS="636" WIDTH="50" HEIGHT="22" WC="0.93" CONTENT="med"/><SP WIDTH="8" VPOS="636" HPOS="755"/>
							<String ID="string_157" HPOS="763" VPOS="636" WIDTH="111" HEIGHT="27" WC="0.90" CONTENT="religions-"/>
						</TextLine>
						<TextLine ID="line_17" HPOS="54" VPOS="664" WIDTH="822" HEIGHT="29">
							<String ID="string_158" HPOS="54" VPOS="664" WIDTH="104" HEIGHT="23" WC="0.96" CONTENT="frihetens"/><SP WIDTH="16" VPOS="664" HPOS="158"/>
							<String ID="string_159" HPOS="174" VPOS="666" WIDTH="124" HEIGHT="26" WC="0.96" CONTENT="grundsats;"/><SP WIDTH="16" VPOS="666" HPOS="298"/>
							<String ID="string_160" HPOS="314" VPOS="672" WIDTH="47" HEIGHT="16" WC="0.96" CONTENT="men"/><SP WIDTH="17" VPOS="672" HPOS="361"/>
							<String ID="string_161" HPOS="378" VPOS="666" WIDTH="60" HEIGHT="22" WC="0.95" CONTENT="detta"/><SP WIDTH="14" VPOS="666" HPOS="438"/>
							<String ID="string_162" HPOS="452" VPOS="666" WIDTH="119" HEIGHT="27" WC="0.96" CONTENT="stadgande"/><SP WIDTH="22" VPOS="666" HPOS="571"/>
							<String ID="string_163" HPOS="593" VPOS="666" WIDTH="68" HEIGHT="27" WC="0.96" CONTENT="gäller"/><SP WIDTH="19" VPOS="666" HPOS="661"/>
							<String ID="string_164" HPOS="680" VPOS="666" WIDTH="25" HEIGHT="27" WC="0.96" CONTENT="ju"/><SP WIDTH="14" VPOS="666" HPOS="705"/>
							<String ID="string_165" HPOS="719" VPOS="665" WIDTH="67" HEIGHT="21" WC="0.94" CONTENT="redan"/><SP WIDTH="22" VPOS="665" HPOS="786"/>
							<String ID="string_166" HPOS="808" VPOS="664" WIDTH="68" HEIGHT="27" WC="0.94" CONTENT="enligt"/>
						</TextLine>
						<TextLine ID="line_18" HPOS="55" VPOS="693" WIDTH="820" HEIGHT="29">
							<String ID="string_167" HPOS="55" VPOS="694" WIDTH="136" HEIGHT="27" WC="0.93" CONTENT="kyrkolagen."/><SP WIDTH="30" VPOS="694" HPOS="191"/>
							<String ID="string_168" HPOS="221" VPOS="694" WIDTH="43" HEIGHT="22" WC="0.96" CONTENT="Det"/><SP WIDTH="20" VPOS="694" HPOS="264"/>
							<String ID="string_169" HPOS="284" VPOS="697" WIDTH="23" HEIGHT="19" WC="0.96" CONTENT="är"/><SP WIDTH="23" VPOS="697" HPOS="307"/>
							<String ID="string_170" HPOS="330" VPOS="694" WIDTH="84" HEIGHT="23" WC="0.96" CONTENT="således"/><SP WIDTH="23" VPOS="694" HPOS="414"/>
							<String ID="string_171" HPOS="437" VPOS="695" WIDTH="137" HEIGHT="27" WC="0.95" CONTENT="kyrkolagen,"/><SP WIDTH="16" VPOS="695" HPOS="574"/>
							<String ID="string_172" HPOS="590" VPOS="700" WIDTH="46" HEIGHT="16" WC="0.96" CONTENT="som"/><SP WIDTH="23" VPOS="700" HPOS="636"/>
							<String ID="string_173" HPOS="659" VPOS="694" WIDTH="68" HEIGHT="22" WC="0.96" CONTENT="skulle"/><SP WIDTH="22" VPOS="694" HPOS="727"/>
							<String ID="string_174" HPOS="749" VPOS="694" WIDTH="35" HEIGHT="21" WC="0.93" CONTENT="stå"/><SP WIDTH="14" VPOS="694" HPOS="784"/>
							<String ID="string_175" HPOS="798" VPOS="694" WIDTH="8" HEIGHT="20" WC="0.93" CONTENT="i"/><SP WIDTH="14" VPOS="694" HPOS="806"/>
							<String ID="string_176" HPOS="820" VPOS="693" WIDTH="55" HEIGHT="22" WC="0.96" CONTENT="strid"/>
						</TextLine>
						<TextLine ID="line_19" HPOS="55" VPOS="722" WIDTH="820" HEIGHT="28">
							<String ID="string_177" HPOS="55" VPOS="722" WIDTH="50" HEIGHT="22" WC="0.91" CONTENT="med"/><SP WIDTH="14" VPOS="722" HPOS="105"/>
							<String ID="string_178" HPOS="119" VPOS="723" WIDTH="205" HEIGHT="27" WC="0.91" CONTENT="religionsfrihetens"/><SP WIDTH="16" VPOS="723" HPOS="324"/>
							<String ID="string_179" HPOS="340" VPOS="724" WIDTH="125" HEIGHT="26" WC="0.96" CONTENT="grundsats;"/><SP WIDTH="16" VPOS="724" HPOS="465"/>
							<String ID="string_180" HPOS="481" VPOS="730" WIDTH="48" HEIGHT="15" WC="0.96" CONTENT="men"/><SP WIDTH="15" VPOS="730" HPOS="529"/>
							<String ID="string_181" HPOS="544" VPOS="724" WIDTH="39" HEIGHT="21" WC="0.96" CONTENT="här"/><SP WIDTH="15" VPOS="724" HPOS="583"/>
							<String ID="string_182" HPOS="598" VPOS="723" WIDTH="113" HEIGHT="27" WC="0.96" CONTENT="föreligger"/><SP WIDTH="20" VPOS="723" HPOS="711"/>
							<String ID="string_183" HPOS="731" VPOS="723" WIDTH="24" HEIGHT="27" WC="0.95" CONTENT="ju"/><SP WIDTH="22" VPOS="723" HPOS="755"/>
							<String ID="string_184" HPOS="777" VPOS="722" WIDTH="57" HEIGHT="22" WC="0.95" CONTENT="blott"/><SP WIDTH="15" VPOS="722" HPOS="834"/>
							<String ID="string_185" HPOS="849" VPOS="728" WIDTH="26" HEIGHT="16" WC="0.96" CONTENT="en"/>
						</TextLine>
						<TextLine ID="line_20" HPOS="55" VPOS="750" WIDTH="820" HEIGHT="30">
							<String ID="string_186" HPOS="55" VPOS="751" WIDTH="126" HEIGHT="27" WC="0.96" CONTENT="hänvisning"/><SP WIDTH="15" VPOS="751" HPOS="181"/>
							<String ID="string_187" HPOS="196" VPOS="752" WIDTH="33" HEIGHT="21" WC="0.96" CONTENT="till"/><SP WIDTH="14" VPOS="752" HPOS="229"/>
							<String ID="string_188" HPOS="243" VPOS="753" WIDTH="66" HEIGHT="27" WC="0.96" CONTENT="något"/><SP WIDTH="16" VPOS="753" HPOS="309"/>
							<String ID="string_189" HPOS="325" VPOS="758" WIDTH="45" HEIGHT="16" WC="0.96" CONTENT="som"/><SP WIDTH="15" VPOS="758" HPOS="370"/>
							<String ID="string_190" HPOS="385" VPOS="753" WIDTH="67" HEIGHT="21" WC="0.96" CONTENT="redan"/><SP WIDTH="15" VPOS="753" HPOS="452"/>
							<String ID="string_191" HPOS="467" VPOS="754" WIDTH="25" HEIGHT="20" WC="0.96" CONTENT="är"/><SP WIDTH="13" VPOS="754" HPOS="492"/>
							<String ID="string_192" HPOS="505" VPOS="752" WIDTH="41" HEIGHT="28" WC="0.93" CONTENT="lag."/><SP WIDTH="23" VPOS="752" HPOS="546"/>
							<String ID="string_193" HPOS="569" VPOS="764" WIDTH="27" HEIGHT="3" WC="0.92" CONTENT="—"/><SP WIDTH="16" VPOS="764" HPOS="596"/>
							<String ID="string_194" HPOS="612" VPOS="751" WIDTH="105" HEIGHT="28" WC="0.57" CONTENT="Slutligen"/><SP WIDTH="15" VPOS="751" HPOS="717"/>
							<String ID="string_195" HPOS="732" VPOS="752" WIDTH="40" HEIGHT="20" WC="0.96" CONTENT="har"/><SP WIDTH="14" VPOS="752" HPOS="772"/>
							<String ID="string_196" HPOS="786" VPOS="750" WIDTH="89" HEIGHT="22" WC="0.96" CONTENT="friherre"/>
						</TextLine>
						<TextLine ID="line_21" HPOS="56" VPOS="780" WIDTH="817" HEIGHT="28">
							<String ID="string_197" HPOS="56" VPOS="780" WIDTH="78" HEIGHT="22" WC="0.95" CONTENT="Wrede"/><SP WIDTH="16" VPOS="780" HPOS="134"/>
							<String ID="string_198" HPOS="150" VPOS="782" WIDTH="72" HEIGHT="26" WC="0.96" CONTENT="yttrat,"/><SP WIDTH="16" VPOS="782" HPOS="222"/>
							<String ID="string_199" HPOS="238" VPOS="783" WIDTH="33" HEIGHT="19" WC="0.96" CONTENT="att"/><SP WIDTH="15" VPOS="783" HPOS="271"/>
							<String ID="string_200" HPOS="286" VPOS="780" WIDTH="61" HEIGHT="23" WC="0.96" CONTENT="äfven"/><SP WIDTH="15" VPOS="780" HPOS="347"/>
							<String ID="string_201" HPOS="362" VPOS="787" WIDTH="34" HEIGHT="15" WC="0.96" CONTENT="om"/><SP WIDTH="15" VPOS="787" HPOS="396"/>
							<String ID="string_202" HPOS="411" VPOS="787" WIDTH="49" HEIGHT="16" WC="0.96" CONTENT="man"/><SP WIDTH="15" VPOS="787" HPOS="460"/>
							<String ID="string_203" HPOS="475" VPOS="781" WIDTH="40" HEIGHT="21" WC="0.96" CONTENT="här"/><SP WIDTH="13" VPOS="781" HPOS="515"/>
							<String ID="string_204" HPOS="528" VPOS="780" WIDTH="55" HEIGHT="23" WC="0.93" CONTENT="inför"/><SP WIDTH="15" VPOS="780" HPOS="583"/>
							<String ID="string_205" HPOS="598" VPOS="780" WIDTH="233" HEIGHT="26" WC="0.91" CONTENT="åldersbestämningen"/><SP WIDTH="17" VPOS="780" HPOS="831"/>
							<String ID="string_206" HPOS="848" VPOS="781" WIDTH="25" HEIGHT="20" WC="0.96" CONTENT="21"/>
						</TextLine>
						<TextLine ID="line_22" HPOS="57" VPOS="808" WIDTH="819" HEIGHT="29">
							<String ID="string_207" HPOS="57" VPOS="810" WIDTH="30" HEIGHT="26" WC="0.96" CONTENT="år,"/><SP WIDTH="16" VPOS="810" HPOS="87"/>
							<String ID="string_208" HPOS="103" VPOS="809" WIDTH="61" HEIGHT="21" WC="0.96" CONTENT="detta"/><SP WIDTH="14" VPOS="809" HPOS="164"/>
							<String ID="string_209" HPOS="178" VPOS="809" WIDTH="47" HEIGHT="22" WC="0.96" CONTENT="icke"/><SP WIDTH="16" VPOS="809" HPOS="225"/>
							<String ID="string_210" HPOS="241" VPOS="810" WIDTH="69" HEIGHT="21" WC="0.96" CONTENT="skulle"/><SP WIDTH="19" VPOS="810" HPOS="310"/>
							<String ID="string_211" HPOS="329" VPOS="811" WIDTH="77" HEIGHT="26" WC="0.96" CONTENT="utgöra"/><SP WIDTH="21" VPOS="811" HPOS="406"/>
							<String ID="string_212" HPOS="427" VPOS="810" WIDTH="71" HEIGHT="27" WC="0.96" CONTENT="någon"/><SP WIDTH="23" VPOS="810" HPOS="498"/>
							<String ID="string_213" HPOS="521" VPOS="810" WIDTH="82" HEIGHT="27" WC="0.96" CONTENT="garanti"/><SP WIDTH="22" VPOS="810" HPOS="603"/>
							<String ID="string_214" HPOS="625" VPOS="810" WIDTH="58" HEIGHT="20" WC="0.93" CONTENT="emot"/><SP WIDTH="22" VPOS="810" HPOS="683"/>
							<String ID="string_215" HPOS="705" VPOS="808" WIDTH="116" HEIGHT="28" WC="0.91" CONTENT="öfvergång"/><SP WIDTH="22" VPOS="808" HPOS="821"/>
							<String ID="string_216" HPOS="843" VPOS="808" WIDTH="33" HEIGHT="21" WC="0.94" CONTENT="till"/>
						</TextLine>
						<TextLine ID="line_23" HPOS="56" VPOS="838" WIDTH="820" HEIGHT="28">
							<String ID="string_217" HPOS="56" VPOS="838" WIDTH="42" HEIGHT="22" WC="0.92" CONTENT="den"/><SP WIDTH="15" VPOS="838" HPOS="98"/>
							<String ID="string_218" HPOS="113" VPOS="838" WIDTH="161" HEIGHT="28" WC="0.91" CONTENT="grekisk-ryska"/><SP WIDTH="14" VPOS="838" HPOS="274"/>
							<String ID="string_219" HPOS="288" VPOS="839" WIDTH="81" HEIGHT="27" WC="0.96" CONTENT="kyrkan"/><SP WIDTH="16" VPOS="839" HPOS="369"/>
							<String ID="string_220" HPOS="385" VPOS="838" WIDTH="23" HEIGHT="22" WC="0.96" CONTENT="af"/><SP WIDTH="13" VPOS="838" HPOS="408"/>
							<String ID="string_221" HPOS="421" VPOS="840" WIDTH="37" HEIGHT="20" WC="0.96" CONTENT="det"/><SP WIDTH="15" VPOS="840" HPOS="458"/>
							<String ID="string_222" HPOS="473" VPOS="839" WIDTH="47" HEIGHT="21" WC="0.96" CONTENT="skäl"/><SP WIDTH="15" VPOS="839" HPOS="520"/>
							<String ID="string_223" HPOS="535" VPOS="840" WIDTH="33" HEIGHT="20" WC="0.93" CONTENT="att"/><SP WIDTH="13" VPOS="840" HPOS="568"/>
							<String ID="string_224" HPOS="581" VPOS="838" WIDTH="115" HEIGHT="27" WC="0.91" CONTENT="öfvergång"/><SP WIDTH="14" VPOS="838" HPOS="696"/>
							<String ID="string_225" HPOS="710" VPOS="838" WIDTH="32" HEIGHT="20" WC="0.95" CONTENT="till"/><SP WIDTH="23" VPOS="838" HPOS="742"/>
							<String ID="string_226" HPOS="765" VPOS="838" WIDTH="41" HEIGHT="21" WC="0.92" CONTENT="den"/><SP WIDTH="23" VPOS="838" HPOS="806"/>
							<String ID="string_227" HPOS="829" VPOS="843" WIDTH="47" HEIGHT="21" WC="0.90" CONTENT="gre-"/>
						</TextLine>
						<TextLine ID="line_24" HPOS="56" VPOS="866" WIDTH="820" HEIGHT="28">
							<String ID="string_228" HPOS="56" VPOS="866" WIDTH="125" HEIGHT="28" WC="0.91" CONTENT="kisk-ryska"/><SP WIDTH="14" VPOS="866" HPOS="181"/>
							<String ID="string_229" HPOS="195" VPOS="867" WIDTH="82" HEIGHT="27" WC="0.96" CONTENT="kyrkan"/><SP WIDTH="15" VPOS="867" HPOS="277"/>
							<String ID="string_230" HPOS="292" VPOS="867" WIDTH="32" HEIGHT="22" WC="0.96" CONTENT="får"/><SP WIDTH="15" VPOS="867" HPOS="324"/>
							<String ID="string_231" HPOS="339" VPOS="868" WIDTH="39" HEIGHT="21" WC="0.96" CONTENT="ske"/><SP WIDTH="14" VPOS="868" HPOS="378"/>
							<String ID="string_232" HPOS="392" VPOS="868" WIDTH="36" HEIGHT="21" WC="0.96" CONTENT="vid"/><SP WIDTH="15" VPOS="868" HPOS="428"/>
							<String ID="string_233" HPOS="443" VPOS="868" WIDTH="86" HEIGHT="21" WC="0.96" CONTENT="hvilken"/><SP WIDTH="16" VPOS="868" HPOS="529"/>
							<String ID="string_234" HPOS="545" VPOS="868" WIDTH="60" HEIGHT="20" WC="0.96" CONTENT="ålder"/><SP WIDTH="15" VPOS="868" HPOS="605"/>
							<String ID="string_235" HPOS="620" VPOS="873" WIDTH="46" HEIGHT="15" WC="0.96" CONTENT="som"/><SP WIDTH="18" VPOS="873" HPOS="666"/>
							<String ID="string_236" HPOS="684" VPOS="866" WIDTH="64" HEIGHT="22" WC="0.96" CONTENT="helst."/><SP WIDTH="30" VPOS="866" HPOS="748"/>
							<String ID="string_237" HPOS="778" VPOS="866" WIDTH="42" HEIGHT="26" WC="0.96" CONTENT="Jag"/><SP WIDTH="14" VPOS="866" HPOS="820"/>
							<String ID="string_238" HPOS="834" VPOS="866" WIDTH="42" HEIGHT="21" WC="0.96" CONTENT="kan"/>
						</TextLine>
						<TextLine ID="line_25" HPOS="56" VPOS="894" WIDTH="820" HEIGHT="30">
							<String ID="string_239" HPOS="56" VPOS="896" WIDTH="47" HEIGHT="21" WC="0.96" CONTENT="icke"/><SP WIDTH="16" VPOS="896" HPOS="103"/>
							<String ID="string_240" HPOS="119" VPOS="896" WIDTH="49" HEIGHT="21" WC="0.96" CONTENT="dela"/><SP WIDTH="15" VPOS="896" HPOS="168"/>
							<String ID="string_241" HPOS="183" VPOS="902" WIDTH="25" HEIGHT="16" WC="0.96" CONTENT="en"/><SP WIDTH="16" VPOS="902" HPOS="208"/>
							<String ID="string_242" HPOS="224" VPOS="896" WIDTH="67" HEIGHT="22" WC="0.93" CONTENT="sådan"/><SP WIDTH="23" VPOS="896" HPOS="291"/>
							<String ID="string_243" HPOS="314" VPOS="896" WIDTH="65" HEIGHT="27" WC="0.90" CONTENT="äsigt;"/><SP WIDTH="21" VPOS="896" HPOS="379"/>
							<String ID="string_244" HPOS="400" VPOS="897" WIDTH="39" HEIGHT="27" WC="0.96" CONTENT="jag"/><SP WIDTH="21" VPOS="897" HPOS="439"/>
							<String ID="string_245" HPOS="460" VPOS="896" WIDTH="121" HEIGHT="22" WC="0.96" CONTENT="föreställer"/><SP WIDTH="21" VPOS="896" HPOS="581"/>
							<String ID="string_246" HPOS="602" VPOS="896" WIDTH="44" HEIGHT="26" WC="0.96" CONTENT="mig"/><SP WIDTH="23" VPOS="896" HPOS="646"/>
							<String ID="string_247" HPOS="669" VPOS="896" WIDTH="33" HEIGHT="20" WC="0.96" CONTENT="att"/><SP WIDTH="21" VPOS="896" HPOS="702"/>
							<String ID="string_248" HPOS="723" VPOS="896" WIDTH="70" HEIGHT="20" WC="0.92" CONTENT="denna"/><SP WIDTH="15" VPOS="896" HPOS="793"/>
							<String ID="string_249" HPOS="808" VPOS="894" WIDTH="10" HEIGHT="28" WC="0.87" CONTENT="$"/><SP WIDTH="16" VPOS="894" HPOS="818"/>
							<String ID="string_250" HPOS="834" VPOS="896" WIDTH="19" HEIGHT="24" WC="0.82" CONTENT="7,"/><SP WIDTH="17" VPOS="896" HPOS="853"/>
							<String ID="string_251" HPOS="870" VPOS="894" WIDTH="6" HEIGHT="21" WC="0.96" CONTENT="i"/>
						</TextLine>
						<TextLine ID="line_26" HPOS="56" VPOS="923" WIDTH="820" HEIGHT="29">
							<String ID="string_252" HPOS="56" VPOS="924" WIDTH="103" HEIGHT="22" WC="0.96" CONTENT="händelse"/><SP WIDTH="17" VPOS="924" HPOS="159"/>
							<String ID="string_253" HPOS="176" VPOS="924" WIDTH="41" HEIGHT="22" WC="0.93" CONTENT="den"/><SP WIDTH="14" VPOS="924" HPOS="217"/>
							<String ID="string_254" HPOS="231" VPOS="925" WIDTH="69" HEIGHT="22" WC="0.92" CONTENT="blefve"/><SP WIDTH="16" VPOS="925" HPOS="300"/>
							<String ID="string_255" HPOS="316" VPOS="925" WIDTH="98" HEIGHT="27" WC="0.96" CONTENT="gällande"/><SP WIDTH="25" VPOS="925" HPOS="414"/>
							<String ID="string_256" HPOS="439" VPOS="925" WIDTH="65" HEIGHT="27" WC="0.93" CONTENT="enligt"/><SP WIDTH="22" VPOS="925" HPOS="504"/>
							<String ID="string_257" HPOS="526" VPOS="924" WIDTH="163" HEIGHT="28" WC="0.91" CONTENT="Lagutskottets"/><SP WIDTH="24" VPOS="924" HPOS="689"/>
							<String ID="string_258" HPOS="713" VPOS="923" WIDTH="163" HEIGHT="27" WC="0.90" CONTENT="sammanjemk-"/>
						</TextLine>
						<TextLine ID="line_27" HPOS="57" VPOS="951" WIDTH="819" HEIGHT="30">
							<String ID="string_259" HPOS="57" VPOS="953" WIDTH="147" HEIGHT="27" WC="0.90" CONTENT="ningsförslag,"/><SP WIDTH="17" VPOS="953" HPOS="204"/>
							<String ID="string_260" HPOS="221" VPOS="954" WIDTH="69" HEIGHT="22" WC="0.96" CONTENT="skulle"/><SP WIDTH="15" VPOS="954" HPOS="290"/>
							<String ID="string_261" HPOS="305" VPOS="953" WIDTH="63" HEIGHT="23" WC="0.96" CONTENT="hafva"/><SP WIDTH="14" VPOS="953" HPOS="368"/>
							<String ID="string_262" HPOS="382" VPOS="954" WIDTH="133" HEIGHT="27" WC="0.96" CONTENT="tillämpning"/><SP WIDTH="14" VPOS="954" HPOS="515"/>
							<String ID="string_263" HPOS="529" VPOS="954" WIDTH="29" HEIGHT="27" WC="0.96" CONTENT="på"/><SP WIDTH="15" VPOS="954" HPOS="558"/>
							<String ID="string_264" HPOS="573" VPOS="954" WIDTH="26" HEIGHT="21" WC="0.96" CONTENT="de"/><SP WIDTH="15" VPOS="954" HPOS="599"/>
							<String ID="string_265" HPOS="614" VPOS="953" WIDTH="43" HEIGHT="27" WC="0.95" CONTENT="fall,"/><SP WIDTH="16" VPOS="953" HPOS="657"/>
							<String ID="string_266" HPOS="673" VPOS="953" WIDTH="27" HEIGHT="21" WC="0.96" CONTENT="då"/><SP WIDTH="15" VPOS="953" HPOS="700"/>
							<String ID="string_267" HPOS="715" VPOS="953" WIDTH="70" HEIGHT="26" WC="0.96" CONTENT="någon"/><SP WIDTH="15" VPOS="953" HPOS="785"/>
							<String ID="string_268" HPOS="800" VPOS="952" WIDTH="36" HEIGHT="21" WC="0.93" CONTENT="vill"/><SP WIDTH="9" VPOS="952" HPOS="836"/>
							<String ID="string_269" HPOS="845" VPOS="951" WIDTH="31" HEIGHT="22" WC="0.92" CONTENT="öf-"/>
						</TextLine>
						<TextLine ID="line_28" HPOS="58" VPOS="980" WIDTH="820" HEIGHT="30">
							<String ID="string_270" HPOS="58" VPOS="982" WIDTH="65" HEIGHT="27" WC="0.90" CONTENT="vergå"/><SP WIDTH="14" VPOS="982" HPOS="123"/>
							<String ID="string_271" HPOS="137" VPOS="982" WIDTH="47" HEIGHT="21" WC="0.96" CONTENT="från"/><SP WIDTH="15" VPOS="982" HPOS="184"/>
							<String ID="string_272" HPOS="199" VPOS="982" WIDTH="111" HEIGHT="22" WC="0.96" CONTENT="lutherska"/><SP WIDTH="21" VPOS="982" HPOS="310"/>
							<String ID="string_273" HPOS="331" VPOS="983" WIDTH="81" HEIGHT="27" WC="0.96" CONTENT="kyrkan"/><SP WIDTH="22" VPOS="983" HPOS="412"/>
							<String ID="string_274" HPOS="434" VPOS="982" WIDTH="33" HEIGHT="22" WC="0.96" CONTENT="till"/><SP WIDTH="21" VPOS="982" HPOS="467"/>
							<String ID="string_275" HPOS="488" VPOS="983" WIDTH="82" HEIGHT="21" WC="0.96" CONTENT="hvilket"/><SP WIDTH="22" VPOS="983" HPOS="570"/>
							<String ID="string_276" HPOS="592" VPOS="984" WIDTH="65" HEIGHT="19" WC="0.93" CONTENT="annat"/><SP WIDTH="20" VPOS="984" HPOS="657"/>
							<String ID="string_277" HPOS="677" VPOS="980" WIDTH="201" HEIGHT="28" WC="0.91" CONTENT="religionssamfund"/>
						</TextLine>
						<TextLine ID="line_29" HPOS="59" VPOS="1008" WIDTH="819" HEIGHT="30">
							<String ID="string_278" HPOS="59" VPOS="1017" WIDTH="45" HEIGHT="15" WC="0.95" CONTENT="som"/><SP WIDTH="15" VPOS="1017" HPOS="104"/>
							<String ID="string_279" HPOS="119" VPOS="1011" WIDTH="64" HEIGHT="26" WC="0.95" CONTENT="helst,"/><SP WIDTH="17" VPOS="1011" HPOS="183"/>
							<String ID="string_280" HPOS="200" VPOS="1011" WIDTH="85" HEIGHT="22" WC="0.96" CONTENT="således"/><SP WIDTH="17" VPOS="1011" HPOS="285"/>
							<String ID="string_281" HPOS="302" VPOS="1012" WIDTH="66" HEIGHT="21" WC="0.96" CONTENT="också"/><SP WIDTH="14" VPOS="1012" HPOS="368"/>
							<String ID="string_282" HPOS="382" VPOS="1012" WIDTH="32" HEIGHT="20" WC="0.96" CONTENT="till"/><SP WIDTH="16" VPOS="1012" HPOS="414"/>
							<String ID="string_283" HPOS="430" VPOS="1012" WIDTH="37" HEIGHT="21" WC="0.93" CONTENT="det"/><SP WIDTH="15" VPOS="1012" HPOS="467"/>
							<String ID="string_284" HPOS="482" VPOS="1011" WIDTH="176" HEIGHT="27" WC="0.91" CONTENT="grekiskt-ryska."/><SP WIDTH="30" VPOS="1011" HPOS="658"/>
							<String ID="string_285" HPOS="688" VPOS="1011" WIDTH="76" HEIGHT="21" WC="0.93" CONTENT="Annan"/><SP WIDTH="19" VPOS="1011" HPOS="764"/>
							<String ID="string_286" HPOS="783" VPOS="1008" WIDTH="95" HEIGHT="28" WC="0.91" CONTENT="uppfatt-"/>
						</TextLine>
						<TextLine ID="line_30" HPOS="59" VPOS="1038" WIDTH="818" HEIGHT="29">
							<String ID="string_287" HPOS="59" VPOS="1040" WIDTH="50" HEIGHT="26" WC="0.96" CONTENT="ning"/><SP WIDTH="15" VPOS="1040" HPOS="109"/>
							<String ID="string_288" HPOS="124" VPOS="1039" WIDTH="40" HEIGHT="22" WC="0.96" CONTENT="har"/><SP WIDTH="12" VPOS="1039" HPOS="164"/>
							<String ID="string_289" HPOS="176" VPOS="1040" WIDTH="38" HEIGHT="27" WC="0.96" CONTENT="jag"/><SP WIDTH="14" VPOS="1040" HPOS="214"/>
							<String ID="string_290" HPOS="228" VPOS="1040" WIDTH="47" HEIGHT="22" WC="0.96" CONTENT="icke"/><SP WIDTH="16" VPOS="1040" HPOS="275"/>
							<String ID="string_291" HPOS="291" VPOS="1040" WIDTH="82" HEIGHT="22" WC="0.96" CONTENT="kunnat"/><SP WIDTH="14" VPOS="1040" HPOS="373"/>
							<String ID="string_292" HPOS="387" VPOS="1040" WIDTH="22" HEIGHT="21" WC="0.96" CONTENT="få"/><SP WIDTH="15" VPOS="1040" HPOS="409"/>
							<String ID="string_293" HPOS="424" VPOS="1040" WIDTH="22" HEIGHT="21" WC="0.96" CONTENT="af"/><SP WIDTH="21" VPOS="1040" HPOS="446"/>
							<String ID="string_294" HPOS="467" VPOS="1040" WIDTH="111" HEIGHT="27" WC="0.96" CONTENT="meningen"/><SP WIDTH="22" VPOS="1040" HPOS="578"/>
							<String ID="string_295" HPOS="600" VPOS="1040" WIDTH="49" HEIGHT="21" WC="0.95" CONTENT="med"/><SP WIDTH="23" VPOS="1040" HPOS="649"/>
							<String ID="string_296" HPOS="672" VPOS="1039" WIDTH="59" HEIGHT="21" WC="0.96" CONTENT="detta"/><SP WIDTH="22" VPOS="1039" HPOS="731"/>
							<String ID="string_297" HPOS="753" VPOS="1038" WIDTH="124" HEIGHT="27" WC="0.96" CONTENT="stadgande."/>
						</TextLine>
						<TextLine ID="line_31" HPOS="63" VPOS="1067" WIDTH="816" HEIGHT="29">
							<String ID="string_298" HPOS="63" VPOS="1080" WIDTH="23" HEIGHT="4" WC="0.92" CONTENT="—"/><SP WIDTH="17" VPOS="1080" HPOS="86"/>
							<String ID="string_299" HPOS="103" VPOS="1068" WIDTH="63" HEIGHT="22" WC="0.96" CONTENT="Hvad"/><SP WIDTH="15" VPOS="1068" HPOS="166"/>
							<String ID="string_300" HPOS="181" VPOS="1069" WIDTH="66" HEIGHT="26" WC="0.96" CONTENT="angår"/><SP WIDTH="15" VPOS="1069" HPOS="247"/>
							<String ID="string_301" HPOS="262" VPOS="1076" WIDTH="62" HEIGHT="15" WC="0.94" CONTENT="mom."/><SP WIDTH="17" VPOS="1076" HPOS="324"/>
							<String ID="string_302" HPOS="341" VPOS="1070" WIDTH="18" HEIGHT="24" WC="0.96" CONTENT="2,"/><SP WIDTH="17" VPOS="1070" HPOS="359"/>
							<String ID="string_303" HPOS="376" VPOS="1069" WIDTH="24" HEIGHT="21" WC="0.96" CONTENT="så"/><SP WIDTH="15" VPOS="1069" HPOS="400"/>
							<String ID="string_304" HPOS="415" VPOS="1069" WIDTH="37" HEIGHT="22" WC="0.96" CONTENT="vill"/><SP WIDTH="16" VPOS="1069" HPOS="452"/>
							<String ID="string_305" HPOS="468" VPOS="1069" WIDTH="65" HEIGHT="21" WC="0.96" CONTENT="också"/><SP WIDTH="12" VPOS="1069" HPOS="533"/>
							<String ID="string_306" HPOS="545" VPOS="1070" WIDTH="37" HEIGHT="26" WC="0.96" CONTENT="jag"/><SP WIDTH="15" VPOS="1070" HPOS="582"/>
							<String ID="string_307" HPOS="597" VPOS="1068" WIDTH="75" HEIGHT="22" WC="0.96" CONTENT="förena"/><SP WIDTH="14" VPOS="1068" HPOS="672"/>
							<String ID="string_308" HPOS="686" VPOS="1068" WIDTH="44" HEIGHT="27" WC="0.96" CONTENT="mig"/><SP WIDTH="15" VPOS="1068" HPOS="730"/>
							<String ID="string_309" HPOS="745" VPOS="1073" WIDTH="34" HEIGHT="16" WC="0.96" CONTENT="om"/><SP WIDTH="11" VPOS="1073" HPOS="779"/>
							<String ID="string_310" HPOS="790" VPOS="1067" WIDTH="41" HEIGHT="21" WC="0.96" CONTENT="den"/><SP WIDTH="8" VPOS="1067" HPOS="831"/>
							<String ID="string_311" HPOS="839" VPOS="1067" WIDTH="40" HEIGHT="21" WC="0.96" CONTENT="här"/>
						</TextLine>
						<TextLine ID="line_32" HPOS="60" VPOS="1095" WIDTH="820" HEIGHT="30">
							<String ID="string_312" HPOS="60" VPOS="1098" WIDTH="98" HEIGHT="21" WC="0.91" CONTENT="uttalade"/><SP WIDTH="15" VPOS="1098" HPOS="158"/>
							<String ID="string_313" HPOS="173" VPOS="1097" WIDTH="83" HEIGHT="28" WC="0.91" CONTENT="åsigten"/><SP WIDTH="15" VPOS="1097" HPOS="256"/>
							<String ID="string_314" HPOS="271" VPOS="1100" WIDTH="33" HEIGHT="20" WC="0.96" CONTENT="att"/><SP WIDTH="15" VPOS="1100" HPOS="304"/>
							<String ID="string_315" HPOS="319" VPOS="1098" WIDTH="86" HEIGHT="22" WC="0.96" CONTENT="ståndet"/><SP WIDTH="15" VPOS="1098" HPOS="405"/>
							<String ID="string_316" HPOS="420" VPOS="1098" WIDTH="6" HEIGHT="22" WC="0.96" CONTENT="i"/><SP WIDTH="17" VPOS="1098" HPOS="426"/>
							<String ID="string_317" HPOS="443" VPOS="1097" WIDTH="100" HEIGHT="23" WC="0.93" CONTENT="afseende"/><SP WIDTH="16" VPOS="1097" HPOS="543"/>
							<String ID="string_318" HPOS="559" VPOS="1098" WIDTH="12" HEIGHT="21" WC="0.88" CONTENT="å"/><SP WIDTH="16" VPOS="1098" HPOS="571"/>
							<String ID="string_319" HPOS="587" VPOS="1097" WIDTH="61" HEIGHT="22" WC="0.96" CONTENT="detta"/><SP WIDTH="6" VPOS="1097" HPOS="648"/>
							<String ID="string_320" HPOS="654" VPOS="1097" WIDTH="67" HEIGHT="21" WC="0.93" CONTENT="borde"/><SP WIDTH="7" VPOS="1097" HPOS="721"/>
							<String ID="string_321" HPOS="728" VPOS="1096" WIDTH="102" HEIGHT="22" WC="0.92" CONTENT="vidblifva"/><SP WIDTH="10" VPOS="1096" HPOS="830"/>
							<String ID="string_322" HPOS="840" VPOS="1095" WIDTH="40" HEIGHT="23" WC="0.96" CONTENT="sitt"/>
						</TextLine>
						<TextLine ID="line_33" HPOS="58" VPOS="1126" WIDTH="150" HEIGHT="23">
							<String ID="string_323" HPOS="58" VPOS="1126" WIDTH="58" HEIGHT="23" WC="0.96" CONTENT="förra"/><SP WIDTH="14" VPOS="1126" HPOS="116"/>
							<String ID="string_324" HPOS="130" VPOS="1126" WIDTH="78" HEIGHT="22" WC="0.95" CONTENT="beslut."/>
						</TextLine>
					</TextBlock>
					<TextBlock ID="block_2" HPOS="60" VPOS="1154" WIDTH="823" HEIGHT="432">
						<TextLine ID="line_34" HPOS="128" VPOS="1154" WIDTH="750" HEIGHT="29">
							<String ID="string_325" HPOS="128" VPOS="1156" WIDTH="56" HEIGHT="21" WC="0.93" CONTENT="Herr"/><SP WIDTH="14" VPOS="1156" HPOS="184"/>
							<String ID="string_326" HPOS="198" VPOS="1155" WIDTH="137" HEIGHT="23" WC="0.92" CONTENT="Mechelin:"/><SP WIDTH="30" VPOS="1155" HPOS="335"/>
							<String ID="string_327" HPOS="365" VPOS="1156" WIDTH="43" HEIGHT="27" WC="0.96" CONTENT="Jag"/><SP WIDTH="14" VPOS="1156" HPOS="408"/>
							<String ID="string_328" HPOS="422" VPOS="1156" WIDTH="39" HEIGHT="21" WC="0.96" CONTENT="ber"/><SP WIDTH="15" VPOS="1156" HPOS="461"/>
							<String ID="string_329" HPOS="476" VPOS="1156" WIDTH="49" HEIGHT="21" WC="0.96" CONTENT="med"/><SP WIDTH="15" VPOS="1156" HPOS="525"/>
							<String ID="string_330" HPOS="540" VPOS="1155" WIDTH="115" HEIGHT="27" WC="0.95" CONTENT="anledning"/><SP WIDTH="15" VPOS="1155" HPOS="655"/>
							<String ID="string_331" HPOS="670" VPOS="1154" WIDTH="22" HEIGHT="22" WC="0.96" CONTENT="af"/><SP WIDTH="12" VPOS="1154" HPOS="692"/>
							<String ID="string_332" HPOS="704" VPOS="1154" WIDTH="51" HEIGHT="22" WC="0.93" CONTENT="herr"/><SP WIDTH="14" VPOS="1154" HPOS="755"/>
							<String ID="string_333" HPOS="769" VPOS="1154" WIDTH="64" HEIGHT="22" WC="0.92" CONTENT="Reins"/><SP WIDTH="11" VPOS="1154" HPOS="833"/>
							<String ID="string_334" HPOS="844" VPOS="1154" WIDTH="34" HEIGHT="21" WC="0.92" CONTENT="ut-"/>
						</TextLine>
						<TextLine ID="line_35" HPOS="60" VPOS="1182" WIDTH="820" HEIGHT="31">
							<String ID="string_335" HPOS="60" VPOS="1184" WIDTH="87" HEIGHT="22" WC="0.96" CONTENT="talande"/><SP WIDTH="15" VPOS="1184" HPOS="147"/>
							<String ID="string_336" HPOS="162" VPOS="1184" WIDTH="22" HEIGHT="21" WC="0.96" CONTENT="få"/><SP WIDTH="14" VPOS="1184" HPOS="184"/>
							<String ID="string_337" HPOS="198" VPOS="1186" WIDTH="96" HEIGHT="20" WC="0.96" CONTENT="närmast"/><SP WIDTH="14" VPOS="1186" HPOS="294"/>
							<String ID="string_338" HPOS="308" VPOS="1185" WIDTH="84" HEIGHT="28" WC="0.96" CONTENT="påpeka"/><SP WIDTH="16" VPOS="1185" HPOS="392"/>
							<String ID="string_339" HPOS="408" VPOS="1186" WIDTH="26" HEIGHT="21" WC="0.93" CONTENT="19"/><SP WIDTH="16" VPOS="1186" HPOS="434"/>
							<String ID="string_340" HPOS="450" VPOS="1184" WIDTH="45" HEIGHT="28" WC="0.91" CONTENT="$:en"/><SP WIDTH="15" VPOS="1184" HPOS="495"/>
							<String ID="string_341" HPOS="510" VPOS="1185" WIDTH="8" HEIGHT="22" WC="0.96" CONTENT="i"/><SP WIDTH="15" VPOS="1185" HPOS="518"/>
							<String ID="string_342" HPOS="533" VPOS="1184" WIDTH="69" HEIGHT="22" WC="0.7" CONTENT="denna"/><SP WIDTH="7" VPOS="1184" HPOS="602"/>
							<String ID="string_343" HPOS="609" VPOS="1184" WIDTH="43" HEIGHT="28" WC="0.7" CONTENT="lag,"/><SP WIDTH="9" VPOS="1184" HPOS="652"/>
							<String ID="string_344" HPOS="661" VPOS="1189" WIDTH="46" HEIGHT="16" WC="0.31" CONTENT="som"/><SP WIDTH="7" VPOS="1189" HPOS="707"/>
							<String ID="string_345" HPOS="714" VPOS="1183" WIDTH="70" HEIGHT="28" WC="0.31" CONTENT="lyder:"/><SP WIDTH="21" VPOS="1183" HPOS="784"/>
							<String ID="string_346" HPOS="805" VPOS="1200" WIDTH="9" HEIGHT="9" WC="0.92" CONTENT=","/><SP WIDTH="2" VPOS="1200" HPOS="814"/>
							<String ID="string_347" HPOS="816" VPOS="1182" WIDTH="64" HEIGHT="22" WC="0.95" CONTENT="Hvad"/>
						</TextLine>
						<TextLine ID="line_36" HPOS="60" VPOS="1212" WIDTH="820" HEIGHT="29">
							<String ID="string_348" HPOS="60" VPOS="1214" WIDTH="7" HEIGHT="21" WC="0.96" CONTENT="i"/><SP WIDTH="16" VPOS="1214" HPOS="67"/>
							<String ID="string_349" HPOS="83" VPOS="1213" WIDTH="69" HEIGHT="22" WC="0.96" CONTENT="denna"/><SP WIDTH="15" VPOS="1213" HPOS="152"/>
							<String ID="string_350" HPOS="167" VPOS="1213" WIDTH="122" HEIGHT="28" WC="0.96" CONTENT="förordning"/><SP WIDTH="16" VPOS="1213" HPOS="289"/>
							<String ID="string_351" HPOS="305" VPOS="1216" WIDTH="24" HEIGHT="19" WC="0.93" CONTENT="är"/><SP WIDTH="15" VPOS="1216" HPOS="329"/>
							<String ID="string_352" HPOS="344" VPOS="1214" WIDTH="102" HEIGHT="27" WC="0.91" CONTENT="stadgadt"/><SP WIDTH="14" VPOS="1214" HPOS="446"/>
							<String ID="string_353" HPOS="460" VPOS="1214" WIDTH="87" HEIGHT="21" WC="0.92" CONTENT="berörer"/><SP WIDTH="15" VPOS="1214" HPOS="547"/>
							<String ID="string_354" HPOS="562" VPOS="1213" WIDTH="47" HEIGHT="22" WC="0.93" CONTENT="icke"/><SP WIDTH="16" VPOS="1213" HPOS="609"/>
							<String ID="string_355" HPOS="625" VPOS="1212" WIDTH="161" HEIGHT="28" WC="0.92" CONTENT="grekisk-ryske"/><SP WIDTH="10" VPOS="1212" HPOS="786"/>
							<String ID="string_356" HPOS="796" VPOS="1212" WIDTH="84" HEIGHT="21" WC="0.92" CONTENT="trosbe-"/>
						</TextLine>
						<TextLine ID="line_37" HPOS="62" VPOS="1240" WIDTH="818" HEIGHT="30">
							<String ID="string_357" HPOS="62" VPOS="1243" WIDTH="117" HEIGHT="26" WC="0.93" CONTENT="kännare&quot;;"/><SP WIDTH="16" VPOS="1243" HPOS="179"/>
							<String ID="string_358" HPOS="195" VPOS="1242" WIDTH="81" HEIGHT="23" WC="0.96" CONTENT="hvilket"/><SP WIDTH="15" VPOS="1242" HPOS="276"/>
							<String ID="string_359" HPOS="291" VPOS="1243" WIDTH="107" HEIGHT="22" WC="0.96" CONTENT="sannolikt"/><SP WIDTH="14" VPOS="1243" HPOS="398"/>
							<String ID="string_360" HPOS="412" VPOS="1243" WIDTH="44" HEIGHT="21" WC="0.96" CONTENT="kan"/><SP WIDTH="14" VPOS="1243" HPOS="456"/>
							<String ID="string_361" HPOS="470" VPOS="1243" WIDTH="65" HEIGHT="21" WC="0.96" CONTENT="fattas"/><SP WIDTH="15" VPOS="1243" HPOS="535"/>
							<String ID="string_362" HPOS="550" VPOS="1242" WIDTH="29" HEIGHT="28" WC="0.96" CONTENT="på"/><SP WIDTH="15" VPOS="1242" HPOS="579"/>
							<String ID="string_363" HPOS="594" VPOS="1242" WIDTH="77" HEIGHT="22" WC="0.96" CONTENT="sådant"/><SP WIDTH="15" VPOS="1242" HPOS="671"/>
							<String ID="string_364" HPOS="686" VPOS="1243" WIDTH="44" HEIGHT="20" WC="0.95" CONTENT="sätt"/><SP WIDTH="8" VPOS="1243" HPOS="730"/>
							<String ID="string_365" HPOS="738" VPOS="1247" WIDTH="46" HEIGHT="15" WC="0.95" CONTENT="som"/><SP WIDTH="7" VPOS="1247" HPOS="784"/>
							<String ID="string_366" HPOS="791" VPOS="1240" WIDTH="89" HEIGHT="22" WC="0.96" CONTENT="friherre"/>
						</TextLine>
						<TextLine ID="line_38" HPOS="61" VPOS="1269" WIDTH="820" HEIGHT="30">
							<String ID="string_367" HPOS="61" VPOS="1271" WIDTH="79" HEIGHT="22" WC="0.96" CONTENT="Wrede"/><SP WIDTH="15" VPOS="1271" HPOS="140"/>
							<String ID="string_368" HPOS="155" VPOS="1271" WIDTH="104" HEIGHT="22" WC="0.91" CONTENT="framhöll."/><SP WIDTH="30" VPOS="1271" HPOS="259"/>
							<String ID="string_369" HPOS="289" VPOS="1273" WIDTH="10" HEIGHT="20" WC="0.96" CONTENT="I"/><SP WIDTH="17" VPOS="1273" HPOS="299"/>
							<String ID="string_370" HPOS="316" VPOS="1271" WIDTH="60" HEIGHT="28" WC="0.95" CONTENT="fråga"/><SP WIDTH="22" VPOS="1271" HPOS="376"/>
							<String ID="string_371" HPOS="398" VPOS="1277" WIDTH="33" HEIGHT="16" WC="0.95" CONTENT="om"/><SP WIDTH="24" VPOS="1277" HPOS="431"/>
							<String ID="string_372" HPOS="455" VPOS="1271" WIDTH="40" HEIGHT="22" WC="0.95" CONTENT="den"/><SP WIDTH="23" VPOS="1271" HPOS="495"/>
							<String ID="string_373" HPOS="518" VPOS="1271" WIDTH="88" HEIGHT="28" WC="0.96" CONTENT="garanti,"/><SP WIDTH="17" VPOS="1271" HPOS="606"/>
							<String ID="string_374" HPOS="623" VPOS="1277" WIDTH="47" HEIGHT="16" WC="0.96" CONTENT="som"/><SP WIDTH="22" VPOS="1277" HPOS="670"/>
							<String ID="string_375" HPOS="692" VPOS="1276" WIDTH="26" HEIGHT="15" WC="0.95" CONTENT="en"/><SP WIDTH="22" VPOS="1276" HPOS="718"/>
							<String ID="string_376" HPOS="740" VPOS="1269" WIDTH="141" HEIGHT="27" WC="0.95" CONTENT="obligatorisk"/>
						</TextLine>
						<TextLine ID="line_39" HPOS="61" VPOS="1297" WIDTH="819" HEIGHT="30">
							<String ID="string_377" HPOS="61" VPOS="1300" WIDTH="315" HEIGHT="27" WC="0.92" CONTENT="konfirmationsundervisning"/><SP WIDTH="14" VPOS="1300" HPOS="376"/>
							<String ID="string_378" HPOS="390" VPOS="1301" WIDTH="42" HEIGHT="21" WC="0.96" CONTENT="kan"/><SP WIDTH="15" VPOS="1301" HPOS="432"/>
							<String ID="string_379" HPOS="447" VPOS="1300" WIDTH="102" HEIGHT="27" WC="0.93" CONTENT="medföra,"/><SP WIDTH="9" VPOS="1300" HPOS="549"/>
							<String ID="string_380" HPOS="558" VPOS="1300" WIDTH="32" HEIGHT="21" WC="0.93" CONTENT="för"/><SP WIDTH="16" VPOS="1300" HPOS="590"/>
							<String ID="string_381" HPOS="606" VPOS="1301" WIDTH="32" HEIGHT="20" WC="0.97" CONTENT="att"/><SP WIDTH="14" VPOS="1301" HPOS="638"/>
							<String ID="string_382" HPOS="652" VPOS="1299" WIDTH="48" HEIGHT="22" WC="0.96" CONTENT="icke"/><SP WIDTH="15" VPOS="1299" HPOS="700"/>
							<String ID="string_383" HPOS="715" VPOS="1298" WIDTH="123" HEIGHT="23" WC="0.93" CONTENT="förhastade"/><SP WIDTH="11" VPOS="1298" HPOS="838"/>
							<String ID="string_384" HPOS="849" VPOS="1297" WIDTH="31" HEIGHT="22" WC="0.92" CONTENT="öf-"/>
						</TextLine>
						<TextLine ID="line_40" HPOS="63" VPOS="1327" WIDTH="818" HEIGHT="30">
							<String ID="string_385" HPOS="63" VPOS="1329" WIDTH="118" HEIGHT="27" WC="0.92" CONTENT="vergångar"/><SP WIDTH="14" VPOS="1329" HPOS="181"/>
							<String ID="string_386" HPOS="195" VPOS="1329" WIDTH="70" HEIGHT="22" WC="0.93" CONTENT="skulle"/><SP WIDTH="16" VPOS="1329" HPOS="265"/>
							<String ID="string_387" HPOS="281" VPOS="1336" WIDTH="39" HEIGHT="21" WC="0.92" CONTENT="ega"/><SP WIDTH="15" VPOS="1336" HPOS="320"/>
							<String ID="string_388" HPOS="335" VPOS="1336" WIDTH="53" HEIGHT="20" WC="0.96" CONTENT="rum,"/><SP WIDTH="16" VPOS="1336" HPOS="388"/>
							<String ID="string_389" HPOS="404" VPOS="1329" WIDTH="25" HEIGHT="22" WC="0.96" CONTENT="så"/><SP WIDTH="15" VPOS="1329" HPOS="429"/>
							<String ID="string_390" HPOS="444" VPOS="1329" WIDTH="59" HEIGHT="22" WC="0.96" CONTENT="delar"/><SP WIDTH="13" VPOS="1329" HPOS="503"/>
							<String ID="string_391" HPOS="516" VPOS="1330" WIDTH="37" HEIGHT="27" WC="0.96" CONTENT="jag"/><SP WIDTH="19" VPOS="1330" HPOS="553"/>
							<String ID="string_392" HPOS="572" VPOS="1329" WIDTH="25" HEIGHT="21" WC="0.96" CONTENT="de"/><SP WIDTH="23" VPOS="1329" HPOS="597"/>
							<String ID="string_393" HPOS="620" VPOS="1329" WIDTH="22" HEIGHT="20" WC="0.96" CONTENT="af"/><SP WIDTH="20" VPOS="1329" HPOS="642"/>
							<String ID="string_394" HPOS="662" VPOS="1328" WIDTH="49" HEIGHT="21" WC="0.96" CONTENT="herr"/><SP WIDTH="22" VPOS="1328" HPOS="711"/>
							<String ID="string_395" HPOS="733" VPOS="1327" WIDTH="148" HEIGHT="27" WC="0.96" CONTENT="Montgomery"/>
						</TextLine>
						<TextLine ID="line_41" HPOS="63" VPOS="1355" WIDTH="819" HEIGHT="33">
							<String ID="string_396" HPOS="63" VPOS="1358" WIDTH="98" HEIGHT="22" WC="0.93" CONTENT="uttalade"/><SP WIDTH="15" VPOS="1358" HPOS="161"/>
							<String ID="string_397" HPOS="176" VPOS="1359" WIDTH="114" HEIGHT="27" WC="0.90" CONTENT="äsigterna."/><SP WIDTH="31" VPOS="1359" HPOS="290"/>
							<String ID="string_398" HPOS="321" VPOS="1359" WIDTH="41" HEIGHT="27" WC="0.96" CONTENT="Jag"/><SP WIDTH="14" VPOS="1359" HPOS="362"/>
							<String ID="string_399" HPOS="376" VPOS="1359" WIDTH="42" HEIGHT="21" WC="0.93" CONTENT="kan"/><SP WIDTH="15" VPOS="1359" HPOS="418"/>
							<String ID="string_400" HPOS="433" VPOS="1358" WIDTH="106" HEIGHT="27" WC="0.92" CONTENT="nemligen"/><SP WIDTH="15" VPOS="1358" HPOS="539"/>
							<String ID="string_401" HPOS="554" VPOS="1358" WIDTH="47" HEIGHT="22" WC="0.96" CONTENT="icke"/><SP WIDTH="15" VPOS="1358" HPOS="601"/>
							<String ID="string_402" HPOS="616" VPOS="1357" WIDTH="58" HEIGHT="22" WC="0.96" CONTENT="finna"/><SP WIDTH="13" VPOS="1357" HPOS="674"/>
							<String ID="string_403" HPOS="687" VPOS="1358" WIDTH="50" HEIGHT="20" WC="0.96" CONTENT="herr"/><SP WIDTH="14" VPOS="1358" HPOS="737"/>
							<String ID="string_404" HPOS="751" VPOS="1356" WIDTH="55" HEIGHT="32" WC="0.96" CONTENT="Rein"/><SP WIDTH="11" VPOS="1356" HPOS="806"/>
							<String ID="string_405" HPOS="817" VPOS="1355" WIDTH="65" HEIGHT="22" WC="0.95" CONTENT="hafva"/>
						</TextLine>
						<TextLine ID="line_42" HPOS="63" VPOS="1384" WIDTH="818" HEIGHT="30">
							<String ID="string_406" HPOS="63" VPOS="1387" WIDTH="70" HEIGHT="22" WC="0.96" CONTENT="anfört"/><SP WIDTH="15" VPOS="1387" HPOS="133"/>
							<String ID="string_407" HPOS="148" VPOS="1387" WIDTH="74" HEIGHT="27" WC="0.96" CONTENT="giltiga"/><SP WIDTH="15" VPOS="1387" HPOS="222"/>
							<String ID="string_408" HPOS="237" VPOS="1388" WIDTH="48" HEIGHT="21" WC="0.96" CONTENT="skäl"/><SP WIDTH="15" VPOS="1388" HPOS="285"/>
							<String ID="string_409" HPOS="300" VPOS="1389" WIDTH="33" HEIGHT="20" WC="0.96" CONTENT="att"/><SP WIDTH="15" VPOS="1389" HPOS="333"/>
							<String ID="string_410" HPOS="348" VPOS="1388" WIDTH="40" HEIGHT="21" WC="0.96" CONTENT="den"/><SP WIDTH="15" VPOS="1388" HPOS="388"/>
							<String ID="string_411" HPOS="403" VPOS="1388" WIDTH="90" HEIGHT="26" WC="0.96" CONTENT="garanti,"/><SP WIDTH="15" VPOS="1388" HPOS="493"/>
							<String ID="string_412" HPOS="508" VPOS="1394" WIDTH="45" HEIGHT="15" WC="0.96" CONTENT="som"/><SP WIDTH="15" VPOS="1394" HPOS="553"/>
							<String ID="string_413" HPOS="568" VPOS="1387" WIDTH="42" HEIGHT="21" WC="0.96" CONTENT="han"/><SP WIDTH="16" VPOS="1387" HPOS="610"/>
							<String ID="string_414" HPOS="626" VPOS="1386" WIDTH="85" HEIGHT="28" WC="0.93" CONTENT="åsyftar,"/><SP WIDTH="23" VPOS="1386" HPOS="711"/>
							<String ID="string_415" HPOS="734" VPOS="1384" WIDTH="106" HEIGHT="28" WC="0.91" CONTENT="nemligen"/><SP WIDTH="15" VPOS="1384" HPOS="840"/>
							<String ID="string_416" HPOS="855" VPOS="1390" WIDTH="26" HEIGHT="16" WC="0.96" CONTENT="en"/>
						</TextLine>
						<TextLine ID="line_43" HPOS="63" VPOS="1414" WIDTH="819" HEIGHT="29">
							<String ID="string_417" HPOS="63" VPOS="1416" WIDTH="87" HEIGHT="27" WC="0.96" CONTENT="verklig,"/><SP WIDTH="18" VPOS="1416" HPOS="150"/>
							<String ID="string_418" HPOS="168" VPOS="1416" WIDTH="50" HEIGHT="27" WC="0.96" CONTENT="djup"/><SP WIDTH="15" VPOS="1416" HPOS="218"/>
							<String ID="string_419" HPOS="233" VPOS="1416" WIDTH="121" HEIGHT="22" WC="0.96" CONTENT="kännedom"/><SP WIDTH="16" VPOS="1416" HPOS="354"/>
							<String ID="string_420" HPOS="370" VPOS="1416" WIDTH="40" HEIGHT="22" WC="0.93" CONTENT="och"/><SP WIDTH="15" VPOS="1416" HPOS="410"/>
							<String ID="string_421" HPOS="425" VPOS="1416" WIDTH="148" HEIGHT="26" WC="0.91" CONTENT="öfvertygelse,"/><SP WIDTH="16" VPOS="1416" HPOS="573"/>
							<String ID="string_422" HPOS="589" VPOS="1415" WIDTH="69" HEIGHT="22" WC="0.93" CONTENT="skulle"/><SP WIDTH="16" VPOS="1415" HPOS="658"/>
							<String ID="string_423" HPOS="674" VPOS="1414" WIDTH="121" HEIGHT="26" WC="0.91" CONTENT="derigenom"/><SP WIDTH="15" VPOS="1414" HPOS="795"/>
							<String ID="string_424" HPOS="810" VPOS="1414" WIDTH="72" HEIGHT="20" WC="0.96" CONTENT="kunna"/>
						</TextLine>
						<TextLine ID="line_44" HPOS="62" VPOS="1442" WIDTH="820" HEIGHT="29">
							<String ID="string_425" HPOS="62" VPOS="1445" WIDTH="81" HEIGHT="21" WC="0.96" CONTENT="vinnas."/><SP WIDTH="30" VPOS="1445" HPOS="143"/>
							<String ID="string_426" HPOS="173" VPOS="1444" WIDTH="33" HEIGHT="21" WC="0.92" CONTENT="Då"/><SP WIDTH="13" VPOS="1444" HPOS="206"/>
							<String ID="string_427" HPOS="219" VPOS="1445" WIDTH="38" HEIGHT="26" WC="0.96" CONTENT="jag"/><SP WIDTH="14" VPOS="1445" HPOS="257"/>
							<String ID="string_428" HPOS="271" VPOS="1444" WIDTH="34" HEIGHT="21" WC="0.96" CONTENT="för"/><SP WIDTH="14" VPOS="1444" HPOS="305"/>
							<String ID="string_429" HPOS="319" VPOS="1445" WIDTH="42" HEIGHT="20" WC="0.96" CONTENT="min"/><SP WIDTH="16" VPOS="1445" HPOS="361"/>
							<String ID="string_430" HPOS="377" VPOS="1444" WIDTH="34" HEIGHT="21" WC="0.96" CONTENT="del"/><SP WIDTH="15" VPOS="1444" HPOS="411"/>
							<String ID="string_431" HPOS="426" VPOS="1444" WIDTH="64" HEIGHT="21" WC="0.96" CONTENT="likväl"/><SP WIDTH="15" VPOS="1444" HPOS="490"/>
							<String ID="string_432" HPOS="505" VPOS="1445" WIDTH="47" HEIGHT="20" WC="0.96" CONTENT="icke"/><SP WIDTH="15" VPOS="1445" HPOS="552"/>
							<String ID="string_433" HPOS="567" VPOS="1444" WIDTH="39" HEIGHT="21" WC="0.96" CONTENT="har"/><SP WIDTH="14" VPOS="1444" HPOS="606"/>
							<String ID="string_434" HPOS="620" VPOS="1444" WIDTH="91" HEIGHT="20" WC="0.96" CONTENT="motsatt"/><SP WIDTH="13" VPOS="1444" HPOS="711"/>
							<String ID="string_435" HPOS="724" VPOS="1442" WIDTH="44" HEIGHT="26" WC="0.92" CONTENT="mig"/><SP WIDTH="11" VPOS="1442" HPOS="768"/>
							<String ID="string_436" HPOS="779" VPOS="1442" WIDTH="103" HEIGHT="25" WC="0.90" CONTENT="antagan-"/>
						</TextLine>
						<TextLine ID="line_45" HPOS="64" VPOS="1469" WIDTH="818" HEIGHT="31">
							<String ID="string_437" HPOS="64" VPOS="1473" WIDTH="37" HEIGHT="21" WC="0.96" CONTENT="det"/><SP WIDTH="14" VPOS="1473" HPOS="101"/>
							<String ID="string_438" HPOS="115" VPOS="1472" WIDTH="24" HEIGHT="21" WC="0.96" CONTENT="af"/><SP WIDTH="15" VPOS="1472" HPOS="139"/>
							<String ID="string_439" HPOS="154" VPOS="1474" WIDTH="8" HEIGHT="18" WC="0.94" CONTENT="1"/><SP WIDTH="18" VPOS="1474" HPOS="162"/>
							<String ID="string_440" HPOS="180" VPOS="1478" WIDTH="63" HEIGHT="15" WC="0.96" CONTENT="mom."/><SP WIDTH="15" VPOS="1478" HPOS="243"/>
							<String ID="string_441" HPOS="258" VPOS="1473" WIDTH="7" HEIGHT="20" WC="0.93" CONTENT="i"/><SP WIDTH="15" VPOS="1473" HPOS="265"/>
							<String ID="string_442" HPOS="280" VPOS="1471" WIDTH="325" HEIGHT="29" WC="0.90" CONTENT="sammanjemkningsförslaget,"/><SP WIDTH="17" VPOS="1471" HPOS="605"/>
							<String ID="string_443" HPOS="622" VPOS="1471" WIDTH="24" HEIGHT="21" WC="0.96" CONTENT="sä"/><SP WIDTH="16" VPOS="1471" HPOS="646"/>
							<String ID="string_444" HPOS="662" VPOS="1473" WIDTH="23" HEIGHT="18" WC="0.96" CONTENT="är"/><SP WIDTH="15" VPOS="1473" HPOS="685"/>
							<String ID="string_445" HPOS="700" VPOS="1470" WIDTH="38" HEIGHT="22" WC="0.96" CONTENT="det"/><SP WIDTH="14" VPOS="1470" HPOS="738"/>
							<String ID="string_446" HPOS="752" VPOS="1470" WIDTH="32" HEIGHT="21" WC="0.96" CONTENT="för"/><SP WIDTH="11" VPOS="1470" HPOS="784"/>
							<String ID="string_447" HPOS="795" VPOS="1469" WIDTH="36" HEIGHT="21" WC="0.74" CONTENT="det"/><SP WIDTH="7" VPOS="1469" HPOS="831"/>
							<String ID="string_448" HPOS="838" VPOS="1469" WIDTH="44" HEIGHT="21" WC="0.74" CONTENT="för-"/>
						</TextLine>
						<TextLine ID="line_46" HPOS="65" VPOS="1497" WIDTH="818" HEIGHT="31">
							<String ID="string_449" HPOS="65" VPOS="1502" WIDTH="34" HEIGHT="20" WC="0.92" CONTENT="sta"/><SP WIDTH="15" VPOS="1502" HPOS="99"/>
							<String ID="string_450" HPOS="114" VPOS="1500" WIDTH="76" HEIGHT="27" WC="0.90" CONTENT="derför,"/><SP WIDTH="17" VPOS="1500" HPOS="190"/>
							<String ID="string_451" HPOS="207" VPOS="1502" WIDTH="33" HEIGHT="20" WC="0.96" CONTENT="att"/><SP WIDTH="13" VPOS="1502" HPOS="240"/>
							<String ID="string_452" HPOS="253" VPOS="1500" WIDTH="36" HEIGHT="22" WC="0.93" CONTENT="vid"/><SP WIDTH="15" VPOS="1500" HPOS="289"/>
							<String ID="string_453" HPOS="304" VPOS="1501" WIDTH="98" HEIGHT="27" WC="0.93" CONTENT="pröfning"/><SP WIDTH="12" VPOS="1501" HPOS="402"/>
							<String ID="string_454" HPOS="414" VPOS="1500" WIDTH="23" HEIGHT="22" WC="0.93" CONTENT="af"/><SP WIDTH="13" VPOS="1500" HPOS="437"/>
							<String ID="string_455" HPOS="450" VPOS="1500" WIDTH="228" HEIGHT="28" WC="0.92" CONTENT="sammanjemkningar"/><SP WIDTH="14" VPOS="1500" HPOS="678"/>
							<String ID="string_456" HPOS="692" VPOS="1499" WIDTH="37" HEIGHT="21" WC="0.93" CONTENT="det"/><SP WIDTH="22" VPOS="1499" HPOS="729"/>
							<String ID="string_457" HPOS="751" VPOS="1497" WIDTH="81" HEIGHT="27" WC="0.93" CONTENT="städse,"/><SP WIDTH="16" VPOS="1497" HPOS="832"/>
							<String ID="string_458" HPOS="848" VPOS="1503" WIDTH="35" HEIGHT="16" WC="0.96" CONTENT="om"/>
						</TextLine>
						<TextLine ID="line_47" HPOS="64" VPOS="1526" WIDTH="819" HEIGHT="31">
							<String ID="string_459" HPOS="64" VPOS="1536" WIDTH="49" HEIGHT="16" WC="0.96" CONTENT="man"/><SP WIDTH="14" VPOS="1536" HPOS="113"/>
							<String ID="string_460" HPOS="127" VPOS="1529" WIDTH="37" HEIGHT="23" WC="0.96" CONTENT="vill"/><SP WIDTH="14" VPOS="1529" HPOS="164"/>
							<String ID="string_461" HPOS="178" VPOS="1530" WIDTH="85" HEIGHT="21" WC="0.96" CONTENT="komma"/><SP WIDTH="15" VPOS="1530" HPOS="263"/>
							<String ID="string_462" HPOS="278" VPOS="1530" WIDTH="32" HEIGHT="21" WC="0.93" CONTENT="till"/><SP WIDTH="16" VPOS="1530" HPOS="310"/>
							<String ID="string_463" HPOS="326" VPOS="1529" WIDTH="165" HEIGHT="27" WC="0.92" CONTENT="ständerbeslut,"/><SP WIDTH="17" VPOS="1529" HPOS="491"/>
							<String ID="string_464" HPOS="508" VPOS="1529" WIDTH="67" HEIGHT="28" WC="0.96" CONTENT="gäller"/><SP WIDTH="15" VPOS="1529" HPOS="575"/>
							<String ID="string_465" HPOS="590" VPOS="1530" WIDTH="32" HEIGHT="20" WC="0.96" CONTENT="att"/><SP WIDTH="14" VPOS="1530" HPOS="622"/>
							<String ID="string_466" HPOS="636" VPOS="1528" WIDTH="8" HEIGHT="21" WC="0.93" CONTENT="i"/><SP WIDTH="16" VPOS="1528" HPOS="644"/>
							<String ID="string_467" HPOS="660" VPOS="1528" WIDTH="71" HEIGHT="27" WC="0.92" CONTENT="nägon"/><SP WIDTH="21" VPOS="1528" HPOS="731"/>
							<String ID="string_468" HPOS="752" VPOS="1526" WIDTH="35" HEIGHT="23" WC="0.93" CONTENT="del"/><SP WIDTH="21" VPOS="1526" HPOS="787"/>
							<String ID="string_469" HPOS="808" VPOS="1526" WIDTH="75" HEIGHT="28" WC="0.92" CONTENT="frängä"/>
						</TextLine>
						<TextLine ID="line_48" HPOS="65" VPOS="1555" WIDTH="818" HEIGHT="31">
							<String ID="string_470" HPOS="65" VPOS="1559" WIDTH="44" HEIGHT="27" WC="0.96" CONTENT="det,"/><SP WIDTH="15" VPOS="1559" HPOS="109"/>
							<String ID="string_471" HPOS="124" VPOS="1565" WIDTH="46" HEIGHT="16" WC="0.96" CONTENT="som"/><SP WIDTH="14" VPOS="1565" HPOS="170"/>
							<String ID="string_472" HPOS="184" VPOS="1564" WIDTH="50" HEIGHT="16" WC="0.96" CONTENT="man"/><SP WIDTH="15" VPOS="1564" HPOS="234"/>
							<String ID="string_473" HPOS="249" VPOS="1559" WIDTH="70" HEIGHT="22" WC="0.93" CONTENT="skulle"/><SP WIDTH="16" VPOS="1559" HPOS="319"/>
							<String ID="string_474" HPOS="335" VPOS="1565" WIDTH="50" HEIGHT="16" WC="0.93" CONTENT="anse"/><SP WIDTH="16" VPOS="1565" HPOS="385"/>
							<String ID="string_475" HPOS="401" VPOS="1565" WIDTH="50" HEIGHT="17" WC="0.96" CONTENT="vara"/><SP WIDTH="16" VPOS="1565" HPOS="451"/>
							<String ID="string_476" HPOS="467" VPOS="1558" WIDTH="37" HEIGHT="22" WC="0.93" CONTENT="det"/><SP WIDTH="15" VPOS="1558" HPOS="504"/>
							<String ID="string_477" HPOS="519" VPOS="1558" WIDTH="118" HEIGHT="28" WC="0.93" CONTENT="riktigaste,"/><SP WIDTH="17" VPOS="1558" HPOS="637"/>
							<String ID="string_478" HPOS="654" VPOS="1557" WIDTH="40" HEIGHT="22" WC="0.96" CONTENT="och"/><SP WIDTH="15" VPOS="1557" HPOS="694"/>
							<String ID="string_479" HPOS="709" VPOS="1556" WIDTH="33" HEIGHT="22" WC="0.96" CONTENT="för"/><SP WIDTH="16" VPOS="1556" HPOS="742"/>
							<String ID="string_480" HPOS="758" VPOS="1556" WIDTH="36" HEIGHT="22" WC="0.96" CONTENT="det"/><SP WIDTH="22" VPOS="1556" HPOS="794"/>
							<String ID="string_481" HPOS="816" VPOS="1555" WIDTH="67" HEIGHT="22" WC="0.96" CONTENT="andra"/>
						</TextLine>
					</TextBlock>
				</ComposedBlock>
				<ComposedBlock ID="cblock_2" HPOS="794" VPOS="1599" WIDTH="20" HEIGHT="17">
					<TextBlock ID="block_3" HPOS="794" VPOS="1599" WIDTH="20" HEIGHT="17">
						<TextLine ID="line_49" HPOS="794" VPOS="1599" WIDTH="20" HEIGHT="17">
							<String ID="string_482" HPOS="794" VPOS="1599" WIDTH="20" HEIGHT="17" WC="0.94" CONTENT="17"/>
						</TextLine>
					</TextBlock>
				</ComposedBlock>
			</PrintSpace>
		</Page>
	</Layout>
</alto>
