1061 1811
365 122 39 17 Den
423 120 23 19 19
462 122 104 18 December.
792 120 53 20 1573

58 182 76 22 serade
156 182 161 29 grekisk-ryska
335 184 169 22 trosförvandter
520 186 31 20 att
564 184 64 22 vinna
642 184 113 22 befordran
770 184 34 22 till
818 185 56 27 tjen-

57 212 46 20 ster
117 211 7 21 i
139 211 79 22 landet.

124 240 56 21 Herr
195 240 154 28 Schauman,
365 242 24 20 B.
406 241 32 27 O.,
454 248 46 15 som
516 241 87 21 anhållit
618 247 34 15 om
667 241 67 27 ordet,
743 242 85 26 yttrade
842 242 33 26 sig

56 267 7 21 i
79 268 69 22 denna
161 268 61 28 fråga
235 269 29 27 på
279 268 92 28 följande
391 271 53 20 sätt:
475 270 41 26 Jag
530 270 42 21 kan
588 270 113 26 omöjligen
715 270 113 21 underlåta
842 272 33 19 att

56 297 75 26 uttala,
148 297 55 21 huru
218 297 112 27 högeligen
346 299 122 25 önskvärdt,
482 298 23 27 ja
520 298 129 27 nödvändigt
664 298 33 21 för
712 300 32 19 ett
752 299 68 20 bättre
829 299 43 21 för-

56 325 64 21 stånd
143 325 22 22 af
184 325 100 22 Finlands
308 327 128 27 grundlagar
452 327 39 21 och
506 327 84 21 landets
605 327 102 26 politiska
722 327 100 27 ställning
838 327 37 21 det

54 359 51 16 vore
127 355 33 20 att
182 361 26 15 en
224 355 68 21 sådan
306 355 92 22 revision
414 355 22 22 af
448 356 52 21 våra
516 355 254 28 grundlagsstadganden,
785 356 86 21 hvilken

54 382 93 28 påyrkas
162 383 7 21 i
184 383 145 28 föreliggande
344 384 188 27 petitionsförslag,
541 385 84 21 komme
641 385 31 20 till
688 385 68 21 stånd.
783 385 88 21 Utskot-

55 413 33 20 tet
109 411 39 22 har
169 413 49 21 med
240 419 26 15 en
289 413 95 22 särdeles
399 413 86 22 klarhet
500 414 113 21 motiverat
628 413 39 21 sitt
681 413 147 28 tillstyrkande
844 413 28 27 på

55 440 86 22 sidorna
164 443 11 19 6
199 441 39 22 och
262 443 11 20 7
290 443 56 20 samt
360 441 121 28 framhållit,
497 442 55 21 huru
567 441 115 22 förändrad
697 442 37 22 vår
750 443 122 20 statsrätts-

54 469 44 27 liga
113 470 101 27 ställning
228 470 68 22 blifvit
311 471 67 22 sedan
394 473 61 20 1809.
485 471 68 22 Bland
569 472 65 20 annat
648 471 39 20 har
697 471 36 21 det
744 471 66 21 också
820 471 50 22 åbe-

55 499 72 26 ropats
144 499 32 21 ett
190 498 45 22 ofta
249 499 122 28 begagnadt
386 500 86 27 uttryck
488 499 22 22 af
522 500 59 21 Hans
589 500 102 27 Majestät
699 499 77 28 Kejsar
783 499 89 22 Alexan-

55 527 38 22 der
110 527 10 21 I
135 527 34 22 vid
186 529 53 20 1809
256 529 34 20 års
306 528 109 28 landtdag,
431 529 102 21 hurusom
547 529 100 21 Finlands
663 528 43 21 folk
723 545 4 9 ,
728 527 76 27 blifvit
818 535 54 20 upp-

54 555 61 28 höjdt
136 555 33 23 för
190 556 113 23 framtiden
323 557 64 22 bland
402 557 136 22 nationernas
555 557 78 26 antal",
649 563 48 16 men
713 557 59 22 detta
786 557 86 28 uttryck

56 584 38 22 har
114 585 38 27 jag
175 586 113 21 emellanåt
310 585 69 22 funnit
401 586 29 27 på
451 587 55 21 visst
527 588 44 20 sätt
585 586 57 27 gifva
657 585 114 27 anledning
786 586 33 20 till
834 586 37 21 be-

54 613 226 29 greppsförvexlingar,
303 615 70 21 såsom
396 617 74 19 senast
491 616 7 20 i
520 615 49 22 herr
591 614 139 22 Silfversvans
746 615 26 21 så
786 614 86 28 mycket

55 643 106 21 omtalade
183 644 133 21 reservation
331 644 32 21 till
379 644 256 27 Värnepligtsutskottets
650 644 141 21 betänkande.
823 644 49 21 Man

54 671 39 22 har
115 672 89 27 oriktigt
225 672 44 22 fäst
284 673 33 27 sig
331 672 36 22 vid
382 675 87 19 namnet
484 673 78 26 nation,
579 674 22 26 ty
617 673 120 27 egentligen
752 672 66 22 borde
835 672 36 22 det

53 700 53 22 heta
128 701 118 27 ,upphöjdt
268 702 32 21 till
323 708 26 16 en
372 703 63 21 stat".
466 702 42 22 Det
530 703 44 21 står
596 702 106 26 nemligen
716 702 48 21 icke
779 702 7 20 i
801 701 70 27 någon

54 730 122 21 menniskas
192 730 59 22 makt
266 732 32 20 att
314 731 94 27 upphöja
424 732 32 20 ett
470 731 44 21 folk
529 731 31 21 till
575 731 80 27 nation,
670 731 44 21 lika
728 731 48 21 litet
784 736 45 16 som
839 732 33 19 att

54 758 89 27 utplåna
165 765 26 15 en
206 760 79 26 nation,
301 766 48 15 men
363 760 35 21 väl
414 760 42 21 kan
472 760 36 22 det
524 762 61 25 sägas
601 761 32 20 att
648 766 49 15 man
712 760 41 20 kan
770 760 52 26 göra
837 759 34 21 så-

54 787 34 21 väl
111 787 37 21 det
170 794 40 15 ena
224 794 45 15 som
286 788 36 21 det
338 788 72 26 andra,
427 788 27 21 då
470 789 36 21 det
522 788 65 27 gäller
602 794 26 15 en
643 789 50 20 stat.
722 788 73 26 Derpå
810 788 61 21 torde

54 815 73 22 såsom
149 818 90 20 motsatt
254 817 95 27 exempel
363 817 66 21 Polen
443 817 72 21 kunna
529 816 92 23 anföras.
651 817 46 20 Den
711 817 77 26 polska
801 816 69 22 natio-

54 851 41 15 nen
110 845 43 21 kan
167 845 35 21 väl
217 845 47 22 icke
280 845 98 28 utplånas
393 853 27 14 ur
434 846 135 21 nationernas
586 845 64 27 antal,
667 845 66 22 ehuru
743 845 66 22 Polen
816 851 54 21 upp-

53 873 50 22 hört
118 875 32 20 att
165 873 67 22 finnas
248 875 32 20 till
296 875 71 21 såsom
383 876 49 20 stat.
463 875 65 21 Detta
543 875 38 21 har
594 875 37 26 jag
647 874 56 22 velat
718 873 80 28 anföra,
814 880 56 15 eme-

54 903 41 21 dan
107 903 39 26 jag
161 908 63 16 anser
239 905 32 19 att
285 903 50 21 herr
350 903 128 22 Silfversvan
493 904 7 20 i
516 904 31 20 sin
562 903 126 27 motivering
701 903 46 26 just
761 903 39 21 har
808 903 62 21 miss-

53 930 88 22 förstått
157 932 59 21 detta
232 932 44 22 ofta
291 932 121 27 åberopade
426 932 55 27 höga
489 932 104 28 yttrande,
611 932 27 21 då
652 932 41 21 han
709 932 73 22 vidare
797 938 73 15 menar

53 961 33 20 att
101 966 26 16 en
147 960 73 22 nation
235 967 42 21 nog
291 961 43 21 kan
348 960 56 22 lefva
419 961 39 21 och
474 961 112 21 framdeles
601 960 100 22 utveckla
716 960 39 27 sig,
771 962 51 20 utan
838 962 33 20 att

53 988 92 22 behöfva
160 989 71 27 någon
245 990 149 26 militärmakt;
411 996 49 15 men
475 990 24 21 så
515 992 23 18 är
553 989 128 22 åtminstone
696 989 48 22 icke
754 989 60 22 fallet
821 989 50 21 med

53 1024 27 15 en
95 1019 50 21 stat.
175 1018 66 22 Detta
256 1018 63 28 sagdt
333 1024 59 16 mera
407 1018 7 21 i
429 1018 143 28 förbigående.
602 1018 50 22 Men
665 1018 37 27 jag
716 1018 36 21 vill
768 1018 102 27 derjemte

53 1046 88 27 tillägga
163 1048 32 20 att
217 1053 26 15 en
265 1047 67 21 sådan
346 1047 93 21 revision
454 1046 23 22 af
489 1047 50 22 våra
554 1046 134 28 grundlagar,
704 1052 46 16 som
765 1053 29 15 nu
808 1047 62 27 påyr-

53 1075 46 26 kas,
114 1082 51 15 vore
180 1075 33 22 för
227 1076 99 21 Finlands
342 1075 99 22 framtida
456 1076 99 26 ställning
571 1075 39 22 och
627 1075 101 21 särskildt
742 1075 33 21 för
784 1075 26 21 de
817 1075 53 21 kon-

53 1104 140 22 stitutionella
214 1103 187 28 förhandlingarne
423 1104 35 22 vid
480 1104 51 22 våra
552 1104 128 26 landtdagar
702 1103 23 22 af
738 1110 27 15 en
780 1104 88 21 alldeles

53 1132 125 27 obestridlig
202 1133 50 27 vigt.
282 1133 44 21 Det
340 1133 39 21 har
393 1133 56 21 visat
464 1132 32 28 sig
511 1133 34 21 vid
560 1133 51 21 våra
625 1132 129 27 föregående
769 1132 99 22 landtda-

53 1167 44 21 gar,
120 1162 55 20 huru
197 1161 26 21 de
242 1162 131 26 obestämda,
389 1160 115 23 sväfvande
520 1162 39 21 och
574 1161 47 22 icke
637 1167 58 15 mera
708 1160 108 28 passande
830 1161 38 21 be-

53 1190 159 27 stämningarna
226 1190 7 21 i
248 1190 64 21 dessa
325 1190 129 27 grundlagar
468 1190 46 21 ledt
528 1190 31 21 till
574 1190 77 27 många
666 1190 92 26 onödiga
773 1190 41 21 och
828 1190 39 21 vil-

52 1218 116 22 seledande
190 1218 151 27 diskussioner,
364 1218 25 22 så
412 1220 33 20 att
464 1219 38 26 jag
523 1219 47 21 icke
585 1219 42 20 kan
642 1217 57 22 finna
714 1219 64 21 annat
794 1220 26 19 än
835 1219 33 20 att

52 1247 69 22 denna
143 1247 91 28 petition
256 1250 23 19 är
294 1247 22 22 af
329 1247 78 28 högsta
421 1247 70 22 nöden
506 1247 105 28 påkallad.
641 1247 48 22 Den
703 1247 64 22 värde
782 1247 85 27 petitio-

51 1278 66 19 nären
132 1277 40 21 har
186 1282 76 21 genom
278 1277 123 21 densamma
415 1276 7 21 i
437 1276 57 21 mina
509 1277 54 26 ögon
578 1276 67 27 inlagt
661 1282 25 15 en
702 1277 46 20 stor
762 1276 106 27 förtjenst,

52 1305 89 22 likasom
163 1305 41 21 han
226 1305 66 22 redan
314 1305 58 22 förut
393 1311 76 21 genom
492 1305 33 21 sin
549 1305 249 22 författareverksamhet
827 1304 41 22 har

52 1334 85 27 mycket
151 1334 93 27 bidragit
258 1334 32 21 till
306 1334 115 27 belysande
436 1333 22 22 af
471 1334 98 21 Finlands
586 1333 156 27 statsrättsliga
758 1333 109 27 ställning.

120 1363 33 21 Då
171 1363 63 26 ingen
250 1369 68 15 annan
334 1362 22 22 af
369 1363 97 21 ståndets
482 1363 136 21 medlemmar
633 1362 94 22 önskade
742 1362 68 26 ordet,
826 1361 45 22 blef

51 1391 28 27 på
94 1391 49 22 herr
157 1391 216 22 Landtmarskalkens
390 1391 52 22 derä
456 1391 75 27 gjorda
543 1391 180 26 framställningar
738 1391 69 26 bägge
824 1390 44 21 dei

51 1419 118 23 utskottets
184 1420 136 22 betänkande
336 1420 103 27 ingående
454 1421 121 21 momenten
589 1419 23 22 af
625 1419 86 22 ståndet
726 1419 84 27 gillade.

120 1504 119 27 Föredrogs
254 1504 240 21 Riddarhusutskottets
509 1503 119 27 bordlagda
643 1503 109 22 skrifvelse
768 1503 48 22 med
824 1502 42 23 för-

53 1532 46 28 slag
113 1533 33 21 till
161 1533 128 22 instruktion
304 1532 32 23 för
352 1533 40 22 den
407 1532 105 23 blifvande
528 1531 249 28 riddarhusgenealogen.
