1075 1761
403 117 39 18 Den
459 116 24 19 15
500 118 80 17 Januari.
823 117 53 21 1853

87 177 169 30 skofsförslaget.
286 179 43 29 Jag
342 181 43 22 kan
401 181 47 22 icke
463 181 50 22 med
523 181 86 28 ledning
620 181 23 23 af
648 181 187 29 förhandlingarna
843 185 65 20 annat

86 209 86 27 antaga,
196 211 26 19 än
244 210 32 21 att
298 215 48 16 man
369 210 35 22 vill
418 209 64 23 hafva
496 210 76 28 frägan
586 205 138 34 uppskjuten,
740 211 23 22 af
777 211 81 22 önskan
875 214 33 20 att

87 237 37 22 det
145 237 122 28 lagförslag,
290 237 83 24 hvilket
395 245 29 16 nu
447 239 108 23 tillvunnit
573 240 32 33 sig
620 240 101 27 samtliga
735 240 102 22 ständens
854 241 52 27 god-

85 265 121 28 kännande,
230 267 68 21 mätte
313 267 48 22 utaf
375 268 41 21 den
430 268 130 21 kommande
574 268 130 27 landtdagen
720 268 115 23 förkastas.
865 270 42 26 Jag

85 294 67 27 vägar
167 295 129 22 ätminstone
312 296 19 26 ej
348 296 89 27 hoppas,
453 298 32 20 att
501 296 61 22 detta
576 294 94 33 yrkande
685 297 28 27 pä
729 297 95 27 uppskof
830 298 77 21 endast

86 323 68 22 skulle
169 322 80 24 förafse
264 324 138 28 möjligheten
417 324 23 22 af
453 325 71 27 nägon
538 326 116 26 yttermera
669 324 130 28 förbättring
813 326 7 21 i
835 325 71 28 nägon

85 352 35 22 del
135 352 23 22 af
172 352 40 22 den
228 352 40 28 lag,
285 359 46 16 som
346 360 29 15 nu
391 354 55 21 varit
460 354 68 21 under
543 328 163 60 handläggning.
737 354 43 22 Det
791 354 69 22 skulle
871 355 34 21 så-

84 381 59 22 ledes
159 381 57 27 gälla
231 383 33 20 att
278 382 56 22 intill
348 384 63 20 nästa
426 382 104 28 landtdag
545 383 147 21 åstadkomma
708 382 41 22 den
763 382 143 28 förändring
896 377 15 37 i

84 410 87 27 åsigter,
187 412 56 20 samt
261 410 25 22 så
300 410 129 23 förändrade
443 411 42 27 val,
501 413 33 20 att
548 383 59 80 hvad
620 417 46 16 som
681 418 29 15 nu
725 411 49 22 med
789 412 61 22 stark
860 419 44 15 ma-

81 438 76 29 joritet
178 438 70 24 blifvit
270 440 71 22 såsom
363 440 84 22 landets
463 440 85 27 opinion
564 441 102 28 uttryckt,
682 440 28 22 då
725 441 68 22 måtte
809 443 76 20 stanna
898 441 7 22 i

83 468 115 22 minoritet.
228 469 44 22 Det
293 471 25 20 är
333 469 19 28 ej
368 469 49 22 med
432 469 69 28 någon
517 470 66 27 knapp
597 464 170 42 röstpluralitet,
784 476 46 16 som
846 472 58 20 stän-

84 497 66 22 derna
171 496 100 23 omfattat
292 498 110 27 förslaget.
433 498 43 22 Det
499 499 23 21 är
542 499 7 20 i
565 499 30 22 de
606 499 63 21 valda
684 498 92 23 stånden
792 501 27 20 95
834 501 71 20 röster

83 528 45 20 mot
151 527 37 26 40;
212 527 40 22 och
274 527 28 28 pä
325 527 62 22 detta
409 533 47 16 rum
468 527 79 28 jemväl
563 527 137 31 en|betydlig
715 527 109 28 öfvervigt.
854 529 50 21 Men

83 557 101 25 antagom
199 557 33 20 att
248 555 31 28 de,
296 562 46 15 som
357 556 8 21 i
380 555 95 28 enlighet
489 556 50 22 med
554 557 33 20 sin
602 556 141 28 öfvertygelse
759 556 56 22 hade
826 557 78 21 önskat

83 590 27 15 en
132 590 69 15 annan
224 584 87 29 utgäng,
327 584 70 22 skulle
411 585 74 27 lyckas
501 585 24 21 sä
540 579 88 28 inverka
642 585 58 27 uppä
715 585 140 26 tänkesättet,
872 587 32 20 att

82 612 134 28 majoriteten
240 613 35 22 vid
297 615 64 20 nästa
376 613 104 27 landtdag
496 613 69 22 skulle
581 613 63 21 ställa
660 614 33 26 sig
707 614 29 26 pä
751 614 68 21 andra
833 614 68 22 sidan.

82 641 62 22 Hvad
166 641 94 28 föreläge
283 642 28 22 dä
332 642 7 22 i
354 642 89 22 stället?
473 642 155 27 Troligtvis
603 637 27 36 de
645 642 57 22 olika
716 642 87 27 förslag,
821 648 45 16 som
883 643 22 21 af

82 670 136 22 minoriteten
234 677 28 16 nu
277 670 70 23 blifvit
361 670 135 23 framställda
511 670 40 23 och
567 670 123 27 omfattade.
721 671 30 27 Ty
765 672 138 22 minoriteten

83 700 35 22 vid
134 699 70 23 denna
218 700 102 27 landtdag
336 700 39 21 har
390 700 19 27 ej
426 700 91 22 anslutit
531 700 33 27 sig
578 698 56 24 blott
649 700 32 21 till
696 701 33 21 ett
744 700 61 27 enda,
813 700 47 22 frän
867 703 35 19 ut-

84 729 94 21 skottets
200 728 80 28 förslag
304 728 113 23 afvikande
433 730 86 26 system.
548 729 51 24 Man
614 729 40 21 har
668 728 98 22 förordat
781 729 25 21 sä
821 730 35 21 väl
871 729 31 22 in-

82 758 45 21 delt
141 758 79 22 militär
235 764 73 16 ensam
324 758 52 22 eller
390 758 7 21 i
411 758 147 22 kombination
572 756 50 24 med
636 757 101 23 värivade
751 759 94 26 trupper,
855 764 47 16 som

82 786 40 23 ock
137 786 82 22 indelta
234 786 52 23 eller
301 786 100 23 värfvade
415 788 89 26 trupper
519 787 7 21 i
540 786 146 23 kombination
700 786 50 23 med
765 787 63 21 milis.
858 787 43 22 Un-

82 816 38 22 der
142 816 126 22 debatterna
290 816 7 22 i
313 816 99 28 samtliga
427 816 92 22 ständen
534 816 63 22 hafva
612 816 111 27 allvarliga
737 816 164 27 anmärkningar

80 845 126 22 framställts
228 846 46 21 mot
288 845 154 28 lämpligheten
457 844 22 22 af
493 845 63 22 dessa
571 851 29 16 nu
615 844 112 28 päpekade
743 844 57 22 olika
814 844 86 28 förslag.

80 874 44 21 Det
144 874 40 21 har
206 874 49 21 med
277 874 48 21 skäl
339 874 134 26 framhällits,
489 875 34 20 att
539 874 26 21 de
579 873 102 22 värfvade
696 874 123 27 trupperna,
834 874 67 27 jemte

82 903 36 21 det
133 904 33 20 att
182 903 37 22 det
234 903 80 27 städse,
331 903 40 22 och
386 903 7 21 i
408 902 79 27 hvarje,
505 901 61 23 äfven
581 903 37 21 det
632 903 80 21 rikaste
728 902 56 27 land,
801 904 24 20 är
841 908 26 15 en
877 902 24 22 fi-

80 931 82 23 nansiel
184 931 125 28 omöjlighet
332 933 32 20 att
378 931 29 28 pä
422 931 48 22 dem
486 931 83 28 grunda
584 933 32 22 ett
631 931 69 22 starkt
715 930 89 27 försvar,
819 931 80 22 lätteli-

80 967 41 21 gen
142 961 87 22 komma
248 962 33 21 att
296 961 94 27 gestalta
405 961 33 27 sig
452 960 91 22 likasom
558 960 66 28 nägot
638 960 130 22 fremmande
783 959 34 23 för
831 961 68 21 natio-

80 996 48 16 nen.
158 990 42 22 Det
222 990 39 22 har
281 992 46 20 mot
349 990 38 22 det
405 989 81 22 indelta
501 991 105 26 systemet
620 989 47 22 äter
683 990 116 25 anmärkts,
816 991 32 20 att
863 990 38 21 det

80 1021 168 25 representerar,
272 1019 72 22 säsom
366 1018 113 22 samhället
501 1025 28 15 nu
552 1018 110 26 utvecklat
677 1019 38 27 sig,
732 1024 25 16 en
773 1020 128 25 permanent

80 1048 104 22 orättvisa
200 1050 57 20 emot
269 1048 143 28 jordegarene
428 1047 40 23 och
483 1049 34 20 att
532 1048 36 21 det
583 1046 14 31 i)
605 1046 124 31 militäriskt
740 1047 101 22 afseende
851 1047 48 23 icke

78 1083 60 16 mera
160 1077 126 28 obetingadt
300 1077 133 28 godkännes.
450 1089 25 3 —
491 1076 43 23 Det
548 1076 40 22 har
604 1072 56 37 emot
676 1076 41 22 den
733 1076 68 27 tredje
816 1076 83 22 kombi-

79 1107 101 21 nationen
203 1107 97 27 erinrats,
324 1108 32 20 att
379 1107 31 21 ett
432 1106 77 21 sådant
531 1103 81 30 system
627 1106 117 26 veterligen
759 1105 48 22 icke
823 1107 23 19 är
860 1105 39 21 nä-

78 1136 117 26 gonstädes
211 1135 127 27 tillämpadt,
353 1136 32 20 att
401 1135 36 21 det
453 1134 70 22 derför
537 1135 99 21 vorejett
652 1134 136 28 experiment,
800 1136 56 19 samt
866 1135 33 20 att

78 1164 80 21 miliser
180 1164 48 21 icke
251 1164 89 27 erbjuda
362 1164 41 21 den
425 1163 101 28 trygghet
545 1163 7 20 i
567 1162 158 27 försvarskraft,
742 1169 47 15 som
804 1164 31 20 ett
849 1162 49 22 full-

79 1193 96 27 ständigt
190 1192 135 28 genomfördt
339 1192 219 27 värnepligtssystem.

146 1222 35 21 Nu
196 1221 69 22 skulle
280 1228 49 15 man
344 1221 119 22 emellertid
478 1220 51 28 vilja
544 1223 33 19 att
587 1214 45 61 hi
647 1222 60 20 stora
721 1220 114 27 majoritet,
851 1226 47 15 som

78 1251 61 27 gillat
154 1250 120 23 utskottets
290 1250 143 27 betänkande,
448 1249 67 22 borde
530 1249 116 30 medverka
660 1249 32 22 till
708 1250 33 21 att
756 1249 79 22 bereda
845 1249 52 26 möj-

77 1280 68 27 lighet
159 1279 33 22 för
206 1279 171 27 framläggandet
392 1278 22 23 af
428 1279 41 22 den
485 1284 39 16 ena
540 1279 58 21 eller
608 1279 66 21 andra
683 1278 22 21 af
712 1277 65 23 dessa
784 1277 114 25 afvikande

78 1309 80 27 äsigter
172 1308 7 21 i
195 1308 73 22 stället
282 1308 34 22 för
330 1307 57 22 hvad
402 1313 45 16 som
462 1307 67 22 redan
543 1306 69 23 blifvit
626 1307 117 27 godkändt.
766 1307 41 26 Jag
814 1305 33 22 för
854 1306 43 21 min

78 1338 34 21 del
126 1337 85 22 befarar
226 1337 87 22 alldeles
328 1337 49 22 icke
393 1337 32 21 att
440 1337 32 20 ett
488 1335 94 28 uppskof
622 1336 42 21 skulle
678 1335 96 22 medföra
790 1336 41 20 den
846 1341 50 21 nyss

77 1366 93 27 antydda
184 1365 152 28 förändringen
350 1365 8 21 i
373 1365 86 27 äsigter.
489 1365 41 26 Jag
544 1365 40 21 har
596 1365 51 21 med
663 1365 23 21 sä
701 1363 39 23 full
755 1363 142 27 öfvertygelse

78 1395 99 21 omfattat
199 1395 37 20 det
259 1393 139 27 fullständiga
419 1372 243 52 värneplistssystemet,
686 1394 33 19 att
738 1393 39 26 jag
791 1392 48 21 icke
853 1392 44 20 kan

77 1423 67 22 tänka
159 1422 43 27 mig
217 1424 65 19 annat
298 1423 26 20 än
340 1423 33 20 att
389 1421 66 26 detta,
471 1423 48 24 steg
534 1420 33 23 för
582 1427 54 21 steg,
653 1420 112 22 efterhand
780 1425 33 16 om
829 1419 68 21 ocksä

76 1451 114 27 långsamt,
210 1450 56 22 skall
287 1450 98 22 tillvinna
407 1450 33 26 sig
462 1449 38 21 allt
522 1455 59 17 mera
596 1449 145 23 jerkännande
755 1448 8 21 i
777 1448 47 21 vårt
838 1448 57 21 land.

76 1480 66 23 Detta
164 1480 92 27 systems
278 1478 100 29 giltighet
400 1478 45 22 stär
467 1477 49 23 med
539 1473 81 38 tydliga
643 1477 53 28 drag
711 1476 93 23 tecknad
819 1482 76 22 genom

77 1509 117 23 samtidens
216 1508 90 22 historia
329 1507 40 23 och
392 1507 69 22 denna
483 1507 99 30 giltighet
597 1507 61 31 iskall
674 1506 71 23 derför
760 1505 62 23 äfven
837 1505 6 22 i
858 1505 38 23 vår

76 1537 205 31 militärförfattning
295 1537 65 25 vinna
374 1537 77 28 insteg.
597 1540 1 3 :
