1064 1803
360 133 39 17 Den
416 131 25 19 20
457 133 105 18 December.
786 132 53 19 1589

53 196 92 21 termera
159 195 136 28 bordlägges,
311 203 48 14 men
375 197 32 20 att
423 197 70 26 någon
508 195 60 28 fråga
584 203 33 15 om
632 196 149 27 upphäfvande
790 196 23 22 af
819 197 51 22 Rid-

53 224 127 27 derskapets
189 224 41 21 och
239 225 79 21 Adelns
333 225 72 22 beslut
420 225 69 27 aldrig
504 225 72 22 vidare
591 226 42 21 kan
648 225 158 28 ifrågakomma,
818 228 52 19 utan

53 253 76 21 endast
144 253 104 22 huruvida
262 253 56 27 Lag-
334 254 40 21 och
389 254 211 22 Ekonomiutskottet
614 254 8 21 i
638 254 32 21 sin
685 255 117 21 resolution
818 254 51 22 träf-

51 281 32 21 fat
98 281 37 22 det
149 283 64 20 rätta.

119 310 99 21 Friherre
232 315 41 17 von
288 311 77 26 Born,
382 311 31 21 V.:
429 311 42 26 Jag
485 311 39 22 ber
539 313 32 20 att
586 310 20 22 få
615 310 130 23 beträffande
755 312 40 21 den
803 311 66 27 fråga,

52 344 46 16 som
116 345 29 15 nu
160 338 120 28 föreligger,
296 339 73 22 förena
384 339 42 27 mig
442 345 34 16 om
492 340 39 21 den
548 339 141 28 uppfattning,
705 339 89 23 friherre
809 341 60 27 Boije

51 367 57 21 velat
130 368 53 26 göra
197 367 103 27 gällande.
331 368 50 21 Just
396 370 24 19 sä
434 368 39 21 har
486 368 38 27 jag
538 368 107 22 föreställt
660 368 42 27 mig
717 370 32 19 att
764 375 27 15 en
805 369 63 21 bord-

51 396 101 27 läggning
173 393 44 24 kan
237 396 85 22 komma
344 397 7 21 i
365 396 66 28 fråga,
448 397 19 21 d.
483 404 19 14 v.
518 403 16 15 s.
551 397 77 22 endast
642 396 32 22 för
690 399 31 19 ett
736 397 133 22 bedömande

51 424 46 22 från
113 424 98 22 ståndets
227 425 47 21 sida
289 432 34 15 om
338 426 119 21 utskottets
472 426 136 27 uppfattning
623 425 23 22 af
659 425 84 28 frågans
755 426 48 22 öde.
818 426 50 22 Med

52 454 113 26 anledning
187 453 23 22 af
222 454 56 22 hvad
292 454 51 22 herr
358 454 204 22 Landtmarskalken
577 455 91 27 yttrade,
685 455 136 27 åberopande
837 456 32 26 sig

51 482 29 27 på
103 484 26 20 63
153 482 10 28 &
187 482 22 22 af
225 482 23 22 L.
265 483 32 25 O.,
314 483 96 22 anhåller
422 484 37 27 jag
475 485 31 20 att
522 484 60 21 äfven
598 484 46 21 deri
658 483 22 21 få
694 483 127 27 fullkomligt
836 484 31 21 in-

51 512 100 26 stämma;
167 511 41 22 och
223 518 63 15 anser
298 512 38 27 jag
352 512 36 21 det
402 518 51 15 vara
468 512 23 22 af
504 512 106 28 synnerlig
620 512 52 27 vigt,
681 512 117 22 särskildti
809 513 60 21 detta

51 540 69 26 stånd,
136 541 33 20 att
191 546 48 15 man
260 546 56 21 noga
332 540 120 22 efterlefver
468 542 40 20 den
524 544 25 19 63
566 540 16 28 8,
599 543 23 25 ty
637 541 62 27 eljest
713 542 78 25 kunde,
808 543 60 19 snart

51 569 68 27 sagdt,
135 568 82 22 hvilket
231 569 73 21 beslut
318 575 46 15 som
379 570 57 21 helst
451 570 113 27 upprifvas.
580 581 29 4 —
624 570 9 21 I
649 569 74 27 sjelfva
730 570 75 26 frågan
813 570 55 21 hade

47 597 38 27 jag
107 597 62 22 tänkt
190 597 86 22 bemöta
291 598 49 22 herr
354 598 112 27 Järnefelt,
482 605 48 15 men
545 598 49 22 med
610 598 99 22 afseende
725 599 12 21 å
752 599 39 21 den
808 599 59 21 ställ-

49 626 56 27 ning,
129 626 8 21 i
151 626 86 22 hvilken
251 626 75 28 frågan
341 634 28 14 nu
384 626 96 22 befinner
495 628 38 26 sig,
549 628 39 21 ber
600 627 37 27 jag
652 628 32 20 att
699 627 44 21 helt
759 628 72 21 enkelt
845 627 23 21 få

49 654 92 28 förorda,
157 656 33 20 att
203 655 69 22 denna
288 656 110 21 skrifvelse
412 656 48 22 icke
476 656 67 22 måtte
551 656 109 22 föranleda
668 656 32 21 till
708 656 68 27 någon
785 656 82 27 åtgärd.

117 684 56 22 Herr
195 684 161 28 Lagerborg,
381 685 91 21 Robert:
502 686 42 20 Det
566 687 24 19 är
612 684 81 28 möjligt
708 686 33 20 att
754 685 37 27 jag
805 685 62 21 miss-

49 712 109 28 uppfattat
173 714 154 21 sammansatta
341 713 55 27 Lag-
412 714 40 21 och
467 714 222 21 Ekonomiutskottets
706 713 121 22 skrifvelses
835 714 32 21 in-

48 741 72 22 nehäll
141 741 36 22 vid
199 741 155 28 uppläsningen
376 742 7 21 i
406 742 43 27 gär,
473 749 48 15 men
544 743 36 21 det
595 741 83 22 föreföll
692 742 43 27 mig
751 742 55 22 dock
821 748 46 16 som

50 770 55 22 hade
122 769 126 23 skrifvelsen
263 771 107 21 inneburit
385 771 31 21 uti
432 771 33 26 sig
479 771 66 27 nägot
559 777 59 16 mera
634 773 27 19 än
676 777 26 15 en
717 771 62 21 enkel
794 773 71 20 anmä-

49 799 35 22 lan
101 805 34 16 om
151 801 32 20 att
198 799 66 22 saken
279 806 29 15 nu
322 799 94 27 förfallit,
433 800 40 21 och
489 800 37 22 det
541 806 34 16 ser
589 801 77 20 nästan
682 801 30 25 ut,
728 806 47 15 som
790 806 34 15 om
832 802 34 19 ut-

49 828 83 22 skottet
153 828 57 22 hade
231 829 58 21 velat
311 834 76 22 genom
403 829 69 21 denna
487 829 111 22 skrifvelse
613 828 80 23 bereda
707 829 159 27 Ridderskapet

49 857 41 22 och
111 857 70 22 Adeln
197 859 31 20 ett
243 857 83 22 tillfälle
343 859 33 20 att
391 859 56 20 ännu
463 864 25 15 en
504 858 56 27 gäng
574 857 133 23 underkasta
721 857 75 28 frägan
811 858 54 21 revi-

49 886 46 21 sion
111 886 40 22 och
165 885 91 23 likasom
271 886 132 22 underställa
418 887 32 20 till
466 887 158 26 Ridderskapet
640 886 40 22 och
695 886 66 22 Adeln
779 893 26 15 en
819 885 47 23 half

48 913 131 30 inbjudning,
203 915 67 22 ehuru
293 915 41 22 den
355 915 48 22 icke
426 917 24 19 är
465 915 70 22 direkt
549 915 126 22 framställä.
704 915 42 28 Jag
761 915 42 22 kan
818 915 48 22 icke

48 943 60 28 fatta,
133 945 32 20 att
187 944 108 21 utskottet
317 944 7 21 i
346 946 66 20 annat
434 943 37 22 fall
487 944 68 22 skulle
570 943 64 23 hafva
650 944 93 22 användt
757 951 27 14 en
799 945 67 21 sädan

47 972 60 27 form,
132 979 46 15 som
198 974 31 20 att
244 972 56 23 först
315 973 84 21 anmäla
414 975 32 19 att
460 973 75 27 frågan
550 979 64 22 synes
629 973 85 21 komma
729 975 32 19 att
775 973 90 26 förfalla,

48 1008 47 15 men
111 1003 34 20 att
158 1001 107 23 utskottet
279 1001 58 23 velat
351 1001 53 23 först
420 1002 73 22 derom
508 1002 83 22 anmäla
606 1001 39 22 hos
661 1001 157 28 Ridderskapet
826 1002 41 22 och

47 1030 74 23 Adeln.

116 1059 71 22 Sedan
210 1059 40 22 den
272 1059 7 22 i
302 1059 90 22 ärendet
413 1059 47 22 frän
478 1059 54 27 Lag-
548 1059 41 22 och
604 1059 211 22 Ekonomiutskottet
830 1059 32 22 in-

47 1088 78 21 komna
147 1087 125 23 skrifvelsen
293 1088 53 21 härä
368 1087 68 22 blifvit
458 1088 92 27 uppläst,
565 1087 111 23 fortsattes
693 1088 172 22 diskussionen
853 1083 17 37 i

48 1116 37 22 det
101 1116 62 22 ordet
177 1116 108 22 lemnades
302 1116 22 22 åt

115 1145 56 21 Herr
185 1145 194 27 Björkenheim,
394 1145 88 27 Robert,
498 1146 86 22 hvilken
599 1145 98 27 upplyste
713 1146 32 21 att
761 1152 26 15 en
802 1145 62 22 skrif-

47 1174 58 22 velse
121 1174 22 21 af
157 1180 81 15 samma
252 1174 93 22 innehåll
360 1173 69 28 afgått
444 1174 32 21 till
491 1174 100 27 samtliga
606 1174 69 21 stånd.

115 1202 56 22 Herr
193 1202 173 28 Montgomery
386 1202 96 28 yttrade:
511 1203 44 21 När
578 1204 153 20 sammansatta
752 1203 56 26 Lag-
823 1202 42 22 och

47 1231 223 22 Ekonomiutskottets
286 1231 294 28 sammanjemkningsförslag
593 1231 110 27 föredrogs
718 1232 8 20 i
733 1232 131 21 Ridderska-

47 1262 38 24 pet
99 1260 40 22 och
155 1260 74 27 Adeln,
244 1266 38 16 var
294 1260 38 27 jag
347 1260 71 22 såsom
432 1259 140 23 frånvarande
587 1260 48 22 icke
650 1260 7 21 i
672 1259 82 23 tillfälle
765 1262 34 19 att
807 1262 57 25 yttra

47 1289 43 26 mig
111 1289 7 21 i
140 1288 81 28 frågan.
250 1289 42 21 För
306 1289 42 21 min
365 1289 34 21 del
415 1289 69 21 skulle
496 1290 37 26 jag
547 1288 63 23 hafva
625 1288 104 28 tillstyrkt
744 1289 119 26 antagande

47 1317 23 21 af
90 1317 322 27 sammanjemkningsförslaget,
436 1318 89 21 emedan
544 1318 38 27 jag
604 1323 63 15 anser
682 1317 36 21 det
732 1323 52 15 vara
798 1317 66 27 högst

47 1346 117 27 beklagligt
178 1347 33 21 att
225 1345 74 28 frågan
314 1346 54 22 skall
382 1346 86 21 komma
483 1348 31 20 att
529 1345 88 23 förfalla.
648 1346 71 26 Derpå
733 1346 63 21 beror
804 1352 58 15 nem-

47 1374 56 27 ligen
119 1374 60 22 äfven
194 1374 7 22 i
216 1374 119 27 väsendtlig
350 1375 48 21 mån
414 1381 26 15 en
455 1381 69 15 annan
538 1375 67 27 vigtig
619 1374 66 27 fråga,
701 1374 107 27 nemligen
823 1381 37 14 an-

47 1403 83 26 gående
152 1403 191 26 häradsnämnden,
366 1409 46 15 som
424 1403 38 27 jag
476 1403 84 22 befarar
576 1403 66 22 också
656 1403 95 21 kommer
767 1404 32 20 att
813 1403 49 21 icke

47 1431 108 20 föranleda
177 1432 32 19 till
231 1432 70 25 någon
323 1432 75 25 åtgärd
420 1432 28 25 på
468 1432 68 25 grund
551 1431 23 20 af
587 1432 37 19 det
638 1432 77 24 beslut,
732 1437 46 14 som
793 1438 28 13 nu
837 1434 24 17 är

47 1458 79 21 fattadt
147 1459 8 20 i
176 1458 60 27 fråga
258 1464 33 16 om
309 1459 163 26 tingsgästning.
502 1459 76 20 Såsom
593 1458 66 21 saken
674 1465 28 14 nu
718 1460 23 19 är
756 1458 41 21 och
811 1458 50 21 med

47 1487 114 27 anledning
175 1486 23 22 af
211 1487 171 22 underrättelsen
396 1486 47 22 från
458 1488 152 20 sammansatta
625 1487 55 26 Lag-
695 1487 40 21 och
745 1487 115 21 Ekonomi-

47 1516 107 21 utskottet
175 1515 67 22 finner
261 1515 37 27 jag
316 1515 37 22 det
368 1515 108 27 verkligen
490 1516 47 21 icke
552 1521 51 16 vara
618 1515 82 27 möjligt
715 1517 32 19 att
761 1522 30 14 nu
805 1515 55 22 fatta

47 1545 66 27 något
127 1546 47 27 nytt
189 1544 71 23 beslut
274 1544 52 23 eller
341 1544 86 27 vidtaga
442 1544 69 27 någon
527 1544 75 27 åtgärd
616 1544 8 21 i
639 1544 72 23 saken.
730 1544 129 22 Ridderska-
