1078 1792
390 127 38 19 Den
447 127 24 19 15
487 128 80 20 Januari.
808 130 53 21 1835

577 154 1 19 |

74 190 142 28 presenterar,
233 189 19 23 d.
268 196 19 16 v.
304 197 16 15 s.
336 191 28 28 pä
380 191 40 22 den
435 194 60 21 stora
509 199 86 17 massan
613 194 23 22 af
655 194 84 22 landets
761 194 128 30 befolkning,

74 219 41 23 och
131 218 37 24 det
182 225 62 23 synes
259 220 20 28 ej
294 219 69 24 heller
378 223 57 20 orätt
449 224 33 20 att
496 222 121 28 förutsätta,
634 224 32 21 att
676 223 161 24 Bondeständet
846 225 43 22 kan

73 248 64 23 hafva
151 249 87 22 svärare
253 250 33 20 att
300 249 99 29 uppfatta
413 250 72 28 vigten
499 251 32 23 för
545 252 74 22 landet
637 252 22 22 af
679 253 157 28 värnepligtens
851 260 38 16 an-

73 278 99 29 tagande,
188 278 48 23 icke
251 278 77 23 endast
342 279 72 28 vigten
428 279 32 23 för
475 280 69 22 denna
559 281 65 51 Sund
638 283 52 20 utan
705 281 33 23 för
752 283 29 21 all
796 281 92 24 framtid.

73 307 30 28 Ty
119 307 70 22 denna
203 307 133 22 institutions
350 308 110 28 betydelse
474 309 33 22 för
521 309 114 22 framtiden
649 311 123 26 isynnerhet
786 311 67 22 hvilar
860 312 29 27 på

73 343 26 16 en
113 336 56 23 ideel
184 336 142 27 uppfattning,
342 337 105 27 nemligen
462 337 23 22 af
491 338 48 23 den
554 339 45 21 vigt
614 339 123 22 densamma
752 339 39 22 har
808 339 33 22 för
856 342 32 20 att

71 366 50 27 höja
135 365 40 22 och
191 365 74 22 stärka
279 366 253 23 nationalmedvetandet.
585 374 26 15 Man
625 368 40 22 bör
680 368 66 22 också
760 369 57 22 hålla
831 369 57 22 Bon-

71 394 115 23 deståndet
201 395 90 26 räkning
305 394 39 28 för,
360 397 37 25 att,
414 395 27 22 då
459 396 86 23 ståndet
566 396 54 22 först
641 397 89 22 beslutit
753 399 33 20 att
807 397 33 22 för
855 397 33 22 sin

71 424 34 22 del
120 423 40 23 alls
175 424 64 27 ingen
253 423 142 29 vakansafgift
409 424 84 28 bevilja,
509 425 87 22 ståndet
617 426 49 21 med
687 425 101 24 afseende
806 427 13 21 å
840 428 48 20 vär-

70 453 178 28 nepligtsfrågans
263 453 46 27 vigt
324 453 40 22 och
379 453 112 28 betydelse
505 455 47 26 gått
564 454 55 21 ifrån
629 455 60 22 detta
699 455 72 22 beslut
780 455 41 22 och
827 456 59 21 med-

69 482 61 28 gifvit
145 483 34 22 att
193 481 170 28 vakansafgiften
378 482 68 22 skulle
461 483 53 27 utgå
528 483 33 22 till
589 490 14 15 en
617 483 75 28 början
706 483 33 22 för
762 484 27 22 de
803 487 83 20 närma-

69 513 34 20 ste
117 511 43 22 fem
175 511 58 22 åren.
262 512 44 21 Det
320 513 25 20 är
359 511 34 22 väl
408 512 19 27 ej
443 511 67 23 heller
525 514 60 25 orätt
597 514 33 20 att
651 519 59 21 anse,
732 513 56 22 hvad
801 513 86 23 Bonde-

69 540 99 23 ståndets
183 540 127 22 utskickade
325 540 39 22 här
379 540 54 22 inför
449 541 37 22 det
502 541 115 28 höglofliga
639 542 87 22 ståndet
746 543 92 27 yttrade,
855 544 31 21 att

69 570 98 22 ståndets
181 569 144 27 medlemmar,
342 569 28 22 då
384 570 26 22 de
426 569 115 24 återvände
563 571 4 4 till
585 568 54 24 sina
646 571 165 27 kommittenter,
820 578 66 21 gerna

69 599 96 22 önskade
179 599 33 21 att
226 598 63 23 hafva
304 600 33 20 att
350 601 52 25 säga
418 599 49 22 dem
482 601 71 26 annat,
569 602 18 27 än
611 601 33 20 att
658 600 27 21 de
700 600 33 22 för
748 600 48 22 dem
803 601 83 26 antagit

68 634 41 21 nya
124 629 84 26 tungor,
225 629 52 20 utan
292 629 32 20 att
338 627 73 22 kunna
426 627 56 28 gifva
497 628 48 22 dem
554 629 70 31 någon
638 629 68 27 utsigt
714 629 128 22 åtminstone
851 629 34 22 för

67 656 115 23 framtiden
204 658 33 21 att
258 657 49 22 med
330 655 100 24 afseende
446 657 13 22 å
473 657 181 22 vakansafgiftens
676 658 69 22 börda
767 658 74 22 ställas
856 659 29 27 på

67 686 57 27 jemn
139 685 32 23 fot
185 685 49 22 med
248 686 44 22 alla
306 684 68 29 öfriga
388 685 144 28 medborgare.
561 687 44 21 Det
619 688 24 20 är
657 684 49 25 icke
720 686 114 29 underligt,
850 693 34 16 om

67 715 8 22 i
90 715 74 28 sjelfva
179 715 74 22 verket
268 715 26 22 de
310 717 36 20 äro
362 714 129 28 bekymrade
506 715 33 22 för
553 715 36 22 det
603 716 137 27 mottagande
761 715 26 22 de
803 715 22 22 af
838 716 46 22 sina

67 744 161 22 kommittenter
246 743 85 22 komma
353 745 33 20 att
407 745 59 21 röna.
497 740 119 51 Glädjande
631 746 24 20 är
668 747 32 19 att
714 746 56 25 veta,
786 747 31 20 att
832 745 52 28 hög-

66 773 73 28 lofliga
160 773 158 27 Ridderskapet
340 773 40 22 och
402 773 69 22 Adeln
493 773 32 22 till
547 780 27 15 en
591 775 46 20 stor
652 774 34 22 del
701 774 128 22 åtminstone
844 775 40 22 har

66 802 107 28 behjertat
189 802 65 23 dessa
268 801 189 28 omständigheter,
473 802 40 22 och
528 804 33 20 att
594 802 153 23 Bondeständets
758 803 125 28 inbjudning

65 832 58 22 inom
145 832 37 22 det
203 831 115 28 höglofliga
340 831 86 22 ståndet
447 832 40 22 har
505 832 76 22 endast
595 832 50 22 med
660 838 26 16 en
702 834 56 20 rösts
774 832 110 28 pluralitet

66 860 69 24 blifvit
157 860 78 29 afböjd.
266 860 82 22 Genom
369 860 118 22 utskotteis
509 868 30 14 nu
563 859 134 29 främställdlä
721 862 161 27 sammanjemk-

65 890 143 28 ningsförslag
226 890 74 22 vinner
322 889 66 23 ocksä
408 889 164 23 Bondeständet
587 889 5 5 i
608 889 121 23 hufvudsak
744 891 33 21 sin
793 891 87 26 önskan,

65 920 28 21 dä
108 920 107 27 nemligen
227 919 109 22 utskottet
350 918 116 27 föreslagit,
482 920 32 20 att
528 892 169 61 Fakansalgiften
718 920 68 22 måtte
808 920 32 21 till
855 926 27 16 en

64 948 76 28 början
162 948 53 28 utgå
236 947 32 23 för
291 948 26 22 de
338 946 43 24 fem
402 946 93 29 följande
511 948 57 27 åren,
585 948 25 22 så
625 949 32 21 att
672 954 34 16 om
721 948 84 22 således
822 948 60 23 detta

64 978 120 22 utskottets
199 977 80 27 förslag
294 978 95 26 antages,
404 976 163 23 Bondeståndet
597 984 24 15 har
640 977 48 22 skäl
710 978 31 21 att
763 977 72 28 glädja
849 978 33 27 sig

65 1006 58 24 öfver
139 1007 41 22 den
194 1007 88 28 hänsyn,
298 1006 50 22 dess
364 1006 129 27 önskningar
507 1007 40 21 hos
565 1006 141 22 medstånden
720 1008 55 20 rönt.

132 1036 33 22 En
187 1036 90 28 punkt
270 1031 15 38 i
294 1035 173 22 Bondeståndets
489 1036 125 28 inbjudning
635 1036 41 22 har
696 1036 108 22 utskottet
827 1035 54 23 dock

63 1066 82 22 lemnat
159 1065 14 22 å
187 1065 54 22 sido.
270 1065 48 21 Den
333 1066 24 20 är
371 1064 82 22 kanske
468 1064 47 23 icke
531 1064 22 22 af
567 1066 46 25 stor
631 1064 117 28 betydelse,
764 1071 49 16 men
827 1064 54 28 möj-

63 1095 58 27 ligen
143 1094 56 22 hade
221 1094 41 22 den
280 1094 56 22 dock
358 1093 54 23 varit
434 1094 81 27 ganska
532 1093 151 28 betydelsefull
696 1092 34 24 för
744 1093 137 29 framgången

64 1124 23 22 af
106 1124 118 22 utskottets
247 1122 86 28 förslag.
362 1122 163 23 Bondeståndet
543 1123 96 23 önskade
653 1123 106 27 nemligen
774 1125 33 20 att
821 1124 59 21 stän-

64 1153 66 22 derna
152 1152 70 22 skulle
244 1152 92 22 förklara
358 1151 75 28 frågan
456 1158 35 16 om
505 1151 179 29 vakansafgiftens
700 1152 129 28 erläggande
847 1151 33 23 för

63 1182 113 22 framtiden
190 1182 73 21 kunna
278 1180 85 28 afgöras
379 1182 76 21 endast
469 1187 76 21 genom
559 1180 33 29 fyra
624 1181 74 22 stånds
721 1181 159 27 samstämmiga

62 1211 73 22 beslut
151 1217 18 16 o.
185 1216 18 16 s.
218 1217 19 15 v.
267 1210 43 22 Det
325 1212 23 19 är
364 1210 69 22 denna
448 1210 88 28 önskan,
551 1180 82 89 nvarpå
646 1210 109 22 utskottet
770 1210 19 28 ej
809 1212 71 20 ansett

63 1240 34 27 sig
111 1240 72 22 kunna
197 1238 57 23 fästa
268 1240 66 26 något
348 1238 107 24 afseende.
484 1239 11 22 I
509 1240 118 21 utskottets
646 1239 90 27 tidigare
748 1239 131 27 jemknings-

62 1268 81 28 förslag
157 1269 50 22 kom
221 1268 35 23 väl
271 1268 114 26 utskottet,
402 1268 67 22 ehuru
483 1268 114 27 tveksamt,
612 1268 33 21 till
660 1268 37 22 det
711 1268 98 26 resultat,
825 1270 32 20 att
871 1268 8 22 i

62 1297 133 23 närvarande
216 1297 102 27 speciella
340 1296 44 27 fall,
407 1296 48 23 med
474 1296 101 23 afseende
605 1297 51 27 derpå
671 1298 33 20 att
718 1296 161 23 Bondeståndet

63 1327 79 22 önskar
164 1333 27 16 en
212 1326 83 22 mindre
318 1326 59 22 skatt
399 1328 27 20 än
444 1321 201 60 indelningstungan
659 1327 69 26 utgör,
743 1325 46 28 fyra
804 1326 74 22 stånds

61 1356 73 22 beslut
155 1355 82 23 kanske
258 1355 74 22 kunde
354 1355 101 22 behöfvas
477 1354 34 23 för
529 1355 84 28 frågans
629 1354 121 28 afgörande.
779 1355 50 22 Men
844 1357 34 20 ut-

62 1385 83 22 skottet
167 1384 56 23 hade
237 1384 8 21 i
260 1385 37 21 det
318 1384 129 27 föregående
461 1383 75 28 antydt
549 1385 38 26 att,
607 1384 4 22 i
625 1389 27 16 en
672 1383 125 23 ekonomisk
811 1383 66 28 fråga,

61 1413 68 22 sådan
144 1419 47 16 som
206 1413 42 22 den
262 1419 35 16 om
311 1414 57 20 rust-
384 1413 40 21 och
437 1412 155 22 rotehällarnes
601 1407 89 31 |besvär,
706 1414 34 20 tre
754 1412 75 21 ständs
840 1413 37 21 be-

61 1441 44 22 slut
119 1447 51 16 vore
186 1440 134 28 erforderligt
333 1440 34 21 för
380 1440 135 27 afgörandet;
531 1441 40 21 och
587 1442 60 19 äiven
661 1440 7 21 i
684 1440 60 22 detta
762 1439 115 28 höglofliga

61 1469 64 23 stånd
139 1470 40 21 har
195 1470 69 21 denna
278 1474 76 17 senare
370 1469 56 26 äsigt
439 1469 84 27 yttrats.
553 1469 51 21 Man
618 1469 39 20 bör
671 1468 47 22 icke
726 1468 101 22 förundra
837 1469 39 26 sig,

62 1504 34 17 om
111 1497 82 23 sädana
207 1497 81 27 äsigter
302 1497 33 22 för
349 1497 162 22 Bondeständet
525 1497 69 22 skulle
609 1497 55 22 varit
678 1497 155 27 skrämmande,
842 1503 34 17 om

61 1527 162 23 Bondeständet
238 1528 45 21 tror
298 1527 33 27 sig
345 1525 63 23 hafva
423 1528 33 20 att
471 1527 81 21 emotse
567 1532 27 16 en
603 1517 75 30 |sädan
693 1525 92 28 framtid,
801 1526 28 22 dä
843 1528 33 21 tre

61 1556 63 23 ständ
145 1558 45 21 mot
211 1555 173 24 Bondeständets
406 1557 80 26 vägran
509 1555 61 23 skola
591 1555 75 30 älägga
684 1555 118 23 detsamma
816 1555 59 24 skatt
