1073 1817
222 146 54 20 1864
523 146 39 17 Den
580 143 24 19 15
620 144 82 18 Januari.

258 209 72 22 Sedan
352 208 159 28 Ridderskapet
533 207 40 22 och
596 206 68 22 Adeln
683 206 35 22 vid
724 206 128 28 .gärdagens
867 205 87 28 plenum
968 205 41 22 fått

190 240 108 26 emottaga
320 239 32 21 ett
366 237 199 28 protokollsutdrag
582 236 48 22 från
644 236 171 27 Presteständet,
831 236 48 21 med
894 235 114 22 tillkänna-

188 267 99 28 gifvande

256 298 33 21 att
311 297 61 22 detta
394 295 64 22 ständ
479 296 49 21 med
550 294 114 28 afböjande
687 293 22 23 af
722 293 174 23 Bondeständets
912 293 8 22 i
934 293 74 27 frägan

188 326 76 28 gjorda
278 325 125 29 inbjudning
418 324 77 22 bifallit
509 324 34 22 till
558 323 224 23 Ekonomiutskottets
797 323 7 21 i
819 322 111 23 skrifvelse
938 322 23 22 af
968 322 40 22 den

189 357 12 19 8
218 355 80 22 dennes
313 354 75 28 gjorda
402 353 130 23 hemställan
546 352 32 23 till
593 352 165 23 Presteständet
772 354 34 20 att
820 351 74 23 förena
909 352 33 27 sig
956 352 8 21 i
972 352 37 22 det

188 384 23 21 af
232 384 158 26 Ridderskapet
412 383 41 21 och
475 383 69 21 Adeln
564 382 40 22 och
618 381 183 28 Borgareståndet
815 380 83 23 fattade
914 381 72 22 beslut
1000 381 8 22 i

189 413 114 27 anledning
318 412 22 22 af
353 412 78 27 nådiga
446 412 162 27 propositionen
623 417 35 15 om
672 410 115 22 förändrad
802 410 82 28 lydelse
900 410 23 22 af
936 410 10 28 $
963 412 25 20 55
1000 410 7 22 i

188 442 78 27 nådiga
280 441 149 27 förordningen
445 440 22 22 af
481 440 40 22 den
545 442 11 19 9
580 440 50 22 Juni
654 440 60 26 1873,
738 439 110 28 föredrogs
871 446 29 15 nu
924 439 41 21 den
987 439 22 22 af

186 470 164 22 Bondeståndet
372 470 32 21 till
427 469 158 27 Ridderskapet
607 469 41 21 och
671 469 69 22 Adeln
762 468 75 28 gjorda
859 468 126 28 inbjudning
1000 468 7 22 i

187 506 83 16 samma
288 499 66 27 fråga,
370 498 85 22 hvilken
471 498 125 28 inbjudning
610 498 59 27 legat
685 498 13 21 å
712 497 78 23 bordet
804 498 106 22 intilldess
926 497 79 22 känne-

188 529 49 21 dom
251 528 86 22 vunnits
353 534 34 15 om
402 528 175 21 Presteståndets
593 527 72 22 beslut
680 528 6 20 i
702 527 72 21 saken.

255 557 99 22 Friherre
376 557 26 21 de
421 556 21 22 la
458 556 134 28 Chapelle,
610 556 68 26 Claes,
695 556 71 21 anhöll
782 556 32 22 att
829 554 21 23 få
866 556 84 21 anmäla
964 557 40 25 att,

187 586 67 22 sedan
275 585 165 23 Presteständet
462 586 82 26 antagit
558 585 224 22 Ekonomiutskottets
798 586 88 21 senaste
901 585 102 21 hemstäl-

186 616 36 21 lan
243 615 7 21 i
264 615 82 27 frägan,
361 614 92 27 lagenlig
467 614 111 28 pluralitet
592 613 70 23 deruti
677 614 93 27 vunnits,
786 614 40 22 och
842 615 32 20 att
889 614 114 22 Ekonomi-

186 644 108 22 utskottet
307 644 49 21 med
371 643 113 27 anledning
499 643 61 22 deraf
574 643 138 22 öfverlemnat
727 642 155 28 handlingarne
897 643 7 21 i
915 643 89 22 ärendet

190 674 32 20 till
238 672 255 28 Expeditionsutskottet,
508 672 98 22 hvarföre
621 671 104 23 friherren
740 672 114 22 förordade
870 673 33 20 att
917 672 86 22 Bonde-

186 702 98 22 ständets
299 701 124 27 inbjudning
438 701 48 21 icke
501 701 70 22 skulle
586 701 110 21 föranleda
711 700 32 22 till
758 701 71 27 nägon
844 701 82 27 ätgärd.

254 730 72 22 Sedan
347 730 74 21 herrar
442 730 159 26 Lagerborg,
621 730 87 26 Bobert,
726 730 40 22 och
782 736 41 15 von
838 730 107 21 Alfthan
960 729 42 22 för-

185 760 51 21 enat
257 760 33 26 sig
304 758 49 22 med
368 758 89 22 friherre
472 758 27 22 de
513 758 22 22 la
550 758 109 28 Chapelle,
675 758 133 28 uppställdes
823 759 32 21 till
870 759 132 21 besvarande

184 794 27 16 en
226 788 24 22 sä
264 787 92 28 lydande
371 787 143 27 proposition:

254 834 8 10 »
266 816 42 28 Vill
324 816 157 28 Ridderskapet
496 816 40 22 och
551 816 69 22 Adeln
636 817 79 26 antaga
730 816 174 22 Bondeständets
918 816 83 22 föreva-

183 846 66 22 rande
264 845 125 28 inbjudning
403 846 34 21 uti
451 845 74 27 frågan
541 852 34 16 om
590 845 124 27 förändring
728 845 24 22 af
764 847 26 20 55
807 844 11 29 $
833 846 6 21 i
849 845 153 28 förordningen

183 881 34 15 om
232 874 126 28 försäljning
373 874 22 22 af
407 874 100 27 bränvin;

250 904 75 22 vinner
339 903 41 27 nej,
395 902 104 23 förklaras
515 905 33 20 att
562 903 154 27 inbjudningen
730 904 48 22 icke
793 902 121 24 föranleder
922 904 32 21 till
962 904 38 22 nä-

183 938 41 22 gon
240 932 76 28 åtgärd
330 932 46 22 från
392 932 97 22 ständets
505 932 68 22 sida".

250 961 48 22 Och
314 961 88 22 emedan
418 962 69 20 denna
501 960 133 29 proposition
650 960 130 23 besvarades
795 962 49 22 med
859 961 89 23 allmänt
958 962 41 27 nej,

180 990 56 22 hade
259 990 87 22 ståndet
367 989 104 22 förklarat
493 992 33 20 att
540 990 173 22 Bondeståndets
729 990 126 28 inbjudning
869 990 49 23 icke
932 991 68 23 borde

181 1018 33 23 till
228 1019 71 27 någon
314 1018 76 28 åtgärd
404 1018 117 24 föranleda.

248 1105 71 23 Sedan
334 1105 53 22 härå
401 1105 33 23 för
449 1105 86 23 ståndet
550 1106 99 27 upplästs
664 1105 117 23 innehållet
796 1106 22 22 af
828 1107 32 21 ett
867 1106 130 27 protokolls-

179 1135 77 27 utdrag
270 1134 47 23 från
331 1134 183 28 Borgareståndet
528 1135 49 21 med
592 1134 204 28 tillkännagifvande
810 1136 34 21 att
859 1136 67 27 sagde
934 1136 64 22 stånd

178 1164 36 21 vid
228 1164 157 26 behandlingen
400 1163 23 22 af
436 1164 106 21 särskilda
556 1164 148 27 inbjudningar
719 1163 47 23 från
773 1164 224 28 medstånden
916 1159 12 37 i
937 1164 60 28 fråga

179 1198 34 16 om
235 1192 149 28 upphäfvande
403 1192 22 22 af
439 1192 26 22 de
481 1193 48 22 med
544 1192 118 27 Kuusamo,
678 1193 123 22 Kemiträsk
817 1193 40 22 och
872 1194 124 27 Kuolajärvi

178 1221 120 23 socknebor
320 1221 107 22 afslutade
442 1221 184 22 knektekontrakt
642 1221 95 23 beslutat
755 1224 33 20 att
802 1222 49 22 med
866 1222 130 27 frångående

178 1250 23 21 af
221 1250 39 22 sitt
277 1250 58 22 förut
354 1250 3 21 i
372 1256 81 16 samma
467 1250 61 28 fråga
543 1250 82 22 fattade
640 1250 72 22 beslut
728 1252 79 26 antaga
821 1251 174 23 Bondeståndets

177 1278 131 28 inbjudning,
332 1278 40 22 och
394 1278 85 22 således
501 1279 115 27 godkänna
638 1279 162 22 slutmomentet
822 1280 32 21 uti
876 1280 55 27 Lag-
954 1280 41 22 och

177 1307 224 22 Ekonomiutskottets
413 1307 296 28 sammanjemkningsförslag
716 1308 7 21 i
731 1308 81 27 frågan,
821 1308 33 22 till
861 1308 53 28 följd
921 1308 76 23 hvaraf

178 1336 40 21 och
240 1337 66 21 sedan
327 1336 124 26 härigenom
473 1336 93 28 lagenlig
582 1336 220 28 ständerpluralitet
796 1332 14 37 i
819 1337 67 22 saken
902 1338 91 27 vunnits,

175 1363 240 27 Borgareståndet
366 1359 48 36 icke
423 1366 71 19 ansett
501 1364 169 26 Ridderskapets
687 1365 40 21 och
742 1366 79 20 Adelns
838 1368 55 18 samt
907 1367 86 20 Preste-

176 1391 98 22 ståndets
289 1391 125 27 inbjudning
428 1391 33 21 till
476 1391 120 27 afgifvande
611 1391 23 22 af
648 1399 26 15 en
688 1392 118 28 förklaring
820 1394 33 20 att
862 1393 75 27 frågan
945 1394 48 21 icke

175 1419 69 22 skulle
266 1419 22 23 få
308 1419 90 27 förfalla,
413 1419 48 23 icke
475 1420 87 27 påkalla
576 1420 77 27 åtgärd
668 1420 46 22 från
728 1420 194 28 Borgareståndets
939 1422 53 28 sida,

174 1448 111 28 föredrogs
307 1448 173 22 Bondeståndets
499 1448 132 23 förbemälde
647 1456 76 21 genom
738 1456 27 16 en
780 1450 126 28 deputation
922 1451 41 22 den
978 1453 14 20 4

175 1477 80 23 dennes
278 1477 32 22 till
332 1477 159 28 Ridderskapet
513 1478 41 22 och
576 1478 68 22 Adeln
666 1478 157 23 öfverlemnade
842 1480 150 28 inbjudning
980 1473 15 39 i

173 1506 136 22 merberörde
324 1506 85 22 ärende.

241 1536 31 21 På
284 1536 94 26 begäran
393 1534 68 23 erhöll

240 1564 56 22 Herr
311 1571 41 15 von
366 1564 109 22 Alfthan
491 1565 62 22 ordet
568 1565 39 22 och
622 1566 94 28 yttrade:
747 1566 72 22 Sedan
834 1573 88 16 numera
936 1568 52 22 Bor-
