1070 1786
199 145 56 19 1788
495 145 39 17 Den
553 143 21 18 11
593 144 79 17 Januari,

239 207 56 22 Herr
316 207 153 26 Schauman,
493 206 92 27 August:
615 207 43 20 Det
680 205 69 22 skulle
764 205 54 22 visst
832 211 51 15 vara
897 204 44 27 mig
956 205 33 21 ett

171 236 49 28 nöje
236 237 33 21 att
283 235 140 28 understödja
438 235 88 22 friherre
541 241 41 16 von
597 235 63 26 Born,
676 241 49 15 men
739 234 8 21 i
762 233 69 27 saker,
843 240 45 15 som
896 233 38 28 jag
941 233 48 22 icke

171 265 86 27 förstär,
272 265 43 22 kan
328 265 37 27 jag
380 264 47 22 icke
443 265 138 27 understödja
596 264 76 27 nägon,
690 263 40 22 och
745 263 54 22 hans
819 262 134 28 uppfattning
969 261 22 22 af

173 295 37 21 det
224 300 29 15 nu
269 293 100 28 upplästa
384 293 221 27 protokollsutdraget
618 293 43 21 kan
673 293 38 27 jag
725 291 110 28 verkligen
852 292 48 21 icke
914 291 75 22 förstä.

172 324 44 21 Det
230 325 24 19 är
268 322 106 28 påtagligt
389 324 33 20 att
435 322 8 21 i
458 323 69 21 denna
541 322 125 27 inbjudning
681 321 118 27 inneligger
813 320 48 22 icke
876 320 67 28 något
951 320 38 22 vil-

172 353 40 21 kor
233 352 34 22 för
287 352 126 26 regeringen
436 353 32 19 att
489 352 80 21 inrätta
586 351 69 21 finska
670 350 73 22 skolor
757 350 49 22 med
821 350 64 21 dessa
900 351 90 23 570,000

173 381 66 26 mark,
256 382 57 25 utan,
330 380 73 22 derest
417 380 125 27 regeringen
557 380 68 21 finner
640 379 33 22 för
689 379 52 27 godt
755 380 32 20 att
808 379 80 21 inrätta
911 378 81 22 sädana

174 410 73 22 skolor
269 410 7 20 i
299 409 94 27 enlighet
414 410 49 21 med
485 410 126 21 ständernas
630 408 80 22 aflätna
724 408 97 27 petition,
838 407 40 22 och
894 408 26 21 de
935 407 56 21 ordi-

172 439 59 22 narie
246 438 140 22 statsmedlen
400 438 49 22 icke
463 438 96 22 befinnas
574 444 51 16 vara
641 437 71 23 dertill
726 436 134 28 tillräckliga,
872 437 24 21 sä
910 436 33 22 får
957 442 34 16 re-

173 468 103 27 geringen
292 467 22 22 af
328 467 26 22 de
369 467 48 21 utaf
429 468 115 21 ständerna
563 467 101 22 anvisade
687 466 211 27 bevillningsmedlen
920 466 72 27 dispo-

173 504 52 15 nera
240 498 91 25 570,000
346 496 67 22 mark.
443 496 71 28 Nägot
529 498 65 20 annat
608 496 42 22 kan
663 496 38 27 jag
716 495 110 27 härvidlag
841 495 47 21 icke
903 494 74 22 förstä.

242 531 98 22 Friherre
355 537 40 15 von
410 531 75 27 Born,
501 531 36 21 V.:
567 531 42 27 Jag
623 531 39 21 har
677 530 48 22 icke
740 530 54 22 talat
805 536 33 15 om
848 529 67 28 nägra
925 529 68 23 vilkor

174 560 33 23 för
222 561 132 27 regeringen,
368 560 37 28 jag
420 560 38 21 har
472 561 83 27 påstått
571 562 32 20 att
617 560 152 27 inbjudningen
785 559 56 22 afser
852 561 32 20 att
894 558 32 23 för
934 559 59 22 med-

176 591 91 21 ständen
283 589 63 22 ställa
361 590 37 20 det
413 590 68 21 vilkor
495 590 35 21 vid
547 589 130 27 antagandet
687 589 23 21 af
716 588 276 28 stämpelpappersskatten,

174 620 33 20 att
224 619 26 21 de
266 618 109 22 eventuelt
389 618 77 28 bevilja
481 619 69 21 medel
565 618 32 22 för
612 618 27 22 de
654 617 70 23 finska
746 618 106 26 skolorna,
869 617 40 22 och
932 617 61 21 orda-

174 648 64 27 lagen
253 647 84 27 angifva
352 648 78 27 tydligt
444 649 32 20 att
491 648 60 21 detta
565 650 24 20 är
604 647 91 22 vilkoret
709 646 34 22 för
757 646 150 28 upphäfvande
922 646 23 22 af
955 646 38 22 all-

174 682 89 22 mogens
278 676 92 28 lindring
384 676 7 22 i
406 676 161 27 ifrägavarande
583 676 107 22 afseende.
721 676 45 21 Och
782 676 70 21 skulle
873 676 37 27 jag
931 676 62 21 vörd-

176 708 56 20 samt
247 712 106 21 uppmana
368 706 26 21 de
410 706 64 21 ärade
489 706 74 26 talare,
580 705 102 22 särskildt
697 705 49 21 herr
759 704 112 28 Mechelin,
888 711 46 15 som
948 704 45 22 före

175 735 231 27 protokollsutdragets
429 735 132 27 uppläsande
583 734 79 22 uttalat
684 740 26 16 en
733 740 69 16 annan
825 733 140 29 öfvertygelse
987 733 7 21 i

176 764 71 22 denna
267 764 67 27 fråga,
358 766 33 19 att
412 770 28 15 nu
457 766 58 26 yttra
529 764 38 27 sig,
583 764 106 22 huruvida
704 764 26 21 de
745 766 56 19 ännu
816 764 53 27 hysa
884 769 26 15 en
927 769 68 15 annan

176 793 143 27 uppfattning,
335 795 28 19 än
378 793 41 21 den
432 793 37 27 jag
483 793 106 27 framlagt.

244 828 56 22 Herr
315 828 139 26 Snellman,
475 828 70 22 Johan
560 828 100 22 Vilhelm:
691 827 116 29 tillstyrkte
824 828 131 27 antagandet
975 827 22 21 af
1025 824 2 13 '

175 857 175 22 Presteständets
365 857 130 28 inbjudning.

245 892 56 22 Herr
315 892 153 26 Schauman,
484 892 93 27 August:
607 892 42 27 Jag
664 892 49 21 ville
732 892 98 27 genmäla
851 891 89 22 friherre
955 897 41 16 von

176 921 59 21 Born
250 920 49 23 med
314 922 37 25 att,
368 921 7 21 i
390 920 103 23 händelse
507 921 159 27 Ridderskapet
681 921 40 22 och
736 921 69 22 Adeln
826 921 40 22 och
888 921 27 21 de
930 920 67 27 öfriga

178 949 91 22 ständen
284 949 47 22 icke
347 949 113 28 godkänna
475 950 27 22 de
517 950 23 22 af
553 950 168 22 Statsutskottet
737 950 75 28 gjorda
827 950 40 22 och
889 950 39 21 här
944 956 52 21 upp-

176 979 57 22 lästa
249 979 105 27 förslagen
370 979 91 22 rörande
476 985 82 16 samma
577 985 82 16 summa
682 981 90 24 570,000
795 980 60 21 mark
876 985 26 16 ur
924 979 72 22 bevill-

177 1008 139 27 ningsmedel,
333 1008 27 21 dä
375 1007 68 22 skulle
458 1008 173 23 Presteständets
646 1015 29 14 nu
691 1009 74 27 gjorda
779 1007 82 28 förslag
878 1008 73 22 kunna
965 1008 31 21 in-

177 1037 68 22 fluera
259 1037 29 27 pä
303 1037 284 28 stämpelpappersskattens
602 1038 126 27 beviljande.
757 1037 51 22 Men
830 1039 89 26 antager
938 1037 58 22 stän-

179 1065 39 23 det
233 1066 181 22 Statsutskottets
429 1066 86 28 förslag,
531 1068 25 20 sä
571 1068 24 21 är
609 1067 152 27 inbjudningen
776 1067 22 21 af
807 1067 64 27 ingen
879 1065 117 28 betydelse.

247 1101 55 21 Herr
316 1100 136 23 Mechelin:
483 1101 40 27 Jag
545 1101 67 27 gifver
633 1101 90 22 friherre
745 1107 41 16 von
801 1101 57 22 Born
874 1107 66 21 gerna
954 1103 44 20 rätt
1022 1098 2 4 :|

179 1129 45 22 deri
240 1131 32 20 att
286 1131 32 20 ett
332 1129 68 22 vilkor
416 1129 53 22 eller
483 1130 104 22 förbehäll
602 1129 125 27 förefinnes;
743 1130 37 21 det
794 1130 40 21 har
846 1130 38 27 jag
893 1129 47 22 frän
947 1130 50 21 bör-

176 1158 38 27 jan
236 1157 116 29 medgifvit.
382 1158 43 22 Det
447 1161 23 19 är
493 1160 32 21 ett
546 1159 68 22 vilkor
634 1159 48 21 från
704 1159 163 22 Bondeständet
889 1159 110 27 gentemot
1022 1153 2 27 :

179 1187 147 26 medständen,
350 1188 32 20 att
405 1188 26 20 de
453 1188 35 21 må
503 1188 13 21 å
531 1187 236 27 beviliningsbudgeten
788 1187 91 28 uppföra
893 1187 104 27 ifrägava-

178 1215 67 22 rande
261 1222 87 15 summa.
378 1215 11 22 I
404 1216 40 22 och
459 1217 49 21 med
523 1217 118 22 detsamma
656 1216 71 22 denna
740 1216 154 27 förutsättning
911 1218 23 19 är
943 1222 54 22 upp-

178 1244 59 28 fylld,
253 1245 24 21 sä
293 1244 98 27 gvarstär
405 1245 47 22 icke
467 1245 67 27 något
548 1245 77 22 sådant
638 1245 75 22 vilkor.
743 1245 49 22 Men
808 1245 70 22 skulle
886 1245 60 22 detta
955 1244 43 23 för-
1021 1255 2 2 :

178 1275 81 24 kastas,
277 1273 27 22 dä
319 1273 69 22 skulle
403 1273 162 23 Bondeständet
579 1273 100 23 vidblifva
694 1274 39 21 sitt
747 1274 7 21 i
769 1273 74 29 sjelfva
853 1274 144 27 stämpelpap-
1021 1275 2 22 i

179 1302 149 27 persskattens
350 1301 125 28 författning
497 1303 88 27 intagna
606 1303 68 21 vilkor
697 1309 35 15 om
753 1303 121 22 inrättande
890 1302 23 22 af
929 1302 70 23 finska

180 1330 72 21 skolor
268 1331 40 20 och
324 1331 86 20 dermed
426 1331 69 21 skulle
509 1331 75 26 frägan
599 1337 34 14 om
648 1332 140 26 upphörande
803 1331 23 21 af
839 1332 41 20 den
895 1331 103 26 ifrägava-

179 1359 66 20 rande
260 1358 119 27 lindringen
394 1358 63 22 hafva
471 1359 93 21 förfallit.

248 1392 60 22 Efter
324 1392 36 22 det
375 1392 149 23 diskussionen
538 1393 89 22 härmed
641 1393 115 22 förklarats
772 1392 99 27 afslutad,
888 1393 110 22 öfverlem-
1019 1406 4 2 :

180 1421 67 22 nades
261 1421 33 22 till
309 1421 97 22 ståndets
423 1422 132 22 besvarande
570 1428 26 16 en
610 1423 135 26 proposition
760 1421 22 23 af
797 1421 93 29 följande
904 1422 93 28 lydelse:

249 1467 4 9 »
255 1450 49 26 Vill
319 1450 87 22 ståndet
420 1451 32 21 till
465 1450 98 28 pröfning
578 1457 29 16 nu
621 1451 98 28 företaga
733 1451 174 22 Presteståndets
919 1451 78 28 ifråga-
1020 1462 2 2 :

179 1479 93 22 varande
287 1479 124 28 inbjudning
426 1480 90 21 rörande
533 1479 281 29 stämpelpappersafgiften;

247 1508 75 22 vinner
336 1508 41 28 nej,
392 1508 108 28 företages
516 1510 60 21 detta
591 1510 79 21 ärende
687 1510 3 20 i
706 1510 152 27 sammanhang
873 1510 48 21 med
940 1510 37 21 det
991 1504 31 28 i

180 1537 180 22 Statsutskottets
382 1537 135 23 betänkande
539 1538 40 22 N:o
596 1540 26 20 12
642 1539 77 27 gjorda
733 1538 81 28 förslag
828 1545 34 15 om
878 1539 74 27 anslag
966 1538 33 23 för
1019 1541 2 4 :'

179 1566 98 24 läroverk
292 1566 50 22 med
356 1566 66 22 finskt
438 1567 248 29 undervisningsspräk*.
