1053 1775
360 125 39 18 Den
418 125 22 18 17
457 127 105 17 December.
784 128 54 20 1483

47 187 66 22 bevis.
143 187 73 23 Skulle
233 188 149 23 erfarenheten
396 189 46 23 visa
457 192 33 20 att
504 190 130 28 stadgandet
643 190 60 23 leder
714 191 31 22 till
753 192 113 28 missbruk,

46 216 48 27 låge
110 216 36 22 det
159 217 24 27 ju
198 217 8 21 i
220 217 147 27 lagstiftarens
381 218 57 22 hand
454 221 33 20 att
502 220 76 26 ändra;
594 227 47 15 men
657 221 121 26 gynnandet
794 221 22 21 af
829 222 37 20 nå-

47 252 42 20 gon
104 245 97 28 värfning
216 246 57 21 afser
288 247 59 21 detta
362 247 53 26 icke,
431 249 52 20 utan
499 248 75 22 endast
587 249 149 27 iakttagandet
752 250 22 21 af
783 249 36 22 det
829 256 37 15 na-

46 274 79 26 turliga
139 273 136 28 förfarandet,
293 277 32 19 att
339 276 33 26 de,
388 282 46 15 som
449 277 68 21 önska
532 277 99 21 inträda
619 269 11 39 i
642 277 58 21 aktiv
711 278 71 26 tjenst,
791 278 76 22 främst

46 303 35 20 må
100 304 52 25 göra
172 302 42 28 det,
234 303 64 21 innan
319 310 48 15 man
381 304 83 27 tvingar
480 306 72 26 andra,
569 312 45 14 som
629 306 105 22 måhända
753 306 48 22 icke
816 307 50 27 vilja

46 332 52 26 göra
114 330 42 22 det.

115 360 77 22 Grefve
208 360 121 28 Armfelt,
346 362 93 27 August:
469 362 34 22 Då
515 363 37 27 jag
566 370 29 14 nu
610 363 39 21 har
670 362 69 23 blifvit
760 363 106 23 förekom-

46 396 48 14 men
110 389 23 22 af
145 389 50 22 herr
210 390 112 26 Mechelin,
338 391 39 21 har
389 392 38 27 jag
442 391 55 22 intet
512 394 64 19 annat
592 394 32 19 att
637 392 95 27 tillägga,
750 395 26 19 än
792 394 32 20 att
832 394 34 20 ut-

47 418 94 23 skottets
157 418 136 23 betänkande
309 422 24 19 är
347 420 7 21 i
370 420 93 27 enlighet
478 421 48 21 med
542 421 78 27 nådiga
634 421 168 28 propositionen,
811 424 55 20 samt

46 449 38 25 att,
101 448 28 22 då
143 448 108 22 utskottet
266 448 110 28 föreslagit
392 450 41 21 den
447 450 45 21 lilla
507 450 111 22 skilnaden
633 453 58 19 emot
705 452 161 25 propositionen

46 483 34 15 om
96 478 33 20 att
145 476 26 22 de
186 476 99 28 frivillige
300 478 61 21 skola
377 478 43 22 sins
436 478 89 22 emellan
541 480 66 26 draga
621 479 47 26 lott,
685 478 25 22 så
724 479 39 21 har
778 480 37 21 det
829 486 36 16 va-

45 506 28 20 rit
88 505 23 22 af
125 506 40 22 den
182 506 71 27 orsak,
271 508 38 24 att,
325 506 7 21 i
347 507 103 22 händelse
466 509 31 20 ett
512 508 32 21 för
559 509 55 21 stort
636 508 58 21 antal
716 507 97 28 frivillige
829 515 36 15 an-

46 534 56 22 mäla
117 535 39 27 sig,
173 534 72 22 kunde
260 535 84 22 landets
361 536 89 28 styrelse
465 536 85 22 komma
572 536 7 22 i
600 536 136 28 förlägenhet
758 544 34 14 om
814 538 52 21 hvar

46 564 26 20 de
88 563 69 22 skulle
171 563 104 28 placeras,
293 564 28 22 dä
336 564 37 22 det
388 565 76 21 endast
487 567 23 19 är
534 567 32 20 ett
587 565 66 27 gifvet
674 566 58 21 antal
755 572 46 15 som
823 566 42 22 kan

45 592 158 28 ifrägakomma.

113 621 98 22 Friherre
227 621 22 22 af
270 622 142 22 Forselles:
442 622 42 28 Jag
506 623 69 22 skulle
598 624 57 20 emot
677 623 49 22 herr
748 623 117 22 Mechelins

45 650 138 27 andragande
198 650 28 22 be
241 652 33 20 att
288 651 21 21 fä
324 650 116 28 framhälla,
458 653 32 20 att
504 652 7 21 i
525 652 118 21 utskottets
659 651 81 28 förslag
749 658 34 15 om
793 653 72 21 volon-

45 681 59 20 tärer
118 679 61 28 ingår
195 679 40 22 den
250 680 141 27 bestämning,
408 682 32 20 att
456 680 26 22 de
503 680 46 22 från
574 683 24 18 17
622 681 34 20 års
680 681 59 22 ålder
762 681 67 22 skulle
844 681 22 21 få

45 708 85 22 inträda
145 709 71 22 säsom
231 708 104 29 frivillige,
353 709 67 22 ehuru
438 710 37 21 det
496 709 67 22 finnes
587 711 32 20 ett
641 712 65 19 annat
727 710 81 27 kapitel
832 716 33 15 om

44 737 98 28 frivillige
158 738 40 22 och
212 737 110 28 frivilliges
338 738 147 28 tjenstgöring.
516 739 65 22 Detta
596 738 69 22 skulle
680 739 79 27 betyda
782 741 32 19 att
829 739 36 21 fri-

44 766 71 27 villige
130 766 21 21 fä
166 767 85 21 inträda
266 767 34 22 vid
315 769 24 19 21
357 767 34 21 ärs
408 767 60 22 älder
483 768 39 21 och
538 767 54 22 efter
608 768 35 21 det
659 767 27 22 de
702 770 36 19 äro
758 767 108 22 inkallade

45 796 40 21 och
100 795 135 28 uppbädade,
253 797 40 20 och
308 798 38 25 att,
363 796 27 21 dä
405 803 25 14 en
446 797 97 21 volontär
562 796 32 21 fär
616 797 85 21 inträda
723 797 36 21 vid
783 799 25 18 17
831 797 34 21 ärs

45 825 66 26 ålder,
127 824 24 22 sä
165 824 33 22 får
212 825 42 21 han
271 825 65 21 också
351 825 83 22 inträda
449 825 35 22 vid
500 827 24 19 21
542 825 24 22 är
585 826 41 21 och
647 825 111 27 ingenting
779 825 86 22 hindrar

45 853 86 22 således
146 853 78 22 honom
241 855 32 19 att
288 853 79 22 infinna
382 854 32 27 sig
436 854 35 21 vid
494 854 40 21 den
556 854 96 27 bataljon
674 854 42 21 han
740 854 84 26 önskar,
841 854 24 21 sä

43 882 86 28 mycket
144 888 58 15 mera
217 888 53 20 som,
287 888 34 16 om
335 882 43 22 han
393 882 95 22 inträder
504 882 53 22 efter
574 882 97 27 lottning,
689 882 24 21 sä
735 882 130 22 bestämmer

44 910 111 28 styrelsen,
170 911 37 21 vid
222 911 87 21 hvilken
324 910 95 28 bataljon
434 911 41 21 han
492 912 54 21 skall
560 912 91 21 inträda.
681 911 42 21 Vill
743 911 42 21 han
800 911 65 22 frivil-

43 940 40 27 ligt
97 940 91 26 inträda,
205 940 24 22 sä
244 940 33 22 fär
291 940 42 21 han
348 940 85 22 inträda
447 941 32 21 till
495 941 41 21 den
544 940 94 28 bataljon
646 940 42 21 han
698 940 83 27 önskar,
792 941 19 21 d.
821 947 17 15 v.
848 946 17 16 s.

43 969 42 21 han
100 968 33 22 fär
148 969 84 21 inträda
246 969 70 27 precis
331 969 53 21 hvar
399 969 41 21 han
456 970 42 26 vill,
514 970 82 21 hvilket
618 969 84 22 säledes
725 971 25 19 är
771 976 25 15 en
820 971 45 19 stor

43 998 74 22 fördel.
148 998 42 22 Vill
205 998 42 22 han
262 998 47 22 icke
325 998 98 28 begagna
446 999 32 27 sig
498 998 66 27 deraf,
588 998 25 22 sä
633 998 42 22 kan
698 998 37 22 det
756 998 109 27 verkligen

43 1027 72 22 hända
131 1027 66 27 enligt
212 1028 61 21 detta
293 1028 125 27 stadgande,
442 1029 32 20 att
496 1028 41 21 han
560 1029 61 25 tager
635 1028 67 27 tjenst
725 1027 66 27 enligt
806 1027 57 27 aftal,

43 1056 82 23 hvilket
139 1056 106 28 troligtvis
261 1056 95 22 hvarken
371 1056 146 22 betänkandet
532 1056 52 22 eller
605 1057 39 21 den
667 1056 79 27 nådiga
768 1056 97 28 proposi-

44 1086 72 21 tionen
131 1084 100 28 förutser,
248 1086 40 21 och
303 1092 46 15 som
365 1086 26 21 då
407 1085 69 22 skulle
491 1092 51 15 vara
558 1086 31 20 ett
604 1085 114 22 missbruk.
748 1085 117 22 Dessutom

44 1114 69 22 skulle
127 1114 37 28 jag
179 1115 50 27 vilja
243 1115 89 26 tillägga
348 1116 31 20 att
394 1114 7 22 i
415 1114 79 28 nådiga
508 1114 161 28 propositionen
684 1114 47 21 icke
746 1114 72 26 ingick
828 1114 36 20 be-

44 1144 135 26 stämningen
195 1149 34 15 om
243 1144 129 25 volontärer,
389 1149 45 15 som
450 1143 60 27 ingår
524 1144 7 20 i
547 1143 60 22 detta
614 1142 86 27 förslag.
723 1142 141 28 Följaktligen

43 1173 24 20 är
82 1178 28 16 nu
125 1172 72 27 hvarje
212 1172 84 27 frivillig
312 1171 69 28 gifven
397 1171 117 28 fullkomlig
528 1172 78 21 latitud
622 1173 31 20 att
673 1171 73 22 såsom
768 1172 97 21 volontär

44 1201 90 26 inträda,
151 1207 34 16 om
201 1201 41 21 han
257 1201 36 22 vill
308 1201 85 21 inträda
408 1201 34 21 vid
459 1203 25 19 17
500 1201 35 22 års
551 1200 59 22 ålder
626 1201 51 21 eller
700 1200 66 21 också
787 1201 35 20 vid
838 1201 25 20 21

45 1230 30 26 år,
92 1230 40 21 och
147 1231 36 21 vet
195 1230 38 27 jag
248 1229 83 22 således
347 1229 48 22 icke
409 1229 98 29 hvarföre
523 1230 59 21 detta
598 1229 55 21 skall
669 1229 93 27 gvarstä.

113 1259 56 21 Herr
184 1258 200 27 Pippingsköld:
415 1258 67 21 Äfven
495 1259 37 26 jag
547 1259 39 21 ber
601 1259 32 20 att
647 1257 22 22 få
684 1257 139 28 understödja
838 1258 26 21 de

45 1287 64 22 ärade
134 1287 75 26 talare,
235 1293 46 16 som
307 1287 56 27 gjort
388 1287 162 27 anmärkningar
576 1288 57 20 emot
659 1286 10 28 &
697 1288 32 19 73.
766 1286 98 21 Bestäm-

44 1317 77 27 ningen
137 1317 7 21 i
161 1318 10 19 1
189 1322 62 15 mom.
268 1316 22 21 af
304 1316 69 21 denna
387 1315 101 28 paragraf
501 1316 39 21 har
554 1315 108 22 sannolikt
677 1315 69 27 ingått
766 1314 47 21 från
828 1321 36 15 an-

45 1346 38 21 dra
97 1345 86 22 länders
198 1345 173 27 värnepligtslag.
401 1345 49 21 Men
466 1345 70 21 såsom
549 1345 37 27 jag
601 1344 66 21 redan
683 1350 26 15 en
731 1343 55 28 gång
808 1343 57 22 förut

44 1374 46 22 haft
106 1376 51 20 äran
171 1374 125 27 framställa,
313 1374 24 21 så
352 1373 39 22 har
406 1380 25 15 en
447 1373 41 22 slik
502 1372 136 27 bestämning
653 1373 62 26 ingen
726 1372 86 22 svårare
821 1372 44 21 olä-

45 1403 79 26 genhet
139 1403 7 20 i
161 1403 37 20 det
212 1402 112 21 afseendet
339 1408 46 14 som
400 1403 39 20 här
453 1401 69 21 blifvit
537 1402 98 20 anmärkt
649 1401 7 20 i
670 1401 80 25 länder,
763 1401 38 20 der
811 1403 53 18 stör-

45 1433 34 19 sta
95 1431 82 21 antalet
191 1430 23 22 af
228 1430 25 21 de
269 1429 154 28 värnepligtige
439 1429 32 22 för
487 1429 47 21 året
548 1431 105 24 upptages
668 1429 6 20 i
691 1429 40 20 den
747 1428 71 21 aktiva
826 1429 38 20 mi-

44 1459 87 27 litären;
147 1460 22 26 ty
186 1459 37 21 det
238 1460 24 19 är
277 1458 102 27 omöjligt,
394 1459 32 20 att
446 1457 68 22 under
536 1457 78 21 sådant
633 1456 133 21 förhållande
788 1462 77 21 genom

45 1489 71 26 någon
132 1487 57 28 slags
205 1487 79 27 hemlig
298 1487 97 26 värfning
410 1486 128 22 undkomma
560 1485 147 28 förpligtelsen
727 1487 33 20 att
782 1485 83 22 inträda

46 1517 8 22 i
69 1517 79 22 armén.
178 1517 10 21 I
203 1516 88 22 Finland
307 1516 52 26 åter,
377 1515 37 22 der
428 1515 35 22 väl
478 1517 33 20 tre
526 1515 128 27 fjerdedelar
674 1514 23 22 af
717 1514 26 22 de
765 1513 33 22 för
820 1514 46 21 året

46 1545 154 29 värnepligtige
216 1545 27 28 gå
257 1545 39 22 fria
311 1545 46 22 från
373 1544 58 23 aktiv
444 1544 72 28 tjenst,
532 1550 48 15 men
596 1544 76 21 endast
688 1549 26 16 en
724 1543 101 28 fjerdedel
834 1542 32 22 för
