1067 1817
212 136 54 20 1780
506 138 39 17 Den
563 136 23 18 11
603 136 81 18 Jannari.

249 200 75 21 vinner
345 200 41 26 nej,
408 198 108 28 företages
538 198 185 28 handläggningen
743 197 22 22 af
785 197 90 22 berörde
890 196 109 27 inledning

182 228 36 22 vid
233 229 65 21 annat
319 228 89 27 tillfälle,
425 228 55 22 dock
492 227 71 23 förrän
578 227 74 27 frågan
667 233 34 15 om
716 226 93 28 uppskof
822 226 96 22 kommer
932 225 68 22 under

181 257 120 28 pröfning*.

250 286 96 22 Emedan
361 286 69 22 denna
444 285 133 28 proposition
591 284 130 23 besvarades
739 285 50 21 med
803 284 155 27 öfvervägande
970 283 29 28 ja,
1023 293 2 6 '

185 314 168 23 öfverlemnades
367 321 30 15 nu
411 315 33 21 till
460 314 122 22 diskussion
598 314 41 22 den
654 313 22 22 af
688 314 109 22 utskottet
805 312 122 28 föreslagna
934 312 66 22 inled-
1023 313 2 32 ;

183 344 78 28 ningen
276 344 32 22 till
323 344 139 28 lagförslaget
476 345 51 21 näst
540 343 88 22 framför
642 343 106 22 rubriken.

253 373 39 21 Om
308 373 70 22 denna
391 373 109 28 inledning
513 373 85 28 yttrade
613 372 32 28 sig
660 372 54 22 först

251 402 98 22 Friherre
364 408 41 16 von
420 402 79 27 Born,
514 402 35 22 V.:
579 401 75 22 Ehuru
666 401 37 28 jag
717 401 48 22 icke
780 402 24 20 är
819 400 75 33 sinnad
907 402 33 20 att
950 401 52 26 göra
1022 405 3 27 |

183 431 67 27 nägot
263 430 82 28 förslag
359 432 7 20 i
382 431 69 21 denna
470 431 34 22 del
526 430 23 22 af
569 430 119 22 utskottets
711 430 290 27 sammanjemkningsbetän-
1023 433 2 11 '

183 460 76 26 kande,
275 460 43 22 kan
329 460 39 27 jag
382 460 47 22 icke
444 460 72 28 undgä
530 461 32 20 att
576 460 91 27 päpeka,
683 461 33 20 att
731 459 63 23 dessa
809 459 38 21 ord
864 459 81 26 ,under
959 458 43 22 för-

184 489 133 27 utsättning”
340 489 47 22 icke
408 489 78 28 tydligt
508 488 84 28 angifva
613 488 119 22 utskottets
747 489 7 21 i
768 488 119 22 motiverna
905 487 97 22 uttalade
1022 488 3 5 *

184 518 55 28 syfte
255 520 32 19 att
301 518 40 22 här
354 518 109 27 förelägga
478 520 32 20 ett
523 518 71 21 vilkor.
624 518 42 26 Jag
679 518 37 21 vill
731 518 47 22 icke
793 516 80 23 föreslå
886 516 71 28 någon
965 518 37 20 än-
1022 540 2 2 ;
1040 510 2 2 |

186 546 67 28 dring,
269 553 48 15 men
333 547 38 21 det
385 553 64 22 synes
464 548 49 26 mig,
530 553 46 16 som
592 553 33 15 om
640 547 107 21 utskottet
762 547 7 21 i
789 546 38 22 sitt
842 548 49 25 eget
914 545 40 22 och
968 552 34 15 sa-
1022 552 2 23 |

184 575 54 22 kens
253 575 92 22 intresse
361 576 69 21 skulle
444 576 65 22 bordt
523 576 89 26 tillägga
626 575 66 22 orden
709 592 9 10 ,
722 576 40 22 och
777 575 89 26 vilkor";
885 575 37 21 det
936 574 67 22 borde
1022 589 2 3 :

185 604 84 22 således
293 604 51 22 heta
367 621 9 10 ,
380 604 68 27 under
467 604 153 28 förutsättning
636 604 39 22 och
693 604 88 22 vilkor".
798 616 25 3 —
839 604 80 22 Vidare
934 603 69 22 skulle
1022 627 2 2 :

183 633 38 28 jag
235 633 50 28 vilja
307 633 102 22 anmärka
430 635 33 20 att
485 634 61 22 ordet
569 650 7 10 ,
582 633 130 27 emellertid"
729 633 42 22 kan
786 639 51 15 vara
851 632 151 22 vilseledande.
1022 639 2 20 |

185 662 44 22 Det
242 662 63 22 heter
321 662 53 27 ,och
396 662 68 22 under
485 662 154 27 förutsättning
661 664 33 20 att
715 662 59 22 Hans
793 662 103 28 Majestät
910 661 72 22 härtill
997 660 7 22 i

185 690 67 22 nåder
273 690 84 23 bifaller
379 693 56 20 samt
457 693 33 19 att
512 691 119 22 emellertid
654 691 41 21 den
712 690 33 23 för
761 691 41 21 den
815 690 70 22 finska
899 690 105 22 militären
1022 690 2 29 :

186 719 42 22 den
243 722 12 19 9
271 720 60 26 April
346 722 53 19 1877
416 719 114 23 utfärdade
540 720 96 27 strafflag
643 720 118 22 bibehälles
769 719 149 23 oförändrad”.
942 719 63 22 Hvad
1022 721 2 26 :

186 754 73 16 menas
282 749 49 22 med
353 748 60 22 detta
436 766 5 9 ,
442 749 154 26 emellertid"?
624 749 74 21 Menas
721 749 87 21 dermed
831 748 56 22 ända
904 748 32 22 till
955 748 49 22 dess
1022 752 2 19 :

185 777 60 22 Hans
267 777 102 28 Majestät
383 777 91 29 uppfyllt
490 778 59 22 detta
570 778 69 22 vilkor
658 778 40 22 och
712 777 121 29 förelägger
848 778 115 22 ständerna
978 783 26 15 en
1021 777 2 4 '

185 806 139 28 proposition,
341 806 52 23 eller
407 813 73 15 menas
497 807 86 22 dermed
598 806 56 22 ända
668 807 32 21 till
716 807 41 21 den
779 807 107 27 tidpunkt,
903 806 28 22 då
946 808 59 20 stän-

187 835 66 21 derna
268 836 83 27 antagit
365 836 69 22 denna
455 836 50 21 med
528 836 52 22 eller
601 837 53 21 utan
669 836 90 27 ändring
774 836 40 22 och
828 835 60 23 Hans
903 835 103 28 Majestät
1021 831 2 23 :

187 864 97 27 godkänt
299 865 60 21 detta
382 865 120 28 antagande
525 867 56 20 samt
602 864 95 22 utfärdat
711 865 80 27 lagen?
820 864 42 23 Det
877 870 63 22 synes
956 864 48 28 mig,
1021 878 2 17 :

187 899 47 15 som
256 899 35 15 om
313 894 37 21 det
371 893 61 22 äfven
455 894 69 22 skulle
545 894 59 28 ligga
617 893 7 21 i
639 894 118 22 utskottets
781 894 40 21 och
835 893 147 28 majoritetens
998 893 8 21 i
1021 909 2 8 |

187 921 62 22 detta
263 922 63 22 stånd
341 922 91 22 intresse
448 924 32 20 att
494 923 115 27 förtydliga
624 922 60 22 detta
699 922 86 28 uttryck
801 922 88 27 derhän,
904 924 33 20 att
952 921 54 23 efter

187 950 66 22 orden
270 950 131 27 ,bibehälles
417 951 140 25 oförändrad”
574 950 69 23 skulle
658 951 100 28 tilläggas
775 968 4 10 ,
780 951 40 27 till
835 951 50 22 dess
900 958 27 15 en
941 950 64 23 afre-
1021 949 2 2 :

187 981 52 25 gent
254 979 41 22 och
310 981 88 21 ständer
412 982 132 25 gemensamt
560 982 92 26 antagen
666 980 177 28 militärstrafflag
853 979 153 23 utfärdas".
987 975 14 37 —
1021 998 2 3 |

187 1008 67 22 Detta
269 1009 78 21 endast
361 1010 71 21 såsom
447 1016 26 15 en
488 1010 139 26 anmärkning
641 1009 33 22 för
683 1010 44 21 min
735 1009 100 28 räkning;
850 1009 67 27 något
927 1009 80 27 förslag
1021 1028 2 3 :

188 1038 39 26 gör
239 1037 38 27 jag
292 1038 54 22 icke.

256 1066 57 22 Herr
335 1066 174 23 Silfversvan:
539 1068 11 21 1
572 1067 94 28 enlighet
686 1068 50 21 med
758 1067 56 22 hvad
833 1067 59 28 jag
885 1062 15 37 i
911 1068 39 27 går
971 1066 36 23 vid

189 1094 150 23 diskussionen.
355 1098 65 25 öppet
431 1096 56 22 hade
502 1098 51 20 äran
568 1096 112 22 framhålla
694 1096 55 22 inför
763 1096 93 27 ståndet,
871 1096 38 22 ber
922 1096 37 28 jag
974 1097 32 21 att
1020 1102 2 14 '

188 1123 23 23 få
225 1124 33 22 till
273 1125 42 21 alla
330 1124 60 22 delar
404 1125 114 22 instämma
532 1125 7 22 i
553 1125 57 22 hvad
624 1125 90 22 friherre
729 1131 40 16 von
784 1125 59 22 Born
857 1126 74 28 yttrat.

189 1180 87 29 förslag.

257 1211 99 22 Friherre
377 1217 41 16 von
440 1212 79 27 Born,
537 1212 35 22 V.:
602 1212 42 27 Jag
658 1212 38 22 ber
711 1213 33 21 att
758 1212 22 22 få
794 1212 91 28 upplysa
900 1213 27 21 de
942 1212 65 22 ärade

189 1239 47 50 ed
257 1246 69 15 nia
341 1240 23 22 af
377 1241 92 27 ståndet,
485 1247 46 16 som
546 1241 82 21 biträdt
642 1240 48 28 mig,
707 1242 33 20 att
751 1241 39 27 jag
808 1242 48 21 icke
871 1241 57 28 gjort
942 1241 66 27 något

198 1269 77 27 örslag.

257 1298 56 21 Herr
334 1298 140 22 Mechelin:
504 1298 42 23 För
567 1298 43 22 min
633 1298 34 22 del
688 1299 39 21 ber
739 1299 38 28 jag
791 1298 22 22 få
828 1299 85 22 anmäla
926 1300 32 20 att
970 1298 52 28 jag.

189 1326 40 21 har
251 1327 40 21 den
313 1326 163 28 uppfattningen
499 1329 32 21 att
552 1328 110 28 uttrycket
685 1345 9 9 ,
697 1328 70 22 under
788 1327 164 28 förutsättning"
968 1328 53 21 här

189 1354 48 20 icke
251 1355 42 19 kan
309 1355 80 27 betyda
402 1359 66 17 annat
483 1358 27 18 än
525 1357 123 25 detsamma,
665 1363 46 14 som
726 1363 35 14 om
775 1363 49 15 man
838 1357 124 26 begagnade
973 1362 35 15 or-

190 1381 37 21 det
241 1382 69 22 vilkor
325 1383 52 21 eller
391 1383 110 22 förbehåll.
531 1384 46 21 När
590 1390 49 15 man
654 1384 119 27 uppställer
789 1391 26 15 en
837 1384 43 22 viss
895 1384 113 21 förutsätt-

189 1410 52 26 ning
255 1410 32 21 för
303 1412 31 20 ett
349 1411 58 21 bifall
423 1412 52 21 eller
490 1413 32 21 ett
536 1412 128 27 antagande,
680 1412 25 22 så
719 1412 69 22 måste
804 1413 69 21 denna
894 1412 127 22 förutsätt-
1015 1406 10 37 :

189 1438 51 28 ning
254 1439 67 22 varda
335 1440 95 28 uppfylld
444 1440 34 22 för
492 1442 32 20 att
540 1441 36 21 det
592 1440 73 22 dervid
679 1440 84 23 fästade
778 1441 95 23 beslutet
881 1441 54 22 skall
944 1447 63 16 anses

190 1467 105 27 gällande.
325 1468 74 22 Skulle
414 1470 119 22 emellertid
548 1470 70 21 denna
632 1470 43 22 min
689 1470 136 28 uppfattning
840 1476 63 16 anses
919 1470 22 22 af
950 1470 71 28 stän-
1014 1463 11 39 '

190 1496 38 22 det
243 1497 83 27 oriktig,
343 1498 25 21 sä
383 1499 114 21 motsätter
509 1499 37 27 jag
561 1500 43 26 mig
618 1499 47 22 icke
681 1506 26 15 en
726 1499 156 28 förtydligande
897 1498 124 30 modifika-
1012 1492 11 40 |

189 1525 52 29 tion.
271 1526 41 22 För
326 1527 43 21 min
385 1526 33 22 del
433 1527 39 22 har
486 1528 36 27 jag
536 1528 99 22 omfattat
650 1528 69 22 denna
734 1528 119 28 redaktion,
873 1528 32 22 för
927 1530 33 20 att
971 1528 50 28 jag:

190 1560 64 16 anser
268 1555 41 21 den
324 1555 89 28 liktydig
428 1556 49 22 med
492 1557 47 27 den,
555 1563 46 16 som
616 1556 23 22 af
651 1556 89 24 friherre
755 1564 41 16 von
811 1558 57 22 Born
886 1557 68 23 blifvit
969 1560 52 20 an-'

257 1153 98 23 Friherre
369 1154 121 27 Hisinger
505 1154 99 23 biträdde
619 1154 88 22 friherre
722 1160 41 16 von
777 1154 68 23 Borns
865 1161 51 22 nyss
931 1154 75 28 gjorda
