1053 1798
206 129 54 19 1604
485 129 39 17 Den
540 127 25 19 22
582 129 104 17 December.

245 192 41 22 Vid
300 190 127 23 inträffande
442 190 47 28 krig
504 191 74 21 ställas
594 191 26 21 de
631 190 71 22 aktiva
717 192 116 25 trupperna
854 190 29 27 på
904 189 90 28 krigsfot

178 221 39 22 och
232 220 118 22 förstärkas
366 220 32 21 till
413 220 117 26 krigsantal
545 220 90 21 sålunda
657 220 31 20 att
711 219 70 22 dertill
803 219 93 27 behöflig
918 218 34 22 del
973 218 23 22 af

176 256 101 16 reserven
292 248 91 22 inkallas
397 248 8 22 i
420 248 41 22 den
476 248 89 27 ordning
580 248 11 27 $
613 249 25 20 14
661 248 93 27 stadgar.
784 248 75 21 Tillika
881 248 113 27 uppsättes

178 279 22 21 af
214 279 41 21 den
270 278 136 22 återstående
421 284 100 15 reserven
535 278 8 21 i
558 278 48 21 mån
623 276 22 22 af
657 277 102 22 behofvet
777 276 154 28 depottrupper
946 276 48 22 med

178 307 151 23 bestämmelse
345 308 33 20 att
393 306 45 22 dels
454 306 49 28 fylla
519 307 26 21 de
566 306 82 26 luckor,
671 312 45 16 som
739 306 67 22 under
828 306 167 27 krigsoperatio-

177 343 77 15 nernas
269 336 51 27 lopp
335 335 79 27 uppstå
428 336 7 20 i
451 335 26 21 de
493 335 72 22 aktiva
579 336 126 26 truppernas
725 335 65 26 leder,
814 335 45 21 dels
882 335 59 22 bilda
954 341 42 21 nya

177 368 89 24 trupper
281 364 32 22 till
329 366 56 20 stam
399 363 33 23 för
446 364 135 22 landtvärnet
595 366 39 19 när
650 364 59 21 detta
724 364 67 26 enligt
805 363 11 28 $
832 365 25 20 21
880 364 68 21 kallas
963 363 32 21 till

178 400 73 22 vapen.
282 394 9 21 I
307 393 130 22 sistnämnde
452 392 37 22 fall
503 392 108 28 iakttages
627 392 7 22 i
654 392 100 22 afseende
777 392 14 22 å
811 392 185 27 kostnadsförslag

180 424 40 21 och
237 422 130 22 dislokation
381 421 56 22 hvad
452 421 23 28 $$
492 423 26 19 14
534 422 40 21 och
590 423 40 19 122
646 422 81 27 stadga.

246 452 33 21 De
294 450 23 22 af
330 450 107 22 utskottet
452 451 13 21 å
479 450 39 22 sid.
534 452 27 20 87
577 450 40 22 och
632 452 26 20 88
674 450 22 22 af
708 450 146 22 betänkandet
864 450 8 22 i
882 456 38 16 sex
927 450 69 22 skilda

178 480 93 28 punkter
286 480 142 21 formulerade
443 479 80 27 förslag
538 479 33 21 till
585 479 71 21 beslut
672 479 89 28 gillades
785 479 42 22 alla
848 478 67 29 öfrige
937 480 59 20 utom

179 510 96 26 punkten
292 511 19 24 1,
327 514 46 16 som
388 508 77 27 ansågs
482 508 51 22 böra
549 508 83 22 förfalla
647 508 7 21 i
668 508 53 28 följd
736 508 23 22 af
772 508 37 22 det
823 508 72 22 beslut
910 508 87 22 ståndet

178 538 65 21 fattat
257 536 132 23 beträffande
404 536 11 28 $
431 539 12 20 2
458 537 7 21 i
479 536 240 28 författningsförslaget
733 539 57 20 samt
804 537 95 27 punkten
916 539 18 25 6,
951 543 45 15 som

179 566 141 22 förkastades.

248 594 28 23 Af
289 595 27 21 de
332 596 77 20 tvenne
425 594 12 22 å
453 594 38 22 sid.
508 596 26 21 89
551 594 132 22 framställda
697 594 80 28 förslag
799 595 32 21 till
846 595 78 26 beslut,
941 594 55 22 åter-

179 624 149 21 remitterades
345 623 36 21 det
395 623 58 21 förra
465 624 67 26 jemte
548 624 71 21 dertill
633 623 94 22 hörande
742 624 91 22 motiver
840 624 33 21 till
882 624 114 26 utskottet,

180 659 45 15 som
241 652 129 22 anmodades
386 653 33 20 att
432 652 65 21 bland
513 652 26 22 de
554 652 7 21 i
577 652 116 22 motiverne
708 654 107 26 upptagne
838 652 159 27 omständighe-

181 683 34 19 ter
227 681 80 27 jemväl
321 680 112 22 framhålla
447 680 186 28 nödvändigheten
648 680 60 22 deraf
721 683 33 19 att
776 681 135 22 soldaternes
934 681 63 28 själa-

180 710 51 22 vård
246 710 67 21 måtte
328 709 65 22 blifva
409 709 128 27 tillbörligen
551 709 149 27 tillgodosedd.

247 739 44 21 Det
306 744 76 16 senare
397 737 102 27 förslaget
516 738 91 22 rörande
629 738 65 28 nådig
715 739 133 27 proposition
870 745 35 16 om
926 738 72 23 förän-

181 767 85 27 dringar
280 767 7 21 i
302 766 194 28 värnepligtslagen
511 767 130 27 godkändes.

248 796 111 28 Härjemte
374 796 87 26 beslöts,
478 798 33 19 att
525 796 32 22 uti
572 796 125 22 ständernes
712 796 147 28 underdåniga
874 803 49 16 svar
937 797 12 21 å
957 796 40 22 den

181 825 78 27 nådiga
273 824 160 29 propositionen
449 825 68 22 skulle
533 825 22 22 af
568 826 107 21 utskottet
689 826 28 27 på
733 826 96 28 lämpligt
844 826 62 22 ställe
918 826 79 22 införas

180 854 93 28 följande
288 854 119 21 uttalande:

249 883 39 22 Att
303 882 120 27 ständerne,
439 882 72 23 hvilka
533 882 33 23 för
583 883 32 22 sin
638 883 35 22 del
695 884 68 21 önska
785 883 54 23 efter
860 884 137 28 möjligheten

182 911 94 23 anskaffa
291 918 41 21 nya
346 912 69 21 källor
429 911 34 22 för
478 912 134 22 underhållet
627 912 23 21 af
662 913 155 27 militieverket,
833 913 49 22 ville
898 913 7 22 i
920 913 78 22 under-

182 941 101 26 dånighet
297 940 58 22 fästa
369 941 59 21 Hans
443 941 120 27 Kejserliga
577 941 113 27 Majestäts
709 941 79 27 nådiga
809 942 189 27 uppmärksamhet

184 970 65 27 derpå
265 971 32 20 att
312 969 27 21 då
355 969 26 21 de
396 969 107 22 indirekta
517 970 121 21 skatternas
654 970 140 27 päläggande,
817 971 72 21 hvilka
912 971 86 22 allestä-

182 999 38 21 des
235 998 96 27 inbringa
347 998 26 21 de
389 999 80 20 största
484 998 40 21 och
538 999 136 26 lämpligaste
689 999 124 27 inkomster,
835 999 48 22 icke
906 1000 92 21 tillkom-

181 1033 46 16 mer
242 1027 53 26 dem,
313 1028 55 20 samt
383 1033 75 20 genom
475 1027 63 22 dessa
553 1027 83 22 skatter
652 1029 81 21 statens
755 1028 104 22 ordinarie
881 1029 118 22 inkomster

181 1056 73 27 hvarje
270 1056 24 21 år
308 1056 63 26 stiga,
387 1057 70 20 staten
473 1056 61 22 äfven
548 1057 68 21 borde
631 1057 13 20 å
659 1057 33 21 sin
707 1057 47 22 sida
767 1063 76 22 genom
852 1057 99 28 lämpligt
961 1065 37 14 an-

182 1085 47 27 slag
244 1086 51 25 taga
310 1085 34 21 del
359 1085 7 20 i
379 1085 144 22 bekostandet
540 1085 23 22 af
575 1085 149 22 militieverket
743 1088 40 20 när
797 1087 7 21 i
819 1087 68 21 sinom
909 1087 31 21 tid
955 1086 43 22 för-

182 1114 46 27 slag
243 1115 62 26 göres
321 1119 35 16 om
371 1120 41 21 nya
426 1113 83 23 skatter
523 1113 33 23 för
571 1114 60 22 detta
646 1115 103 22 ändamål.

249 1141 100 24 Härefter
365 1143 129 26 granskades
509 1143 111 28 ingressen
634 1143 33 22 till
680 1143 247 29 författningsförslaget,
935 1145 63 22 hvar-

182 1171 34 22 vid
231 1171 57 22 förra
303 1171 62 22 delen
381 1171 61 22 deraf
455 1172 130 27 godkändes,
601 1179 48 15 men
664 1179 75 16 senare
755 1173 61 22 delen
832 1174 166 22 återremittera-

182 1201 38 21 des
243 1200 32 21 till
297 1200 108 21 utskottet
426 1199 33 22 för
481 1202 32 20 att
534 1201 108 22 utskottet
660 1201 69 22 skulle
744 1201 100 28 uppgifva
860 1203 26 22 de
901 1203 96 26 motiver,

182 1229 28 27 på
225 1229 68 26 grund
309 1228 22 21 af
344 1229 71 21 hvilka
428 1228 159 28 ifrågavarande
603 1229 22 28 $$
640 1230 67 22 borde
729 1230 72 22 såsom
823 1231 175 28 grundlagsstad-

182 1258 83 26 ganden
281 1263 70 16 anses.
840 1284 2 2 N

249 1285 63 22 Hvad
326 1285 102 22 särskildt
443 1287 66 27 angär
523 1287 41 22 den
579 1286 69 23 finska
663 1289 71 20 texten
751 1288 23 21 af
786 1287 212 29 författningsförsla-

183 1317 43 24 get,
242 1315 86 27 gjordes
344 1315 45 21 deri
404 1315 91 27 följande
511 1316 113 27 ändringar
639 1317 41 21 och
694 1317 111 22 rättelser:

250 1343 11 26 $
277 1345 18 18 5.
326 1343 71 20 Orden
414 1344 141 25 ,vuosittain*
573 1345 104 20 ändrades
692 1345 33 20 till
742 1346 107 25 ,kunakin
864 1347 105 20 vuonna*.

251 1370 11 27 8
278 1372 18 19 6.
326 1371 116 21 Enahanda
457 1371 95 27 ändring.

250 1399 11 27 8
278 1401 23 19 11
319 1405 62 16 mom.
397 1401 20 20 2.
448 1399 111 28 Uttrycket
578 1400 160 27 ,pidettäkööt*
761 1402 96 22 rättades
880 1402 32 22 till
937 1404 63 25 ,ovat

182 1427 139 28 pidettävät*.

251 1456 11 28 8
279 1458 32 20 12.
341 1457 53 22 Lika
409 1457 89 28 ändring
513 1463 46 16 som
573 1458 36 21 vid
625 1458 10 28 $
651 1460 19 21 5.

251 1485 41 22 Vid
307 1485 12 28 $
335 1488 26 19 37
376 1493 62 15 mom.
455 1489 12 19 3
482 1487 108 22 framhölls
606 1489 32 20 att
653 1488 108 28 uttrycket
770 1488 166 29 ,merimiehet*,
944 1491 55 20 mot-

183 1515 104 21 svarande
302 1514 7 21 i
325 1515 106 22 svenskan
447 1515 114 28 ,sjömän*,
577 1518 24 19 är
616 1516 7 21 i
638 1517 40 21 den
694 1517 91 22 svenska
800 1519 73 21 texten
888 1518 23 22 af
923 1519 76 22 betän-

183 1543 80 22 kandet
279 1543 39 22 och
334 1544 40 21 den
389 1544 77 27 nådiga
481 1545 159 27 propositionen
663 1546 113 27 ätergifvet.
797 1547 48 22 med
862 1548 136 27 ,matroser",
