1073 1823
217 138 54 20 1878
508 139 39 17 Den
565 138 26 18 18
606 139 81 18 Jannari,

187 202 122 21 inrättande
324 201 41 22 och
379 201 189 27 upprätthållande
583 201 23 22 af
618 201 99 23 läroverk
738 200 50 23 med
809 200 66 22 finskt
896 199 110 22 undervis-

187 230 139 28 ningsspråk;
342 230 26 22 så
382 230 39 22 har
435 230 165 22 Presteståndet
614 230 91 27 inbjudit
720 230 158 26 Ridderskapet
888 229 41 21 och
939 228 69 22 Adeln

189 261 58 21 samt
260 259 106 28 Borgare-
382 258 40 23 och
441 258 169 23 Bondestånden
632 261 33 20 att
685 259 75 22 förena
781 258 34 28 sig
829 264 35 16 om
878 257 94 29 följande
987 257 23 22 af

187 288 164 22 Presteståndet
365 288 50 22 med
429 288 115 27 anledning
559 287 24 23 af
595 288 42 22 den
657 288 84 28 yppade
763 286 245 29 meningsskiljaktighe-

188 319 37 21 ten
240 319 94 25 antagna
347 316 137 23 modifierade
499 316 80 28 förslag
593 317 8 21 i
616 319 77 25 ämnet,
709 317 115 27 nemligen:

258 348 46 25 »att
319 346 42 22 den
375 346 106 27 allmogen
495 346 29 27 på
538 346 75 22 landet
618 346 67 27 jemte
694 352 26 16 en
729 346 35 22 del
773 346 50 22 dess
831 345 121 23 vederlikar
960 344 48 22 här-

188 375 44 21 tills
247 376 7 20 i
270 375 101 22 afseende
387 375 12 21 å
413 374 279 28 karta-sigillata-afgiftens
708 374 121 28 utgörande
844 374 109 27 medgifna
969 374 40 21 lin-

189 404 61 27 dring
265 404 41 22 och
320 404 100 21 befrielse
435 404 84 21 komme
533 406 34 19 att
581 404 98 27 upphöra
692 404 33 21 för
741 404 41 22 den
797 403 38 27 tid,
847 402 162 28 ifrågavarande

189 432 310 28 stämpelpappersförordning
521 432 75 27 gäller,
618 432 50 22 med
689 433 78 21 sådant
788 432 68 22 vilkor
879 433 39 25 att,
938 432 72 21 derest

189 461 106 27 styrelsen
309 460 69 24 finner
392 461 143 22 statsverkets
551 461 105 22 ordinarie
671 461 114 27 tillgångar
799 467 51 16 vara
868 460 143 27 otillräckliga

189 490 34 22 för
237 490 122 22 inrättande
375 490 40 22 och
431 490 187 28 upprätthållande
633 490 23 22 af
669 490 67 27 högre
753 490 99 22 läroverk
874 489 49 23 med
945 488 66 22 finskt

190 519 236 28 undervisningsspråk,
443 520 26 21 de
484 518 73 23 härför
572 519 79 27 nödiga
668 519 122 27 kostnader,
806 519 73 22 hvilka
893 518 7 22 i
916 518 94 22 Statsut-

190 548 94 22 skottets
299 548 73 28 kalkyl
387 548 98 27 (Betänk.
501 548 41 22 N:o
559 550 26 20 12
601 548 40 22 sid.
657 550 36 26 27)
713 548 110 23 eventuelt
844 548 117 22 beräknats
978 554 33 15 er-

190 577 73 21 fordra
278 584 26 15 en
319 578 170 26 anslagssumma
504 577 22 21 af
540 579 91 25 570,000
647 578 66 26 mark,
729 577 56 28 finge
800 577 69 22 under
883 583 83 16 samma
980 576 31 22 tid

190 613 26 15 ur
231 606 197 28 bevillningsmedel
443 606 148 28 disponeras".

259 636 67 21 Detta
340 635 80 27 förslag
434 635 39 21 har
487 642 90 14 numera
591 634 69 23 blifvit
675 636 22 21 af
711 636 58 21 såväl
784 636 105 26 Borgare-
898 641 47 16 som
955 635 56 21 Bon-

191 664 116 22 deständet
321 666 94 25 antaget,
431 664 111 22 hvaremot
556 664 159 28 Ridderskapet
730 664 41 22 och
785 664 76 27 Adeln,
878 670 46 16 som
947 664 64 21 emel-

190 692 65 22 lertid
269 692 77 22 bifallit
361 693 32 21 till
409 692 180 23 Statsutskottets
604 693 155 27 framställning
773 695 39 25 att,
835 693 34 22 för
889 693 122 21 inrättande

191 722 41 21 och
247 722 188 27 upprätthällande
451 722 22 21 af
485 728 40 22 nya
541 722 72 22 skolor
627 722 50 22 med
691 722 66 22 finskt
774 722 237 27 undervisningsspräk,

192 751 109 21 eventuelt
316 757 111 15 reservera
441 751 70 21 medel
523 751 80 27 jemväl
617 751 8 21 i
640 751 235 28 bevillningsbudgeten
891 751 33 21 till
935 752 32 21 ett
974 751 38 21 be-

191 780 50 27 lopp
257 780 23 21 af
293 781 91 25 570,000
399 780 60 21 mark
474 779 33 23 för
523 780 26 22 de
564 782 109 20 närmaste
687 780 42 22 fem
745 781 58 27 ären,
815 782 71 20 ansett
897 782 39 23 att,
945 780 67 22 sedan

191 809 88 21 ständet
294 809 96 27 godkänt
406 808 180 23 Statsutskottets
601 810 92 21 berörda
714 810 87 27 förslag,
823 810 66 27 nägot
911 808 102 23 särskildt

191 838 73 22 beslut
285 838 8 21 i
315 838 114 27 anledning
451 838 22 22 af
493 838 175 22 Presteständets
690 839 126 28 inbjudning
838 839 48 22 icke
908 845 51 15 vore
973 838 39 28 pä-

191 867 88 22 kalladt.

259 896 34 22 Dä
307 896 119 23 emellertid
441 897 100 27 samtliga
549 896 64 23 ständ
620 896 84 23 förenat
712 897 33 28 sig
753 903 35 16 om
799 898 32 21 att
838 897 29 28 pä
874 896 138 28 bevillnings-

193 926 86 21 medlen
288 926 109 22 eventuelt
405 926 74 22 anvisa
487 928 92 25 570,000
587 926 60 22 mark
655 927 32 21 till
695 927 132 22 bekostande
836 926 23 22 af
874 926 70 22 finska
958 927 55 21 läro-

192 955 58 26 verk,
267 955 40 22 och
323 955 38 22 det
376 955 20 21 af
410 955 165 22 Bondeständet
589 955 33 22 för
636 955 140 28 upphörande
791 955 24 22 af
827 955 140 22 omförmälda
974 962 39 15 un-

193 983 174 28 dantagsförmän
376 984 123 27 uppställda
513 984 70 21 vilkor
597 984 85 22 således
701 984 68 22 blifvit
791 985 111 27 uppfylldt,
918 985 39 21 har
971 984 42 22 Be-

193 1013 207 27 villningsutskottet
415 1014 72 20 ansett
501 1013 77 27 frägan
593 1019 34 16 om
643 1013 275 28 stämpeipappersafgiften
932 1019 50 16 vara
992 1012 24 22 af

193 1041 118 22 ständerna
325 1041 101 27 slutligen
441 1041 84 28 afgjord
541 1041 39 22 och
602 1041 63 28 förty,
680 1042 50 22 med
753 1043 49 21 stöd
817 1042 22 22 af
853 1044 25 20 67
895 1041 12 29 $
921 1042 8 21 i
943 1042 70 21 landt-

195 1070 177 27 dagsordningen,
388 1070 138 22 öfverlemnat
541 1071 154 27 handlingarne
710 1071 105 22 iärendet
825 1071 32 22 till
865 1071 149 28 Expeditions-

194 1099 117 27 utskottet;
327 1099 88 22 hvarom
429 1099 240 28 Bevillningsutskottet
682 1099 33 22 får
729 1099 115 29 höglofliga
854 1100 160 27 Ridderskapet

195 1128 40 22 och
249 1128 70 22 Adeln
333 1128 124 27 härigenom
472 1129 111 21 vördsamt
597 1129 132 21 underrätta.

360 1186 33 21 Pä
407 1186 318 27 Bevillningsutskottets
741 1188 106 26 vägnar:

480 1243 56 22 Karl
550 1243 62 22 Ferd.
628 1243 103 28 Ignatius.

788 1301 21 18 G.
822 1300 91 19 Geitlin.

265 1353 68 26 Äfven
348 1357 69 22 denna
432 1357 112 22 skrifvelse
559 1358 78 26 ansägs
652 1358 47 21 icke
714 1358 110 21 föranleda
839 1359 32 20 till
887 1358 76 26 ätgärd
970 1358 47 22 frän

198 1386 98 22 ständets
319 1386 54 26 sida,
395 1387 52 20 utan
469 1386 71 22 skulle
562 1386 123 21 densamma
699 1386 74 26 läggas
788 1386 33 21 till
836 1386 98 22 ständets
950 1386 67 22 hand-

197 1414 74 28 lingar.

265 1472 57 22 Herr
329 1471 200 29 Björkenheim,
542 1472 87 27 Robert,
646 1472 72 22 anhöll
733 1472 53 22 härä
800 1478 34 16 om
850 1472 62 22 ordet
927 1472 40 22 och
974 1474 43 27 ytt-

193 1501 68 22 -rade:
291 1501 34 21 Då
339 1500 170 23 Bankutskottet
522 1502 8 21 i
546 1502 39 21 sitt
599 1501 33 22 till
647 1501 116 23 ständerna
779 1501 55 23 först
849 1502 79 27 afgifna
942 1502 76 23 betän-

199 1530 70 22 kande
283 1530 128 28 redogjorde
425 1529 34 23 för
473 1530 41 22 den
529 1530 58 22 vinst
601 1536 47 16 som
662 1530 7 22 i
684 1530 85 22 banken
783 1532 99 26 uppstätt
889 1532 68 21 under
964 1531 54 22 sista

199 1559 188 28 femärsperioden,
403 1558 39 23 har
457 1559 170 23 Bankutskottet
642 1559 103 29 derjemte
759 1560 28 28 pä
801 1560 106 23 anmodan
926 1560 23 22 af
966 1560 52 22 Rid-
