1059 1773
206 142 53 19 1628
480 141 38 17 Den
536 138 25 18 29
577 140 105 17 December.

177 205 80 28 afgöra,
279 203 106 23 huruvida
404 204 27 21 de
452 202 33 23 för
506 202 92 22 nämnda
618 201 230 29 jernvägsanläggning
874 200 120 23 derutöfver

178 234 137 27 erforderliga
336 232 70 23 medel
428 232 61 22 skola
512 234 27 19 än
562 232 72 22 vidare
656 230 47 22 frän
721 229 273 23 kommunikationsfonden

178 264 51 27 utgå
252 263 51 23 eller
324 262 92 22 medelst
434 261 36 22 län
485 260 117 27 anskaffas;
618 260 92 22 hvarhos
727 260 21 22 ät
764 259 105 28 styrelsen
884 258 110 24 öfverlem-

178 299 38 16 nas
232 293 32 21 att
278 290 134 24 beträffande
427 290 129 28 tidpunkten
570 289 34 22 för
618 290 95 21 arbetets
728 289 131 27 pähörjande
874 288 87 28 vidtaga
969 288 26 22 de

177 320 166 28 bestämningar,
364 326 45 16 som
425 319 48 22 med
490 318 100 23 afseende
606 318 45 22 dels
668 318 12 21 å
695 318 27 22 de
736 318 8 21 i
759 317 154 23 ofvanstäende
928 317 67 22 måtto

179 350 101 22 anvisade
301 349 77 26 medel,
401 348 45 22 dels
462 348 13 21 &
488 347 141 27 tillgängarne
645 348 28 26 pä
688 346 156 22 arbetskrafter
859 348 56 20 samt
929 346 67 27 öfriga

179 378 182 27 omständigheter
384 376 95 23 befinnas
494 382 52 16 vara
560 376 7 21 i
583 376 135 22 ekonomiskt
732 376 124 22 hänseende
871 375 124 23 fördelakti-

178 409 54 26 gast.
262 407 34 22 Dä
314 406 38 28 jag
366 406 89 21 kommit
470 405 32 21 till
519 404 69 22 denna
603 404 134 28 uppfattning
752 405 111 27 angäende
879 404 41 22 den
935 404 61 22 verk-

178 436 44 28 liga
243 436 112 26 meningen
370 435 48 21 med
434 435 26 21 de
475 436 78 20 tvenne
568 433 103 23 ständens
687 433 77 26 beslut,
781 434 25 21 sä
822 439 62 21 synes
901 432 37 22 det
952 434 44 26 mig

179 468 33 19 att
233 464 175 28 skiljaktigheten
429 463 69 21 måste
520 462 57 28 ligga
600 462 75 26 deruti,
691 464 32 20 att
738 462 65 22 dessa
818 462 55 22 båda
889 462 64 22 stånd
968 468 29 16 nu

179 494 51 28 vilja
252 494 73 22 anvisa
345 492 44 27 allt,
406 498 46 16 som
467 492 47 21 frän
528 491 273 22 kommunikationsfonden
816 491 42 21 kan
873 490 65 23 blifva
954 491 43 21 dis-

178 523 102 28 ponibelt,
303 522 77 22 medan
402 521 158 27 Ridderskapet
576 521 40 21 och
631 520 68 22 Adeln
714 520 49 22 ville
778 520 107 27 begränsa
900 520 98 27 anslaget

179 553 32 21 till
234 558 26 16 en
282 551 28 22 fix
324 556 88 20 summa,
428 550 58 26 lägre
502 552 27 19 än
544 550 37 21 det
596 549 78 28 belopp
690 549 168 22 Statsutskottet
872 549 125 28 kalkylerat.

179 582 35 21 Dä
236 581 37 21 det
292 580 67 27 gäller
374 581 32 20 att
420 578 74 28 pröfva
509 578 106 22 huruvida
630 578 48 22 skäl
692 579 43 21 kan
749 578 114 22 förefinnas
880 580 32 20 att
926 578 72 22 bifalla

180 610 41 22 den
244 616 28 15 nu
294 608 23 23 af
341 610 77 20 tvenne
442 607 65 22 ständ
538 607 136 22 framställda
699 607 160 27 inbjudningen,
886 608 24 20 sä
935 613 63 22 synes

182 640 38 20 det
241 638 42 28 mig
306 639 32 20 att
354 636 160 28 Ridderskapet
529 636 41 22 och
585 636 69 22 Adeln
669 637 7 21 i
692 636 74 27 sjeliva
781 636 75 22 verket
870 637 71 21 kunde
957 636 41 22 till-

179 667 99 27 mötesgä
300 666 152 28 inbjudningen
476 665 86 27 derhän,
586 667 33 20 att
640 665 74 22 förena
732 665 32 27 sig
780 666 72 21 derom
868 666 33 21 att
916 665 42 22 alla
972 666 26 21 de

180 696 120 28 tillgångar,
317 702 46 15 som
378 694 275 22 kommunikationsfonden
667 695 42 21 kan
726 694 70 27 afläta,
813 694 65 22 också
886 694 69 22 blefve
963 701 36 15 an-

180 726 84 25 visade;
288 724 67 28 derpä
370 724 68 27 ligger
453 724 123 26 pätagligen
591 723 159 27 hufvudvigten,
768 725 22 26 ty
806 725 32 20 att
853 724 73 21 anvisa
942 730 58 15 mera

181 757 27 19 än
226 760 46 16 som
287 754 42 21 kan
344 752 48 22 frän
406 752 274 22 kommunikationsfonden
694 752 65 22 blifva
774 752 135 28 disponibelt,
925 752 39 22 har
976 753 24 27 ju

180 784 64 27 ingen
264 782 112 28 betydelse
398 782 7 21 i
428 781 39 22 och
489 781 33 22 för
544 781 33 27 sig
592 782 40 21 och
647 781 67 22 borde
729 782 47 21 icke
792 782 55 21 varit
862 782 138 27 Jernvägsut-

181 813 93 22 skottets
297 812 86 26 mening
405 812 33 20 att
452 810 86 22 föreslå.
568 810 33 22 Då
613 811 37 27 jag
666 810 92 22 förutom
774 811 26 21 de
817 810 183 28 omständigheter

179 842 37 28 jag
231 841 46 22 haft
292 843 51 19 äran
358 839 74 23 anföra
446 840 69 22 mäste
531 840 89 22 omfatta
636 840 40 21 den
692 840 62 27 äsigt,
770 841 32 20 att
817 840 36 21 det
868 846 50 16 vore
936 840 63 22 önsk-

180 872 66 26 ligast
268 871 32 22 att
321 870 48 22 icke
392 868 90 23 behöfva
498 869 22 22 ät
536 868 104 23 förstärkt
656 869 147 22 Statsutskott
819 868 129 23 öfverlemna
964 870 36 21 det

182 900 86 27 slutliga
290 899 126 28 afgörandet
430 899 8 20 i
453 899 69 21 denna
536 898 80 27 vigtiga
631 898 161 27 angelägenhet,
808 898 92 23 rörande
914 899 86 22 hvilken

181 929 7 22 i
204 929 25 22 sä
242 929 88 26 mänget
344 927 122 22 hänseende
481 927 126 27 fullständig
622 927 186 27 samstämmighet
821 929 23 20 är
859 934 90 21 vunnen,
959 928 41 22 till-

181 958 56 22 läter
254 958 38 27 jag
307 957 43 26 mig
365 957 109 21 vördsamt
488 955 87 23 förorda
590 958 32 19 att
638 955 26 22 de
679 956 149 28 inbjudningar
842 957 158 27 Ridderskapet

183 987 41 22 och
245 985 68 23 Adeln
327 985 43 22 fätt
384 984 46 23 frän
444 985 85 22 Preste-
546 985 40 22 och
600 985 187 27 Borgareständen
804 987 114 26 emottaga,
934 987 67 21 mätte

182 1015 23 22 af
218 1015 87 22 ständet
320 1017 88 24 antagas
424 1014 48 21 med
487 1013 111 22 uttalande
614 1014 68 21 tillika
697 1013 23 22 af
734 1015 40 21 den
790 1015 82 21 önskan
888 1016 33 20 att
932 1015 22 21 ät
964 1015 36 22 be-

183 1044 66 22 slutet
270 1043 59 22 helst
350 1043 68 22 mätte
440 1042 66 28 gifvas
530 1043 41 21 den
585 1042 116 28 affattning,
715 1043 37 27 jag
766 1049 30 16 nu
810 1043 47 22 haft
872 1045 51 20 äran
938 1043 63 22 fram-

182 1073 66 27 hälla;
271 1073 40 21 och
325 1072 62 22 torde
402 1071 34 23 väl
451 1072 8 21 i
474 1071 106 22 anseende
596 1071 33 22 till
645 1072 40 21 den
700 1072 60 27 längt
775 1071 142 23 framskridna
931 1073 69 21 landt-

183 1101 113 28 dagstiden
318 1101 73 21 svaret
412 1101 53 21 böra
487 1106 77 22 genom
586 1100 126 28 deputation
735 1099 101 29 delgifvas
859 1101 85 23 Preste-
961 1102 38 22 och

182 1130 193 28 Borgareständen.

250 1159 56 22 Herr
321 1165 41 15 von
377 1158 123 22 Alfthan:
533 1158 40 22 Om
585 1158 37 28 jag
638 1158 66 22 ocksä
718 1158 36 22 vill
769 1158 106 28 medgifva
890 1160 33 20 att
931 1159 40 21 den
982 1159 23 22 af

182 1188 51 22 herr
246 1187 107 23 Mechelin
368 1186 120 28 föreslagna
502 1186 166 28 formuleringen
683 1190 23 18 är
721 1188 67 26 nägot
803 1188 103 26 tydligare
922 1190 27 19 än
961 1188 41 22 den

183 1217 23 22 af
225 1216 213 27 Jernvägsutskottet
460 1216 130 27 begagnade,
614 1216 25 21 sä
659 1218 23 19 är
698 1216 41 21 den
754 1216 6 21 i
776 1216 74 22 stället
864 1217 38 22 bra
917 1217 85 27 mycket

183 1246 80 26 längre,
284 1245 40 22 och
337 1246 38 26 jag
389 1245 42 21 kan
446 1245 47 21 icke
508 1244 33 22 för
556 1245 42 21 min
614 1244 35 22 del
663 1244 46 22 inse
723 1244 99 22 hvarföre
837 1245 48 23 icke
902 1252 26 15 en
943 1246 57 26 hvar,

183 1274 150 27 förnuftigtvis,
356 1273 69 22 skulle
447 1273 55 21 ifrän
523 1273 40 22 sid.
580 1275 11 19 5
616 1273 22 22 af
658 1273 224 27 Jernvägsutskottets
898 1280 104 16 samman-

182 1302 201 27 jemkningsförslag
397 1302 54 21 fatta
467 1302 42 26 det,
526 1308 47 15 som
588 1302 90 21 derifrän
688 1302 155 26 otvifvelaktigt
850 1302 92 28 framgår
950 1304 52 20 eller

184 1332 33 20 att
238 1330 32 22 för
285 1330 121 27 byggandet
422 1329 22 21 af
454 1329 166 27 jernvägslinien
636 1330 366 22 Tammerfors
789 1325 12 36 —
813 1330 189 22 Etseri—Nikolai-

185 1359 49 21 stad
255 1358 39 26 fär,
317 1358 68 22 under
406 1360 108 19 närmaste
537 1358 161 27 femärsperiod,
716 1359 286 22 kommunikationsfondens

184 1387 114 28 tillgängar
320 1386 109 22 användas
448 1386 8 22 i
472 1386 40 22 den
528 1385 48 23 män
592 1386 26 22 de
634 1386 79 29 inflyta,
729 1387 55 22 dock
799 1386 47 23 icke
862 1387 84 23 utöfver
962 1388 40 22 den

184 1416 121 28 föreslagna
327 1422 97 16 summan
446 1417 127 26 20,750,000
595 1416 66 22 mark.
691 1416 99 22 Härifrän
806 1416 93 28 framgär
914 1417 88 23 alldeles

184 1446 84 28 tydligt,
292 1446 33 21 att
347 1445 37 23 det
402 1445 48 22 icke
464 1446 29 26 pä
507 1445 67 27 nägot
589 1447 45 20 sätt
648 1445 54 22 varit
716 1445 62 28 fräga
793 1452 34 16 om
842 1448 32 20 att
890 1446 113 28 disponera

185 1481 59 16 mera
260 1476 25 20 än
302 1480 46 16 som
363 1474 84 27 influtit,
464 1474 70 22 såsom
549 1474 50 22 herr
614 1474 105 23 Mechelin
735 1475 66 22 också
816 1477 73 21 ansett
898 1478 32 20 att
940 1476 62 22 Jern-

184 1504 172 28 vägsutskottets
372 1504 85 26 mening
471 1503 71 23 mäste
556 1503 64 23 hafva
634 1504 62 27 varit,
712 1510 48 16 men
772 1505 38 27 jag
821 1512 62 15 anser
893 1506 37 22 det
938 1506 65 22 ocksä

186 1533 88 22 alldeles
297 1533 77 27 tydligt
388 1532 81 27 framgå
484 1540 26 14 ur
525 1532 155 28 ordalydelsen.
710 1534 115 27 Uttrycket
840 1534 52 26 åter,
910 1536 46 25 ,att
972 1535 30 21 till

187 1562 59 23 detta
268 1562 74 23 arbete
364 1561 48 23 icke
434 1561 32 23 fär
489 1562 107 23 användas
616 1562 84 22 utöfver
716 1562 41 22 den
771 1562 121 28 föreslagna
907 1569 96 18 summan
