1061 1792
213 142 53 19 1716
509 144 38 17 Den
563 142 11 19 9
590 144 82 18 Januari.

250 205 98 22 Friherre
363 205 102 27 Wrede,
481 206 93 26 August:
604 206 42 27 Jag
658 206 36 22 vill
708 206 57 22 blott
774 205 57 22 fästa
838 205 162 28 uppmärksam-
1015 204 3 28 |

183 234 65 22 heten
271 234 73 21 dervid
367 235 33 20 att
413 236 26 19 21
456 234 29 26 är,
503 234 70 22 såsom
588 234 40 22 här
643 234 51 27 står,
711 234 70 22 skulle
795 234 7 21 i
816 235 73 27 hvarje
905 234 36 22 fall
956 235 44 21 mä-
1015 239 2 14 !

183 264 34 20 sta
240 262 77 22 ändras
339 262 33 21 till
392 264 26 20 18
434 263 7 20 i
457 263 93 27 enlighet
564 263 50 21 med
629 264 169 26 Ridderskapets
814 264 40 20 och
869 264 78 21 Adelns
963 264 35 21 be-

183 292 44 21 slut
241 292 35 21 vid
291 290 11 29 $
319 293 11 20 7
346 291 7 22 i
367 290 68 23 första
449 290 244 29 författningsförslaget.

251 321 97 21 Friherre
363 326 41 16 von
418 321 79 26 Born,
514 321 30 21 V.:
560 321 41 27 Jag
608 321 40 21 har
655 321 43 22 icke
708 317 106 35 förbisett,
824 323 30 19 att
865 321 65 22 första
939 321 61 22 delen
1016 338 1 5 |

183 349 23 22 af
227 349 125 27 paragrafen
368 349 66 27 gäller
449 349 73 28 hvarje
537 350 57 27 slags
609 350 188 27 proselytmakeri;
813 356 47 15 men
876 351 37 20 det
927 356 74 21 prose-

185 378 118 28 lytmakeri,
321 384 45 15 som
382 378 117 22 behandlas
514 379 7 20 i
536 385 75 16 senare
627 379 62 22 delen
703 378 21 22 af
739 378 132 28 paragrafen,
887 378 113 22 bestraffas
1016 400 1 4 '

184 407 77 22 endast
282 407 7 21 i
311 406 37 22 fall
366 407 37 22 det
418 409 25 20 är
457 407 80 22 riktadt
552 410 53 19 emot
620 408 41 21 den
676 407 245 28 evangelisk-lutherska
935 408 66 26 läran,

184 436 47 21 icke
247 442 34 15 om
297 436 36 21 det
348 436 63 27 utgär
426 437 51 26 frän
488 437 41 21 den
538 437 246 26 evangelisk-lutherska
792 437 71 21 lärans
872 437 128 21 bekännare.
1016 448 1 13 |

184 465 43 21 Det
249 467 24 19 är
295 464 71 22 derför
378 465 37 26 jag
430 471 68 21 anser,
515 467 32 20 att
562 466 158 27 Ridderskapet
736 466 40 21 och
791 465 68 22 Adeln
874 466 66 21 borde
955 465 46 22 vid-

183 494 58 21 hälla
257 493 38 22 sitt
309 493 57 22 förut
381 493 82 22 fattade
478 494 77 22 beslut.
1015 503 2 2 i

252 522 56 21 Herr
329 522 140 21 Mechelin:
499 523 41 26 Jag
558 524 36 20 vet
607 523 47 21 icke
670 523 98 21 hvarföre
783 523 89 22 friherre
887 529 41 16 von
943 523 58 21 Born
1015 525 3 24 :

184 551 36 22 vill
235 551 90 21 hänföra
341 551 59 21 detta
416 551 77 22 endast
508 552 32 21 till
556 551 245 28 evangelisk-lutherska
816 551 66 22 läran.
898 552 43 21 Det
948 552 53 21 hän-

184 580 32 21 för
239 580 32 27 sig
293 579 32 22 till
347 579 42 22 alla
411 580 82 21 kristna
515 581 86 27 kyrkor;
624 581 26 20 de
673 583 36 18 äro
725 581 7 20 i
748 581 60 21 detta
822 581 123 21 hänseende
960 581 40 20 lik-

185 609 84 22 ställda.

252 637 56 22 Herr
320 637 184 28 Montgomery:
535 638 45 21 Här
592 637 46 22 står
653 638 3 21 i
672 638 329 27 sammanjemkningsförslaget:
1015 655 2 5 |

187 666 64 27 »hvar
266 672 47 15 som
328 665 84 28 förledt,
428 666 99 27 bedragit
542 667 51 22 eller
608 667 84 26 tvungit
706 667 71 26 någon
793 667 32 21 till
833 666 116 27 öfvergäng
956 667 47 21 från
1016 666 1 5 :

185 701 26 16 en
227 695 92 21 troslära
334 695 32 20 till
381 701 76 20 annan,
474 695 51 22 eller
540 701 75 21 genom
632 695 41 27 dop
690 695 51 22 eller
756 702 68 15 annan
841 695 76 28 ätgärd
932 695 70 22 befor-

187 724 48 21 drat
249 724 59 26 barn,
325 729 45 16 som
386 723 32 22 till
433 724 81 21 kristen
529 724 47 21 lära
590 723 122 28 uppfostras
729 725 45 26 bör,
791 724 51 21 eller
857 725 82 21 kristen
954 731 48 20 per-

185 759 46 19 son,
247 759 46 14 som
309 752 18 27 ej
343 751 47 28 fyllt
404 753 94 26 tjuguett
515 753 29 26 är,
559 753 32 21 till
606 753 139 27 upptagande
760 753 7 21 i
782 759 69 15 annan
866 753 65 22 lära".
962 753 55 23 Vill:

185 787 49 15 man
249 781 69 21 införa
332 781 166 26 religionsfrihet
513 781 32 22 för
559 781 143 22 icke-kristna
716 782 176 26 trosbekännare,
909 782 24 21 sä
949 782 53 21 skall

185 810 36 21 väl
244 809 67 22 också
332 809 142 27 likställighet
495 810 86 26 införas,
598 811 25 20 sä
638 812 32 19 att
686 817 32 14 om
735 811 37 20 det
786 811 41 20 blir
841 811 36 26 lag
893 811 125 26 angående
1004 805 17 36 :

185 837 142 22 icke-kristen
343 838 175 27 trosbekännare,
538 839 71 21 såsom
624 838 159 28 Ridderskapet
798 839 40 22 och
853 839 68 22 Adeln
936 839 67 22 förut-
1015 843 2 22 :

187 868 75 25 sätter,
285 866 43 21 kan
347 867 38 26 jag
406 867 48 21 icke
476 866 56 22 finna
546 866 98 23 hvarföre
660 867 69 22 denna
744 867 205 28 principförändring
964 868 40 21 bör

186 902 40 20 ega
240 902 53 14 rum.
1016 900 1 6 |

254 924 98 21 Friherre
367 930 40 16 von
423 924 80 27 Born,
514 924 31 22 V.:
560 924 42 28 Jag
609 925 36 21 vill
653 925 48 21 med
709 925 114 27 anledning
831 925 23 22 af
861 925 50 22 herr
917 925 86 22 Meche-

186 953 41 21 lins
242 953 99 27 yttrande
356 952 113 28 medgifva,
486 955 32 20 att
531 954 56 22 hvad
600 954 38 27 jag
652 954 98 21 anmärkt
766 954 71 22 såsom
853 955 150 27 ettgynnande
1015 968 2 3 :

188 982 22 22 af
231 982 40 21 den
294 981 244 28 evangelisk-lutherska
560 982 81 28 kyrkan
661 983 79 27 jemväl
760 983 67 27 gäller
842 983 67 21 andra
922 984 95 21 kristna
1010 977 10 37 |

185 1011 91 27 kyrkor;
299 1017 49 15 men
370 1011 60 21 detta
455 1013 23 19 är
500 1012 6 20 i
528 1012 41 21 alla
590 1011 37 22 fall
643 1018 27 16 en
685 1012 103 22 orättvisa
802 1012 8 21 i
824 1012 132 22 förhällande
971 1012 32 22 till

186 1040 67 21 andra
267 1039 109 21 trosläror.

254 1068 48 21 Den
320 1068 48 21 med
384 1068 115 27 anledning
514 1068 22 22 af
550 1069 69 21 denna
635 1068 122 22 diskussion
772 1070 124 26 uppställda
911 1071 91 20 omröst-

186 1096 223 28 ningspropositionen
425 1096 55 22 hade
496 1097 92 27 följande
602 1097 92 28 lydelse:
1016 1121 2 2 |

257 1125 141 26 »Godkänner
420 1126 159 27 Ridderskapet
600 1126 40 21 och
662 1126 69 22 Adeln
753 1127 41 21 den
816 1126 23 22 af
851 1126 167 28 Lagutskottet
1009 1121 12 37 :

187 1154 121 27 föreslagna
330 1160 41 21 nya
392 1154 96 27 lydelsen
503 1154 31 22 till
550 1154 11 28 8
578 1156 9 20 1
605 1154 23 22 af
640 1154 138 28 lagförslaget
792 1156 41 21 N:o
848 1158 14 19 4
876 1155 127 23 oförändrad

188 1183 53 21 eller
255 1182 49 22 med
320 1182 89 27 ändring
424 1183 23 21 af
461 1184 36 20 det
513 1183 44 22 deri
572 1185 83 19 utsatta
670 1184 129 26 åldersåret;
1016 1183 1 10 ;

256 1211 74 22 vinner
345 1211 41 27 nej,
401 1211 107 22 förkastas
524 1212 118 21 utskottets
658 1212 138 28 formulering
809 1212 32 22 till
857 1213 69 21 denna
940 1219 62 21 para-

188 1235 49 58 graf
258 1240 40 21 och
321 1239 86 22 ståndet
428 1240 105 22 vidhåller
550 1240 38 22 sitt
602 1240 58 22 förut
675 1241 91 22 rörande
781 1241 125 27 paragrafen
921 1241 82 23 fattade
1016 1242 2 2 '

185 1269 93 21 beslut".

255 1297 95 21 Emedan
366 1297 69 21 denna
449 1297 133 27 proposition
597 1298 129 22 besvarades
741 1299 49 21 med
806 1298 154 28 öfvervägande
973 1300 29 26 ja,

187 1325 47 26 gafs
251 1326 23 20 åt
289 1326 42 20 den
347 1325 108 21 definitiva
469 1326 160 26 propositionen
644 1327 66 20 sådan
727 1328 155 26 uppställning:

257 1354 66 26 »Den,
339 1360 46 15 som
401 1353 128 22 oförändrad
548 1354 124 26 godkänner
687 1355 42 21 den
744 1355 23 21 af
779 1355 154 27 Lagutskottet
948 1356 55 22 före-
1016 1355 1 3 :

187 1382 76 32 slagna
283 1388 42 21 nya
347 1382 96 27 lydelsen
465 1382 33 21 till
520 1382 11 27 $
548 1384 8 19 1
575 1382 23 21 af
610 1382 239 29 författningsförslaget
864 1384 39 21 N:o
920 1386 19 25 4,
955 1382 63 24 sva-
1010 1378 11 40 '

187 1417 34 15 rar
234 1417 33 21 ja;

255 1439 73 22 vinner
343 1439 41 27 nej,
400 1440 78 21 ändras
494 1441 25 20 21
536 1440 32 21 till
585 1442 26 19 18
626 1440 44 22 år”.

255 1468 163 28 Propositionen
440 1468 46 22 blef
506 1469 48 21 med
569 1468 154 29 öfvervägande
739 1470 33 28 nej
789 1470 104 22 besvarad
910 1471 40 22 och
966 1478 52 21 var
1006 1464 16 39 :

187 1497 90 23 sålunda
299 1497 317 28 sammanjemkningsförslaget
631 1499 7 20 i
654 1498 100 23 afseende
770 1501 13 20 å
798 1499 10 28 $
825 1502 10 19 1
852 1500 98 28 föröfrigt
965 1508 52 14 an-

187 1528 60 26 taget
261 1528 59 20 utom
336 1528 32 20 att
384 1527 231 28 äldersbestämningen
632 1529 23 20 21
674 1529 24 21 år
713 1528 69 23 blifvit
797 1529 79 22 ändrad
893 1530 31 21 till
940 1532 24 20 18
973 1531 29 21 år.
1015 1527 2 27 :
