1061 1803
237 143 54 20 1544
529 143 39 17 Den
587 140 23 20 19
626 143 105 17 December.

205 206 58 22 reslå
289 207 33 20 att
346 204 322 28 sammanjemkningsförslaget,
694 204 71 22 såsom
791 203 231 22 öfverensstämmande

205 235 50 22 med
269 236 78 20 tvenne
362 234 75 22 stånds
452 234 78 27 beslut,
545 233 66 22 också
625 233 67 22 måtte
708 228 25 37 af
737 233 158 27 Ridderskapet
905 232 40 22 och
954 232 68 22 Adeln

206 263 131 28 godkännas.

273 291 55 23 Herr
343 291 133 22 Mechelin:
507 291 73 22 Ehuru
593 291 37 27 jag
645 291 36 21 vid
695 290 85 28 frågans
795 290 129 27 behandling
939 290 7 21 i
961 290 61 22 detta

205 320 64 23 stånd
283 320 93 28 föreslog
392 322 31 20 ett
437 320 72 23 beslut
524 319 88 28 ungefär
632 320 76 21 sådant
729 326 46 15 som
797 319 224 27 Jernvägsutskottets

203 349 139 22 betänkande
355 349 123 27 innehåller,
495 349 25 21 så
538 349 63 21 utber
621 349 37 27 jag
680 349 42 27 mig
745 348 55 22 dock
822 347 22 22 få
865 348 85 21 biträda
972 347 50 22 herr

205 378 118 22 Snellmans
339 384 29 16 nu
382 377 135 23 framställda
537 377 100 27 yrkande.
668 376 39 22 Om
721 377 48 22 icke
791 376 67 28 något
880 376 64 22 stånd
966 376 55 22 hade

203 406 66 23 fattat
283 408 72 21 beslut
370 408 32 20 att
417 414 26 15 en
457 406 195 27 maximihastighet
674 406 67 22 borde
762 405 47 22 från
832 406 126 21 ständernas
974 406 47 21 sida

203 436 116 28 pointeras,
343 436 27 21 då
392 436 69 22 skulle
484 435 107 22 sannolikt
605 435 79 27 följden
705 434 23 22 af
742 436 31 20 ett
789 434 77 22 sådant
880 434 78 27 beslut,
974 440 47 16 som

205 465 37 22 det
263 466 109 21 utskottet
393 471 29 15 nu
436 465 8 21 i
459 465 38 22 sitt
520 463 295 29 sammanjemkningsförslag
836 463 121 27 framställt,
973 463 48 22 icke

202 494 72 22 kunna
290 494 62 22 blifva
368 500 69 16 annan
454 496 27 19 än
497 494 47 27 den,
561 495 32 20 att
608 494 42 21 den
670 493 22 21 af
710 492 166 22 kommissionen
898 492 123 22 beräknade

202 522 221 28 maximihastigheten
438 523 40 21 bör
491 522 115 28 iakttagas.
636 522 50 22 Men
701 524 38 20 när
753 528 50 15 man
818 522 39 21 har
879 523 32 20 att
931 521 90 28 jemföra

203 552 60 22 detta
277 553 94 20 moment
385 552 50 21 med
450 552 168 27 Ridderskapets
635 551 40 21 och
696 551 80 22 Adelns
798 550 72 23 beslut
885 551 7 21 i
905 550 73 27 saken,
995 550 24 22 så

201 581 68 27 ligger
284 581 37 22 det
335 583 52 20 nära
402 581 32 21 till
450 581 68 21 hands
533 582 38 25 att,
590 580 3 21 i
608 580 104 21 händelse
727 579 132 28 landtdagen
881 581 88 20 stannar
983 579 35 22 vid

202 609 61 22 detta
278 609 129 22 allmännare
422 609 148 28 uttryckssätt,
587 609 40 21 och
638 609 46 22 icke
700 609 34 21 vid
750 609 40 21 den
806 611 98 19 närmare
919 608 100 22 formule-

200 638 47 28 ring
263 644 47 16 som
324 638 159 27 Ridderskapet
498 638 39 22 och
553 638 69 21 Adeln
637 637 66 28 gifvit,
719 639 79 26 antaga
813 639 33 20 att
863 637 91 28 afsigten
971 637 48 22 icke

201 668 56 21 varit
271 669 33 20 att
319 673 48 16 man
382 667 34 22 må
431 667 57 21 finna
503 667 33 27 sig
551 668 120 25 noggrannt
684 666 87 22 bunden
788 666 36 22 vid
841 666 178 21 kommissionens

201 695 86 28 förslag.
317 696 43 21 Det
374 696 42 21 kan
431 695 107 22 måhända
552 695 114 22 framdeles
682 696 105 26 åberopas
803 697 32 20 att
846 695 116 22 ständerna
971 695 48 21 icke

200 725 63 21 torde
277 724 64 22 hafva
355 726 72 20 menat
442 726 32 20 att
490 724 37 22 det
542 724 54 22 skall
611 724 67 22 hållas
696 730 25 15 en
735 723 195 27 maximihastighet
947 723 23 21 af
983 723 36 22 två

201 754 40 21 och
256 760 26 15 en
298 752 46 23 half
357 754 37 21 mil
408 754 28 26 på
450 753 97 27 timmen;
563 759 48 15 man
626 753 42 21 kan
681 752 25 28 ju
720 752 69 22 införa
804 759 26 15 en
837 752 66 28 något
910 752 109 27 hastigare

199 782 49 27 fart,
270 782 27 21 då
320 782 127 22 ständernas
470 782 72 22 beslut
564 781 69 22 blifvit
654 782 56 21 blott
727 781 134 28 ungefärligt,
878 781 89 22 oaktadt
982 782 37 20 det

199 811 56 21 varit
269 811 112 27 ifrågasatt
396 812 32 20 att
443 812 104 26 systemet
562 810 89 22 alldeles
666 812 105 25 noggrant
787 810 69 22 skulle
865 810 100 27 angifvas.
991 809 29 22 Af

199 840 68 21 sådan
282 840 119 26 anledning,
417 840 106 26 nemligen
538 839 32 21 till
585 838 157 28 förebyggande
753 839 23 21 af
783 838 234 23 missförstånd
937 834 10 37 i
958 838 59 23 fram-

199 868 65 27 tiden,
280 868 126 22 hemställer
420 868 37 27 jag
471 868 105 21 huruvida
590 868 48 22 icke
652 868 49 21 herr
716 867 118 23 Snellmans
850 874 30 15 nu
891 868 75 27 gjorda
983 874 35 20 yr-

197 897 70 21 kande
282 897 72 21 kunde
370 896 124 28 godkännas
510 896 22 22 af
546 896 92 27 ståndet,
658 896 39 22 och
720 903 77 21 genom
819 896 198 27 protokollsutdrag

197 925 110 22 meddelas
329 926 27 21 de
379 925 67 27 öfriga
468 925 98 26 stånden,
590 926 40 21 och
652 925 76 21 tänker
748 926 37 26 jag
801 927 32 19 att
851 924 165 28 formuleringen

197 953 147 29 ungefärligen
358 954 43 21 kan
415 954 65 22 blifva
495 954 69 21 denna
579 956 33 19 att
626 954 37 21 det
683 953 23 21 af
725 953 131 23 förbemälda
878 954 138 21 kommission

197 982 121 28 föreslagna
339 984 103 26 systemet
457 983 48 21 med
520 982 121 28 möjligaste
657 983 149 27 noggrannhet
820 983 68 21 måtte
903 982 61 28 följas
980 982 36 22 vid

197 1012 122 27 byggandet
334 1011 23 22 af
371 1011 26 22 de
412 1012 73 26 banor,
501 1011 32 21 till
548 1011 82 22 hvilkas
646 1011 132 27 anläggande
787 1012 117 21 ständerna
914 1011 100 27 beslutat,

197 1042 57 20 samt
268 1040 96 22 rörelsen
380 1040 12 22 å
408 1040 109 22 desamma
529 1040 79 27 jemväl
622 1040 8 21 i
646 1040 94 28 enlighet
754 1040 50 22 med
825 1040 104 27 förslaget
944 1040 24 21 så
983 1040 31 22 in-

196 1070 75 25 rättas,
289 1071 33 20 att
335 1069 47 22 icke
398 1070 69 21 större
483 1069 141 27 farhastighet
640 1071 27 18 än
681 1070 36 20 två
733 1069 40 21 och
789 1075 26 15 en
829 1068 46 22 half
892 1069 37 21 mil
943 1068 8 21 i
966 1069 48 21 tim-

195 1104 49 15 men
259 1097 56 28 finge
329 1097 158 28 ifrågakomma.
504 1109 27 3 —
546 1098 42 26 Jag
601 1098 39 21 ber
654 1097 101 27 slutligen
769 1097 22 22 få
806 1097 111 22 framhålla
932 1098 37 26 att,
987 1097 28 22 då

192 1127 39 26 jag
245 1127 87 21 stannat
347 1126 35 22 vid
398 1126 40 22 den
454 1127 83 26 åsigten
552 1128 32 20 att
598 1125 58 22 finna
671 1132 25 16 en
712 1127 67 21 sådan
802 1125 123 28 förändring
947 1126 66 27 lämp-

194 1155 36 27 lig,
247 1155 25 22 så
287 1158 24 19 är
326 1155 37 22 det
378 1155 71 22 derför
462 1157 32 19 att
509 1155 37 22 det
560 1155 48 22 icke
623 1155 79 21 strider
717 1157 57 20 emot
789 1155 27 22 de
832 1155 65 21 andra
908 1155 103 22 ståndens

195 1184 62 27 åsigt,
273 1185 23 26 ty
311 1184 27 21 de
352 1183 63 22 hafva
430 1185 72 20 menat
518 1183 123 23 detsamma.
672 1184 42 21 Det
732 1184 70 21 skulle
824 1184 57 27 gälla
903 1183 56 22 blott
981 1185 32 20 att

194 1212 33 21 till
249 1212 135 22 undvikande
406 1212 22 22 af
448 1212 150 23 missförstånd
612 1213 8 20 i
634 1212 114 22 framtiden
769 1212 22 21 få
807 1213 69 22 denna
890 1213 85 27 mening
991 1212 23 22 af

195 1241 41 21 alla
251 1241 64 22 stånd
328 1241 80 27 precist
423 1241 104 28 uttryckt.

261 1270 56 22 Herr
330 1270 191 27 Björkenheim,
532 1270 90 22 Robert:
654 1270 71 22 Också
737 1270 38 27 jag
789 1271 39 21 ber
842 1270 22 22 få
879 1270 7 22 i
901 1270 70 22 denna
986 1270 25 22 så

193 1300 78 26 ytterst
293 1299 79 27 vigtiga
394 1299 60 27 fråga
475 1299 58 21 hålla
555 1299 43 27 mig
619 1298 33 22 till
668 1300 26 20 de
709 1300 114 26 yttranden
838 1305 47 15 som
901 1299 23 21 af
937 1300 74 21 herrar

193 1327 108 23 Snellman
323 1328 40 21 och
384 1328 106 22 Mechelin
513 1327 91 28 afgifvits
628 1328 40 22 och
690 1334 63 15 anser
768 1330 33 20 att
815 1329 15 20 t.
847 1334 19 16 o.
881 1334 27 15 m.
923 1328 86 27 frågans

193 1355 45 27 vigt
251 1356 84 21 fordrar
356 1356 46 21 icke
424 1356 56 21 blott
502 1358 32 19 ett
556 1356 140 21 meddelande
719 1356 47 20 från
784 1356 169 27 Ridderskapets
969 1356 41 22 och

192 1384 79 22 Adelns
295 1384 53 26 sida,
370 1386 52 20 utan
444 1384 68 21 tillika
535 1390 26 16 en
583 1384 125 27 inbjudning
729 1384 47 21 från
797 1384 158 28 Ridderskapet
969 1384 41 22 och

193 1412 68 23 Adeln
276 1412 33 22 till
324 1412 98 28 samtliga
436 1412 114 22 medstånd
565 1413 32 21 att
612 1413 33 27 sig
660 1418 34 16 om
709 1412 80 22 Adelns
805 1412 72 22 beslut
890 1412 80 23 förena.

259 1442 98 21 Friherre
372 1442 82 27 Boije:
485 1442 34 21 Då
532 1442 213 27 Jernvägsutskottet
759 1442 7 21 i
785 1442 38 21 sitt
846 1442 162 27 sammanjemk-

191 1470 143 28 ningsförslag
347 1470 89 23 föreslår
450 1477 27 15 en
493 1471 67 21 sådan
574 1470 143 28 formulering,
734 1473 33 19 att
782 1471 36 22 det
833 1470 23 22 af
872 1471 135 22 kommissio-

191 1505 43 17 nen
248 1499 120 28 föreslagna
383 1501 78 26 system
476 1500 67 21 måtte
558 1499 108 28 tillämpas
680 1500 35 22 vid
735 1500 126 28 byggnaden
876 1500 23 22 af
920 1500 39 22 och
974 1501 33 21 rö-

192 1529 70 22 relsen
277 1529 14 21 å
305 1529 26 21 de
346 1529 73 26 banor,
434 1529 33 21 till
482 1529 82 22 hvilkas
583 1529 131 27 anläggande
737 1529 117 22 ständerna
867 1535 28 16 nu
911 1529 94 27 beslutit,

192 1559 25 20 så
231 1558 43 21 kan
286 1558 38 27 jag
340 1557 111 28 omöjligen
466 1557 55 22 fatta
536 1559 32 20 att
584 1558 122 27 derigenom
726 1559 70 26 någon
819 1559 132 27 tvetydighet
965 1559 42 21 kan
