1064 1775
196 115 54 21 1678
525 116 40 18 Den
580 113 11 19 7
608 114 81 19 Januari.

234 179 41 22 N:o
299 181 27 19 24
349 178 111 27 angående
483 178 45 22 dels
552 184 26 16 en
593 177 92 22 revision
700 176 24 22 af
738 177 54 21 1772
809 176 34 22 års
859 176 128 28 Regerings-

166 208 54 23 form
236 208 55 21 samt
308 208 53 21 1789
378 207 34 22 års
428 207 126 27 Förenings-
570 206 41 22 och
627 205 157 22 Säkerhetsakt
799 204 51 22 eller
858 205 130 21 åtminstone

169 243 26 17 en
216 236 141 22 kodifikation
380 235 22 22 af
420 242 28 15 nu
464 235 98 27 gällande
578 234 32 22 till
626 234 60 22 detta
701 233 176 29 grundlagsgebit
892 233 95 22 hörande

168 266 135 27 stadganden
326 264 40 22 och
386 264 45 22 dels
447 271 27 15 en
489 263 173 28 grundlagsenlig
675 262 136 28 bestämning
826 268 34 16 om
875 264 45 20 rätt
934 262 33 22 för
981 262 8 21 i

168 294 90 22 Finland
280 294 87 21 bosatte
390 293 40 22 och
452 292 170 22 naturaliserade
642 291 162 28 grekisk-ryska
818 290 171 23 trosförvandter

168 324 33 21 att
215 323 64 22 vinna
293 321 116 23 befordran
423 321 33 22 till
471 321 90 28 tjenster
576 321 7 22 i
598 321 79 26 landet,

238 351 90 22 emedan
342 351 86 22 Preste-
444 351 40 21 och
499 349 167 23 Bondeständen
681 348 69 28 afböjt
764 349 102 27 petitions
883 347 106 23 aflätande

169 381 7 22 i
191 379 148 23 förstnämnda
362 379 34 22 del
411 381 55 20 samt
481 381 33 20 tre
529 379 64 22 ständ
608 378 96 28 godkänt
718 377 119 22 utskottets
854 377 137 28 afstyrkande

170 409 111 23 utlätande
296 409 8 21 i
318 408 160 23 betänkandets
494 414 76 16 senare
586 407 40 28 del,
643 407 107 22 äfvensom

238 438 41 22 N:o
295 439 26 20 25
338 438 109 27 angäende
463 444 25 15 en
504 437 90 22 revision
610 436 23 22 af
646 437 26 21 de
688 436 62 21 civila
764 435 182 28 sabbatslagarna,

242 467 90 22 emedan
354 466 159 28 Ridderskapet
532 466 39 22 och
586 466 70 21 Adeln
670 467 56 20 samt
740 465 184 27 Borgareständet
938 465 52 27 god-

172 496 54 23 känt
240 496 119 21 utskottets
375 495 138 28 afstyrkande
528 494 100 29 yttrande
643 494 7 21 i
665 494 133 23 sistnämnda
814 494 84 22 ärende.

240 524 134 28 Helsingfors
391 524 41 23 den
448 526 12 19 4
475 524 89 22 Januari
581 525 61 20 1878.

387 571 34 21 På
440 570 206 28 Lagutskottets
665 571 107 26 vägnar:

461 611 79 23 Robert
553 610 151 28 Montgomery.

242 670 75 22 Denna
333 668 111 24 skrifvelse
459 668 115 24 bordlades
590 668 31 22 till
636 670 64 20 nästa
714 669 92 27 plenum.

243 727 120 27 Föredrogs
380 727 40 22 och
436 726 114 23 bordlades
566 726 69 22 likaså
650 726 32 22 till
697 726 172 28 morgondagens
884 726 97 28 plenum:

243 756 165 28 Lagutskottets
431 756 53 28 ånyo
507 756 57 27 gifna
578 755 138 22 betänkande
730 756 7 20 i
753 755 114 27 anledning
881 756 23 22 af
917 756 79 26 nådiga

175 785 162 29 propositionen
357 785 111 27 angående
490 784 123 28 inteckning
636 784 7 22 i
659 784 97 22 enskilda
769 784 227 28 jernvägsanläggnin-

177 820 37 22 gar,
237 815 40 21 och

215 832 6 10 ;
244 842 164 28 Lagutskottets
425 841 299 29 sammanjemkningsförslag
738 842 7 21 i
760 842 113 28 anledning
888 842 23 22 af
919 842 79 28 nädiga

177 872 161 27 propositionen
354 877 34 16 om
403 871 164 22 häradsnämnd.

245 957 121 28 Föredrogs
382 957 40 22 och
436 957 116 23 bordlades
568 957 32 23 till
616 957 228 28 öfvermorgondagens
860 957 87 28 plenum

245 987 165 27 Lagutskottets
426 986 295 28 sammanjemkningsförslag
735 987 7 20 i
758 987 114 27 anledning
887 986 23 23 af
922 986 79 28 nädiga

178 1015 162 28 propositionen
355 1015 49 22 med
419 1015 81 28 förslag
515 1015 32 22 till
563 1015 260 28 dissenterförordningar.

249 1101 39 22 Till
310 1101 130 28 behandling
462 1101 110 28 föredrogs
593 1103 153 20 sammansatta
760 1102 55 27 Lag-
832 1102 38 21 och
886 1101 115 23 Ekonomi-

180 1131 119 22 utskottets
322 1130 118 27 bordlagda
462 1130 111 23 skrifvelse
595 1131 50 22 med
659 1130 81 28 förslag
756 1130 32 23 till
803 1130 81 29 lydelse
899 1130 33 23 för
948 1133 26 20 13
991 1130 10 28 $

180 1165 63 17 mom.
259 1161 12 20 5
286 1160 8 21 i
308 1159 152 28 förordningen
476 1166 33 15 om
524 1160 134 28 näringarne.

249 1188 56 22 Herr
319 1188 133 22 Mechelin
466 1189 68 21 utbad
548 1189 33 27 sig
595 1189 62 21 ordet
672 1189 7 21 i
694 1188 70 22 denna
778 1189 60 27 fräga
854 1188 40 22 och
905 1189 96 27 yttrade:

181 1217 48 22 Den
243 1224 30 14 nu
287 1217 121 27 föreslagna
422 1217 141 23 redaktionen
577 1216 23 24 af
614 1220 11 18 5
641 1224 62 15 mom.
721 1219 25 20 13
763 1217 11 28 $
789 1223 62 17 synes
866 1217 43 27 mig
924 1217 78 22 visser-

181 1246 56 28 ligen
251 1246 8 22 i
273 1246 87 22 formelt
375 1245 101 23 afseende
491 1246 48 22 icke
552 1246 49 22 fullt
616 1246 204 22 tillfredsställande.
836 1246 96 22 Sålunda
940 1246 63 22 hafva

182 1275 128 21 utelemnats
334 1274 65 22 orden
416 1276 21 25 ,i
451 1275 112 22 städernas
577 1276 89 21 hamnar
680 1275 35 22 vid
730 1277 84 20 masten
828 1274 107 28 försälja",
952 1276 51 21 oak-

182 1303 49 22 tadt
253 1303 38 22 det
311 1304 43 21 kan
369 1304 78 21 tänkas
464 1304 72 21 såsom
554 1310 26 15 en
595 1304 111 26 möjlighet
721 1305 32 20 att
768 1304 114 26 utländing
898 1304 49 21 med
961 1303 42 21 far-

182 1333 38 26 tyg
235 1333 88 20 stannar
342 1331 7 21 i
364 1331 137 27 landthamn;
516 1332 41 21 och
571 1332 113 27 meningen
700 1333 23 20 är
738 1333 33 20 att
785 1332 39 21 här
839 1332 57 21 blott
910 1332 44 21 tala
971 1338 33 15 om

182 1360 114 22 städernas
318 1360 95 21 hamnar.
444 1360 82 22 Sådant
548 1360 86 28 uttryck
649 1366 57 16 som:
724 1360 45 26 ,för
783 1360 117 22 utöfvande
916 1360 22 22 af
951 1360 53 22 hvil-

183 1388 42 22 ken
246 1388 94 22 rörelse"
357 1395 19 15 o.
392 1395 16 15 s.
424 1396 20 14 v.
461 1390 23 20 är
500 1389 65 21 också
579 1390 78 21 nästan
673 1388 71 23 alltför
758 1389 187 28 hvardagsmessig
961 1390 43 21 stil.

183 1418 50 22 Men
251 1418 7 21 i
273 1418 79 21 sakens
368 1418 123 22 nuvarande
506 1418 66 22 skede
588 1418 62 22 torde
665 1419 71 27 någon
750 1418 113 28 möjlighet
878 1420 32 21 att
925 1418 80 23 föreslå

183 1446 278 28 redaktionsförbättringar
482 1447 49 22 icke
552 1454 59 16 mera
632 1447 122 28 förefinnas,
778 1447 40 23 och
836 1448 40 22 ber
888 1448 38 28 jag
942 1448 63 22 alltså

184 1475 33 22 för
237 1476 42 21 min
302 1476 34 22 del
360 1478 32 20 att
413 1476 22 22 få
458 1476 107 29 tillstyrka
579 1476 58 23 bifall
653 1476 32 23 till
700 1478 118 21 utskottets
834 1483 28 16 nu
877 1476 128 28 föredragna

183 1504 88 29 förslag,
293 1505 29 28 på
345 1505 37 22 det
404 1505 54 22 intet
473 1505 75 22 hinder
562 1506 72 23 vidare
650 1506 35 22 må
699 1506 47 23 från
762 1506 127 23 ständernas
904 1506 47 23 sida
967 1505 38 23 fin-

184 1540 39 17 nas
238 1533 33 24 för
286 1535 32 22 ett
333 1534 115 28 afgörande
463 1535 78 22 beslut.
