1050 1773
374 124 39 17 Den
429 124 12 18 4
457 124 80 18 Jannari.
793 124 54 20 1663

60 184 69 22 skulle
143 184 22 22 fä
179 185 96 22 bedrifva
289 186 78 22 handel
382 187 48 21 med
445 188 60 21 viner
519 187 7 21 i
541 194 81 16 samma
636 188 57 22 lokal
703 188 49 22 med
760 188 41 22 den
810 188 67 27 öfriga

59 214 102 26 rörelsen,
185 214 24 22 sä
231 214 55 22 hade
306 216 60 21 detta
380 216 46 22 haft
440 216 67 27 nägot
521 216 47 22 skäl
582 216 33 22 för
630 216 37 28 sig,
683 223 50 15 men
747 217 72 21 säsom
833 216 44 22 för-

60 242 70 27 slaget
151 249 29 15 nu
203 245 23 19 är
247 243 130 27 redigeradt,
399 245 43 21 kan
462 245 37 27 jag
521 245 48 21 icke
591 247 65 19 annat
678 247 26 19 än
722 246 107 27 tillstyrka
845 247 32 20 att

59 271 158 27 Ridderskapet
233 272 40 22 och
288 272 68 22 Adeln
371 274 50 21 ville
435 273 93 22 vidhälla
543 274 38 21 sitt
596 273 56 22 förra
666 274 77 22 beslut.

126 300 56 22 Herr
203 300 164 28 Lagerborg,
386 302 91 22 Robert:
507 302 41 27 Jag
563 302 42 22 kan
620 302 67 22 heller
702 302 48 22 icke
763 302 64 27 finna,
844 304 33 20 att

59 328 118 22 utskottets
200 330 294 28 sammanjemkningsförslag
515 337 51 16 vore
582 330 23 23 af
618 331 40 21 den
673 331 154 27 beskaffenhet,
843 332 34 21 att

58 357 159 28 Ridderskapet
239 358 40 22 och
301 359 68 21 Adeln
389 360 54 22 hade
461 360 47 21 skäl
528 362 32 19 att
578 360 74 27 frängä
670 360 38 22 sitt
722 360 58 22 förut
794 360 81 22 fattade

58 386 78 27 beslut,
159 388 33 20 att
214 387 85 22 ansluta
321 388 33 26 sig
372 389 32 21 till
424 388 41 22 den
480 388 23 22 af
515 388 50 22 herr
579 388 90 28 Pipping
682 389 68 27 jemte
765 390 66 20 andra
845 388 30 22 af-

58 414 57 28 gifna
136 416 165 22 reservationen.
332 417 44 21 Det
396 418 82 26 tillägg,
501 423 46 16 som
569 418 106 21 utskottet
693 418 8 20 i
717 418 38 21 sitt
770 424 105 16 samman-

56 443 203 29 jemkningsförslag
276 444 121 28 framställt,
413 447 33 21 att
460 446 105 27 nemligen
580 452 108 21 personer,
705 452 46 15 som
767 445 66 23 drifva
849 452 26 16 en

57 473 84 26 handel,
164 473 48 22 icke
231 473 69 22 skulle
315 474 21 21 fä
352 474 78 23 handla
444 475 49 21 med
508 475 122 28 spritvaror,
647 475 84 22 säledes
746 475 48 22 icke
808 475 69 22 heller

58 502 48 21 med
121 502 114 22 utländska
250 503 87 27 sädana,
354 510 62 21 synes
431 510 52 15 vara
497 504 100 27 temligen
613 504 92 27 oskäligt
715 504 40 21 och
766 505 110 20 dessutom

58 531 87 21 alldeles
168 531 123 28 obehöfligt,
314 533 22 26 ty
359 533 27 20 dä
407 533 7 21 i
437 532 42 22 alla
496 533 37 21 fall
547 533 73 28 hvarje
635 539 84 21 person,
735 539 47 16 som
797 533 79 22 önskar

57 559 80 22 handla
151 560 48 22 med
215 561 122 27 spritvaror,
353 562 68 21 mäste
436 561 85 22 anhälla
536 568 33 15 om
585 562 95 21 tillständ
694 561 33 22 för
743 562 67 21 sädan
823 562 53 21 han-

58 589 35 21 del
112 589 7 20 i
133 589 74 26 minut,
224 589 24 22 sä
263 589 67 22 finnes
347 590 124 28 tillräckligt
484 591 109 21 korrektiv
608 591 133 21 härutinnan.
771 591 33 21 En
818 590 57 27 pröf-

57 618 107 27 ningsrätt
188 617 114 23 förefinnes
327 619 25 27 ju
373 619 94 27 således,
494 626 44 15 som
561 619 48 22 icke
631 621 39 25 gör
692 620 37 21 det
751 620 32 21 till
805 619 69 27 någon

56 646 48 22 fara
126 648 32 20 att
179 646 129 23 öfverlemna
325 648 132 27 rättigheten
475 649 32 20 att
525 649 78 21 handla
617 648 50 22 med
682 648 117 27 spritvaror
815 648 60 21 äfven

58 675 22 22 ät
96 675 53 27 dem,
167 682 46 15 som
228 675 79 23 handla
321 678 49 21 med
385 679 76 25 annat;
477 683 48 16 men
541 677 95 22 deremot
651 677 68 22 skulle
734 684 50 15 man
799 683 76 22 genom

58 706 32 20 att
105 706 79 26 antaga
199 705 320 28 sammanjemkningsförslaget
533 707 84 21 komma
633 707 32 20 att
679 707 69 20 mätta
763 708 32 20 ett
810 706 64 21 allde-

57 733 32 22 les
112 734 87 27 onödigt
221 733 102 29 dräpslag
343 736 58 21 emot
423 741 26 15 en
466 735 128 25 fullkomligt
608 734 58 27 loflig
681 735 85 26 handel,
783 741 46 16 som
843 734 33 22 för

57 763 132 21 närvarande
205 763 149 22 kombineradt
369 763 106 22 bedrifves
489 765 48 20 med
553 763 115 22 utländska
684 764 117 27 spritvaror
808 764 67 27 jemte

56 791 128 22 födoämnen
199 798 26 15 m.
241 798 35 21 m.,
293 792 39 22 och
347 793 72 21 såsom
434 793 67 21 kändt
515 793 67 21 finnes
597 793 8 20 i
621 793 69 21 denna
705 793 48 21 stad
769 793 40 21 och
823 792 52 22 flere

57 821 66 21 andra
145 821 74 21 städer
240 821 91 28 mängen
347 822 66 21 sädan
429 821 78 22 handel
523 821 115 22 etablerad.
668 821 41 27 Jag
724 821 32 22 fär
770 821 83 22 derföre
868 821 7 21 i

56 849 68 22 likhet
145 849 49 22 med
217 849 40 22 den
279 849 128 28 föregäende
431 851 64 21 ärade
510 851 82 21 talaren
608 850 112 27 tillstyrka,
737 851 33 20 att
784 849 91 22 Ridder-

56 878 77 28 skapet
148 878 41 22 och
203 877 69 23 Adeln
288 879 103 22 vidhäller
406 879 38 21 sitt
459 879 56 22 förra
530 879 72 22 beslut
616 879 7 21 i
638 879 81 27 frägan.

125 908 47 20 Den
187 907 54 21 härä
256 908 31 21 till
302 908 133 22 besvarande
449 908 98 22 lemnade
562 908 171 28 propositionen:

126 953 9 9 »
138 936 42 21 Vill
202 936 159 28 Ridderskapet
383 936 40 22 och
438 936 67 22 Adeln
521 938 49 20 med
584 936 130 27 frängäende
729 936 23 22 af
765 936 39 21 sitt
817 936 58 22 förut

55 965 8 21 i
81 966 71 20 ämnet
166 964 83 22 fattade
264 965 72 22 beslut
349 966 115 26 godkänna
479 966 41 21 den
535 965 23 22 af
570 965 213 22 Ekonomiutskottet
797 965 7 21 i
819 964 55 22 före-

56 993 93 22 varande
172 993 296 28 sammanjemkningsförslag
489 993 133 22 framställda
643 993 128 22 förändrade
793 993 82 28 lydelse

56 1022 32 22 till
104 1021 10 28 $
130 1024 26 19 55
172 1022 32 21 uti
219 1022 161 27 ifrågavarande
394 1022 227 28 författningsförslag
616 1017 10 37 ;

124 1051 73 22 vinner
212 1051 41 28 nej,
269 1051 107 22 förkastas
391 1052 118 21 utskottets
526 1051 295 28 sammanjemkningsförslag
834 1050 41 22 och

57 1080 87 21 ständet
158 1079 105 23 vidhäller
277 1081 39 21 sitt
329 1081 58 21 förra
401 1081 71 21 beslut
487 1081 7 21 i
509 1081 87 26 saken*,

125 1109 130 22 besvarades
277 1109 49 22 med
346 1109 155 27 öfvervägande
518 1109 41 28 nej,
575 1109 32 22 till
621 1108 52 29 följd
687 1108 76 23 hvaraf
777 1108 96 22 ständets

56 1137 57 22 förut
127 1138 8 21 i
150 1137 67 22 saken
231 1137 82 23 fattade
328 1138 72 23 beslut
415 1139 68 21 skulle
499 1138 109 22 vidhällas.

125 1195 104 27 Slutligen
243 1195 111 28 föredrogs
370 1198 154 20 sammansatta
539 1196 54 27 Lag-
604 1195 40 22 och
652 1194 222 23 Ekonomiutskottets

56 1224 118 27 bordlagda
195 1224 128 22 hemställan
346 1231 34 15 om
402 1225 103 21 förstärkt
523 1225 95 22 utskotts
638 1224 143 21 nedsättande
795 1223 32 22 för
843 1223 31 22 af-

57 1253 94 27 görande
167 1253 23 21 af
203 1253 106 22 särskilda
323 1253 72 28 frägor
409 1253 91 22 rörande
511 1254 77 26 nädiga
596 1253 160 28 propositionen
765 1253 109 26 angäende

57 1282 119 21 ordnandet
194 1281 23 22 af
232 1282 192 28 skjutshällningen
442 1283 40 21 och
502 1281 180 28 gästgifverierna,
705 1281 108 22 äfvensom
832 1281 42 21 för-

58 1311 47 27 slag
119 1311 34 21 till
167 1311 288 28 omröstningsproposition;
471 1311 80 22 hvilket
566 1310 81 28 förslag
661 1311 32 21 till
706 1311 42 21 alla
756 1311 59 21 delar
823 1312 52 19 utan

58 1339 122 22 diskussion
189 1339 130 28 godkändes,
329 1340 55 22 dock
391 1341 48 21 med
454 1341 89 22 rättelse
560 1339 23 22 af
594 1340 67 27 nägra
676 1339 95 28 tryckfel.

125 1369 78 22 Tillika
220 1368 82 23 beslöts
321 1371 33 20 att
372 1369 35 22 vid
421 1369 170 28 morgondagens
606 1369 86 28 plenum
707 1368 72 22 skrida
794 1367 31 22 till
841 1367 33 22 val

57 1398 23 20 af
92 1397 139 22 medlemmar
245 1398 7 20 i
267 1399 37 20 det
318 1398 118 21 förstärkta
451 1399 112 20 utskottet.

124 1425 88 23 Plenum
228 1425 75 22 afslöts
318 1425 54 23 härä
386 1425 91 22 klockan
491 1425 47 22 half
551 1426 32 21 ett
598 1425 55 22 efter
667 1425 121 26 middagen.

601 1482 22 17 In
634 1481 64 18 fidem:

527 1511 69 23 Victor
611 1511 25 21 de
651 1510 20 22 la
688 1510 100 28 Chapelle.
