1070 1798
397 131 40 17 Den
455 130 24 18 10
495 130 80 19 Januari.
808 130 52 20 1771

77 193 39 22 här
137 193 132 22 framhållna.
299 193 45 22 Här
364 194 40 21 har
426 194 107 22 anmärkts
557 193 54 23 först
628 193 23 22 af
664 193 50 22 herr
729 193 108 24 Snellman
852 195 40 22 och

77 222 54 22 efter
145 223 80 21 honom
239 221 23 22 af
274 221 50 22 herr
338 222 86 23 Palmén
439 224 33 20 att
486 223 11 27 &
514 225 25 20 18
554 223 48 22 icke
615 223 43 21 kan
673 229 63 15 anses
751 223 72 22 såsom
830 224 62 21 verk-

76 251 30 27 lig
128 251 105 27 grundlag
254 250 33 22 för
308 251 82 22 indelta
414 251 107 22 militären
535 251 83 22 derföre
633 253 33 20 att
680 251 67 22 andra
761 253 89 26 trupper
864 254 28 21 än

75 279 81 22 indelta
178 279 76 22 funnes
272 279 8 22 i
295 279 87 28 Sverige
398 279 54 22 efter
469 281 53 20 1772
538 280 40 22 och
593 280 62 22 äfven
670 280 7 21 i
692 280 95 27 Finland,
803 281 41 21 och
859 282 33 21 att

77 308 83 22 således
175 307 100 22 tillvaron
290 307 22 22 af
325 309 48 20 dem
389 309 68 21 skulle
472 315 50 16 vara
537 315 26 15 en
578 308 240 28 grundlagskränkning.
841 309 51 22 Men

73 337 38 27 jag
133 337 39 22 ber
186 337 33 21 att
234 335 22 23 få
270 335 56 23 fästa
341 337 216 27 uppmärksamheten
571 337 36 22 vid
622 339 34 20 att
671 337 64 22 dessa
749 337 67 22 andra
831 339 60 27 trup-

75 372 39 20 per
134 366 56 21 varit
204 365 110 26 värfvade;
330 366 26 21 de
371 365 62 23 hafva
448 366 83 22 säledes
546 367 56 21 varit
615 365 105 28 frivilliga,
737 366 26 22 de
778 366 63 22 hafva
855 373 37 16 va-

75 394 30 21 rit
127 393 109 28 grundade
257 394 29 27 pä
299 393 242 30 frivillighetssystemet,
558 395 40 22 och
613 395 63 22 deras
691 395 83 22 tillvaro
789 395 40 22 har
843 396 48 21 icke

76 423 82 28 utgjort
179 423 71 27 nägon
272 424 66 26 tunga
352 423 30 28 pä
396 424 41 21 den
453 430 39 16 ena
507 424 52 22 eller
573 423 67 22 andra
654 424 89 21 klassen
758 423 22 22 af
793 424 98 22 medbor-

75 458 58 21 gare.
163 452 40 21 Om
226 451 47 22 dem
288 452 40 21 har
343 452 83 22 derföre
442 453 46 21 icke
503 453 55 21 varit
572 453 76 26 nödigt
662 454 33 20 att
710 453 44 21 tala
768 453 7 21 i
790 453 100 26 grundla-

76 487 47 20 gen.
153 481 107 22 Tillvaron
281 480 24 22 af
317 481 81 22 sädana
413 483 88 26 trupper
517 482 63 27 utgör
595 482 77 21 endast
686 487 26 16 en
727 481 163 28 militärorgani-

75 509 143 27 sationsfräga
240 509 40 22 och
303 515 25 16 en
343 509 106 23 financiell
464 510 66 27 fräga.
559 511 102 21 Deremot
675 509 56 23 hvad
747 516 46 15 som
807 511 61 26 ingär
882 511 8 21 i

75 538 11 28 8
103 540 25 20 18
145 539 69 21 skulle
226 538 38 28 jag
279 544 52 16 anse
346 545 50 15 vara
412 545 25 16 en
452 539 111 22 försäkran
577 538 33 23 för
624 540 57 20 rust-
698 538 39 23 och
753 539 135 27 rotehällare,

75 573 33 16 om
123 567 208 27 indelningsverkets
346 567 187 28 upprätthällande
549 567 40 22 och
605 574 25 15 en
646 567 67 22 sädan
723 567 112 22 försäkran
844 569 45 21 mä-

75 597 33 20 ste
126 596 34 21 väl
175 596 84 27 intagas
275 596 7 21 i
297 595 73 28 hvarje
385 597 110 27 grundlag,
510 598 23 25 ty
547 596 203 27 indelningsverket,
766 596 72 22 säsom
853 597 37 22 be-

73 625 60 26 kant,
155 624 157 22 tillförsäkrade
328 625 134 27 jordegarne,
478 626 57 21 rust-
551 625 40 21 och
606 625 135 26 rotehällare,
757 624 65 22 frihet
836 625 54 22 ifrän

75 653 41 22 alla
139 653 26 22 de
186 653 58 22 förra
265 653 188 28 utskrifningarne.
482 655 43 20 Det
547 660 37 15 var
607 653 67 26 detta,
697 653 69 23 denna
781 653 107 28 säkerhet,

75 682 70 22 denna
159 681 145 23 tillförsäkran
319 688 46 15 som
380 682 103 22 behöfdes
499 683 39 21 och
553 682 136 27 naturligtvis
705 682 69 22 måste
782 689 107 21 upprepas

73 712 8 21 i
95 711 73 28 hvarje
183 711 178 29 regeringsform,
370 711 59 22 som
423 707 10 37 i
439 711 88 28 Sverige
542 711 118 28 uppgjorts,
676 711 67 22 sedan
758 711 130 28 indelnings-

74 740 75 23 verket
169 740 45 22 blef
227 740 85 23 infördt.
342 740 197 27 Indelningsverket
553 740 95 23 befriade
663 739 46 23 frän
724 740 164 28 utskrifningen;

73 769 152 28 värnepligten,
249 769 7 22 i
271 769 36 22 fall
323 770 41 21 den
378 769 79 22 införes
472 770 46 27 här,
533 768 79 23 befriar
625 768 47 22 frän
686 769 202 28 indelningsverket.

73 799 110 22 Hvardera
201 798 22 21 af
238 798 63 22 dessa
315 798 146 22 institutioner
475 801 37 19 äro
528 799 71 21 säsom
613 797 43 28 mig
672 804 62 21 synes
751 799 138 27 ovilkorligen

73 827 23 22 af
109 827 186 28 grundlagsnatur.
325 826 106 23 Värfvade
446 826 97 29 frivilliga
557 829 89 26 trupper
660 827 73 22 kunna
748 827 97 22 deremot
853 834 36 15 en-

72 857 41 27 ligt
127 856 43 22 min
185 856 71 27 tanke,
273 863 65 21 gerna
352 857 91 21 inrättas
459 856 61 22 äfven
534 863 34 15 om
583 855 305 28 värnepligtssystemet
823 851 10 37 i
845 851 47 37 Fin-

73 886 49 22 land
138 885 91 23 erhäller
244 885 64 27 helgd
322 885 23 22 af
358 885 110 28 grundlag,
485 885 40 22 och
539 887 52 20 utan
606 884 72 23 tvifvel
693 882 70 25 skulle
771 886 71 26 ocksä,
855 891 34 17 om

73 915 69 21 denna
156 914 166 28 värnepligtslag
336 914 70 22 blefve
422 914 119 22 stadfästad
555 914 8 22 i
578 914 46 28 dag,
642 913 37 22 det
693 914 89 22 oaktadt
789 914 100 23 värfvade

73 945 88 26 trupper
183 943 85 21 komma
290 944 32 20 att
344 942 74 28 finnas,
434 944 15 20 t.
465 949 33 16 ex.
514 944 37 21 det
565 942 69 23 finska
648 942 189 28 kader-ekipaget;
851 944 38 28 jag

72 972 40 22 har
127 972 47 22 icke
189 972 145 27 nägonstädes
350 973 44 21 sett
409 972 76 27 antydt
499 973 33 21 att
547 972 50 22 dess
607 971 132 27 indragande
747 972 69 22 skulle
824 972 64 22 blifva

73 1008 26 15 en
121 1001 52 27 följd
195 1000 23 22 af
239 1000 158 28 värnepligtens
419 1000 116 22 införande.
565 1000 73 28 Enligt
654 1000 39 22 vär
708 1000 181 29 statsförfattning

73 1036 63 16 anser
149 1030 37 28 jag
200 1031 33 21 att
249 1029 37 23 det
301 1030 45 21 stär
360 1030 125 27 regeringen
499 1029 47 22 fritt
560 1031 33 20 att
607 1031 39 19 när
660 1035 47 15 som
715 1029 57 22 helst
779 1030 109 27 uppställa

72 1058 102 23 värfvade
196 1060 94 26 trupper,
312 1058 45 22 ifall
378 1059 56 21 blott
456 1058 69 22 medel
548 1058 70 22 dertill
632 1058 68 22 finnes
715 1057 33 23 för
761 1059 127 27 regeringen

74 1088 126 28 disponibla.
231 1087 76 22 Säsom
322 1087 68 27 sagdt,
407 1087 11 29 $
435 1088 25 21 18
475 1087 8 21 i
497 1088 25 21 R.
538 1087 23 21 F.
576 1087 48 27 kan,
634 1092 62 22 synes
705 1087 49 27 mig,
764 1087 47 22 icke
822 1094 66 21 gerna

73 1117 111 21 betraktas
206 1117 72 21 säsom
293 1118 65 20 annat
373 1118 27 20 än
415 1122 46 16 som
477 1122 26 16 en
517 1116 111 22 försäkran
644 1116 23 21 ät
679 1116 135 27 jordegarne,
830 1118 58 20 rust-

73 1146 40 21 och
135 1145 136 27 rotehällare,
294 1146 33 20 att
348 1145 47 21 icke
415 1152 27 15 en
456 1145 147 26 militärtunga
616 1144 36 22 mä
666 1144 85 22 komma
766 1144 58 22 öfver
839 1146 49 22 dem

73 1174 68 22 under
162 1174 71 27 nägon
255 1180 69 15 annan
346 1173 54 22 form
423 1176 28 19 än
471 1174 69 21 under
554 1172 212 28 indelningsverkets,
782 1174 105 22 intilldess

73 1202 61 22 detta
148 1202 173 28 indelningsverk
335 1202 39 22 har
388 1202 70 22 blifvit
471 1202 29 28 pä
515 1202 173 27 grundlagsenlig
703 1203 40 25 väg
757 1202 111 27 upphäfdt.

139 1231 96 21 Emedan
257 1231 63 27 ingen
343 1237 69 15 annan
428 1230 22 22 af
463 1231 97 21 ständets
575 1230 138 22 medlemmar
727 1230 72 22 vidare
815 1232 71 21 anhöll

72 1266 34 15 om
122 1260 68 26 ordet,
206 1260 41 21 och
262 1262 51 20 enär
328 1260 67 21 under
410 1259 42 22 den
466 1259 151 28 försiggängna
632 1259 152 22 diskussionen
792 1260 47 21 icke
848 1260 38 22 nä-

71 1289 38 26 got
122 1288 48 22 frän
184 1288 256 28 Värnepligtsutskottets
456 1287 79 28 förslag
549 1287 175 28 iifrägavarande
733 1288 34 22 del
775 1287 112 24 afvikande

72 1316 80 28 förslag
173 1317 70 22 blifvit
264 1317 70 26 väckt,
358 1317 67 22 ehuru
447 1317 124 27 visserligen
587 1317 133 27 väsentligen
735 1316 57 23 olika
806 1317 81 27 äsigter

72 1346 107 22 derunder
190 1346 97 27 uttalats,
303 1346 71 22 anhöll
388 1345 50 22 herr
453 1345 204 23 Landtmarskalken
672 1345 23 22 af
707 1346 50 21 herr
772 1345 114 28 Snellman,

71 1375 20 22 J.
113 1375 32 26 V.,
169 1381 33 16 om
224 1375 134 28 upplysning,
381 1374 104 22 huruvida
506 1375 50 22 herr
571 1374 118 22 Snellmans
706 1374 64 28 afsigt
784 1375 55 21 varit
854 1376 32 21 att

71 1403 107 28 uppställa
192 1403 67 28 något
273 1403 103 22 särskildt
390 1403 86 28 förslag,
492 1410 46 15 som
552 1403 72 22 kunde
634 1403 145 23 underställas
788 1403 98 23 ståndets

69 1432 106 27 pröfning.

137 1459 56 22 Herr
208 1459 141 27 Snellman,
364 1459 20 21 J.
400 1459 32 26 V.,
448 1459 58 27 afgaf
519 1459 68 27 härpå
601 1457 94 28 följande
710 1465 58 16 svar:
792 1459 11 22 I
818 1459 68 22 likhet

70 1489 49 21 med
141 1487 57 22 hvad
217 1488 52 21 herr
289 1487 87 22 Palmén
397 1489 73 26 yttrat,
493 1487 40 22 har
552 1488 38 27 jag
603 1487 48 22 icke
666 1487 57 22 velat
737 1488 68 22 väcka
820 1488 67 27 något

70 1516 90 29 specielt
175 1516 86 27 förslag.
289 1516 42 28 Jag
346 1516 39 22 har
399 1516 78 22 uttalat
491 1516 44 22 min
549 1516 56 27 åsigt
619 1521 46 16 som
680 1516 95 27 kommer
790 1518 33 21 att
836 1517 50 22 leda

71 1546 42 28 mig
135 1545 35 23 vid
191 1545 126 28 pröfningen
335 1545 27 28 af,
378 1545 104 22 huruvida
497 1545 117 22 utskottets
630 1543 79 30 förslag
725 1545 55 23 skall
795 1548 89 26 antagas
