1053 1798
373 118 38 17 Den
428 116 26 19 22
471 119 104 17 December.
799 118 52 20 1603

67 179 80 26 verket,
165 180 26 20 än
207 180 32 21 att
254 180 87 27 erlägga
356 180 26 22 de
397 180 45 22 från
459 181 48 21 dem
524 180 33 23 för
575 181 132 22 närvarande
725 182 108 27 utgående
849 188 36 15 va-

67 207 145 28 kansafgifter.

135 236 10 28 $
161 238 19 21 9.
212 236 71 22 Orden
300 237 65 27 ,eller
381 238 31 21 till
427 238 165 22 tukthusstraff*
609 238 113 22 uteslötos.

133 266 11 27 $
161 267 24 20 11
202 272 62 15 mom.
281 268 19 20 3.
330 266 114 28 Uttrycket
465 268 189 26 ,sommarmöten*
675 267 97 28 utbyttes
791 270 44 20 mot
854 268 31 21 lä-

66 295 117 26 germöten.

132 322 12 28 8
161 325 24 19 13
201 329 63 16 mom.
281 330 18 15 c.
328 324 61 22 Efter
404 324 62 23 ordet
485 324 110 27 ,hvilken*
619 324 93 23 infördes
735 325 66 22 orden
818 342 9 10 ,
831 327 51 20 utan

64 352 49 27 laga
127 352 91 22 förfall".

133 381 11 28 8
161 383 32 20 14.
224 381 57 23 Sista
296 382 112 28 meningen
423 383 195 22 äterremitterades
634 383 32 22 till
680 383 109 21 utskottet
803 382 33 23 för
851 385 32 20 att

64 410 160 22 omformuleras
240 410 25 22 så
280 412 32 20 att
327 411 62 22 deraf
402 412 95 28 tydligen
512 412 117 27 framginge
647 412 37 22 det
705 418 29 21 ny
755 412 93 28 lottning
863 412 19 28 ej

64 439 91 22 behöfde
169 439 152 28 ifrägakomma
333 440 7 21 i
356 440 37 22 det
407 440 39 22 här
462 442 127 20 omnämnda
603 440 44 27 fall,
663 443 59 19 utom
741 442 33 20 att
789 440 27 22 de
830 441 53 21 lott-

63 474 93 21 numror,
172 474 46 16 som
233 468 35 22 vid
284 468 41 22 den
339 468 68 23 första
420 469 174 28 lottdragningen
609 469 84 27 utfallit,
715 469 112 22 bestämde
842 470 42 21 den

63 497 96 27 ordning,
175 497 59 22 hvari
250 497 139 28 uttagningen
405 498 81 22 skedde
502 498 28 22 då
543 499 48 21 icke
612 505 26 15 en
660 498 35 22 hel
718 498 129 22 åldersklass
863 498 22 22 af

62 532 101 16 reserven
178 528 51 20 utan
244 526 57 22 blott
316 533 26 15 en
358 527 34 24 del
408 527 62 22 deraf
483 527 33 22 till
530 527 127 28 krigstjenst
673 527 125 22 inkallades.

130 560 11 28 $
156 562 33 21 23.
220 560 59 23 Sista
294 562 73 21 satsen
383 578 4 10 ,
389 561 96 27 såframt
499 561 42 23 han
555 562 60 22 icke"
633 568 19 16 o.
667 568 18 16 s.
703 568 20 16 v.
739 561 100 23 uteslöts.

131 596 13 26 8
160 597 28 20 27
204 596 195 22 återremitterades
415 596 33 22 till
463 597 107 22 utskottet
585 596 49 22 med
649 597 106 21 anmodan
770 598 33 20 att
817 596 65 22 bland

61 623 40 23 här
115 624 139 28 uppräknade
269 624 110 28 undantag
391 625 79 27 jemväl
485 627 95 26 upptaga
595 632 26 15 en
636 624 70 23 fader-
722 625 41 23 och
773 625 107 22 moderlös

61 653 93 28 yngling,
171 660 45 15 som
232 660 73 16 ensam
319 653 97 22 handhar
430 654 156 28 förvaltningen
602 653 22 22 af
636 654 105 27 hemman,
765 660 70 15 annan
849 654 31 21 lä-

62 682 79 27 genhet
156 682 53 22 eller
222 682 72 28 någon
309 682 151 28 affärsrörelse,
476 689 46 16 som
540 683 44 22 han
606 689 76 21 genom
705 683 33 22 arf
759 682 122 27 åtkommit;

61 710 92 22 hvarhos
169 711 11 27 &
195 712 67 21 borde
278 711 159 22 omformuleras
453 712 25 21 sä
493 714 32 19 att
540 712 37 22 det
594 712 93 27 tydligen
709 712 118 27 framginge
849 712 33 20 att

61 739 98 27 samtlige
175 740 39 20 här
228 740 135 28 undantagne
379 746 103 21 personer
498 743 36 19 äro
549 740 111 22 frikallade
675 740 46 22 från
737 740 59 22 såväl
812 740 68 21 aktiv-

61 774 46 16 som
128 768 145 28 reservtjenst,
297 769 87 27 sålänge
407 768 27 22 de
454 768 161 28 ifrågavarande
641 768 240 28 familjeförhällandena

61 796 94 23 fortfara.

127 825 12 57 i
155 827 26 20 63
195 832 62 15 mom.
274 832 16 16 c.
321 826 71 22 Orden
401 822 12 34 ,
408 826 65 26 eller
488 827 32 21 till
533 826 163 22 tukthusstraff*
713 827 113 22 uteslötos.

155 856 34 20 81.
218 855 118 22 Enahanda
351 855 89 27 ändring
456 861 45 16 som
516 856 7 21 i
538 855 11 29 $
566 857 33 21 63.

127 889 12 29 $
154 891 27 21 84
197 889 195 23 äterremitterades
407 889 33 23 för
454 890 110 23 införande
580 890 54 23 efter
655 890 62 22 ordet
733 890 49 28 ,är*
799 890 23 23 af
834 896 44 16 me-

60 919 77 27 ningen
153 925 61 21 ,men
229 919 63 22 innan
307 919 42 22 han
364 919 92 28 uppnått
470 921 27 20 27
512 920 36 21 års
557 920 84 26 ålder";
656 919 92 22 hvarhos
757 921 65 21 orden
833 919 45 28 ,sin

60 947 73 23 ålder”
149 948 67 22 borde
231 949 86 27 utbytas
333 950 46 20 mot
395 965 8 10 ,
409 948 93 22 åldern".

129 983 10 28 $
155 985 34 20 87.
212 977 18 27 Å
245 983 69 27 tredje
329 983 66 22 raden
417 982 87 23 framför
526 984 66 21 orden
609 983 77 27 ,bland
709 983 60 22 dem"
786 983 92 22 infördes

61 1011 62 22 ordet
139 1012 110 26 ,,endast",
264 1012 118 27 hvarjemte
399 1012 25 21 de
439 1011 7 22 i
462 1013 66 20 andra
544 1012 86 28 stycket
645 1011 22 23 af
681 1011 10 28 $
701 1012 113 22 bestämda
821 1012 57 22 färd-

58 1040 145 28 penningarne
216 1040 75 27 höjdes
307 1041 46 21 från
369 1042 12 20 4
397 1041 32 21 till
444 1043 13 19 8
472 1041 70 26 penni.

127 1069 12 28 8
161 1071 26 20 93
214 1069 195 22 äterremitterades
432 1068 32 23 för
486 1071 32 20 att
540 1070 121 21 omarbetas
683 1069 7 21 i
713 1069 95 28 enlighet
829 1069 49 22 med

58 1098 206 27 landtdagsmannen
278 1098 111 22 Heikkiläs
405 1100 57 20 emot
478 1098 69 22 denna
562 1098 11 28 $
589 1098 79 28 afgifna
682 1099 139 21 reservation.

126 1127 66 28 För
185 1123 12 36 $
214 1129 26 20 96
264 1129 75 26 antogs
362 1127 117 28 lydelsen
473 1123 14 36 i
498 1128 41 21 den
560 1127 80 28 nådiga
662 1127 161 28 propositionen
845 1127 32 22 uti

58 1157 149 21 motsvarande
223 1156 11 28 &
250 1157 48 20 104.

126 1184 11 29 $
154 1187 39 20 100
208 1185 96 28 punkten
318 1186 20 20 2.
362 1185 72 22 Orden
450 1185 65 26 ,eller
534 1185 32 22 till
581 1185 164 22 tukthusstraff*
763 1185 112 22 uteslötos.

126 1214 11 28 8
154 1216 39 20 115
210 1214 196 22 äterremitterades
422 1214 32 22 till
468 1214 109 23 utskottet
591 1214 48 22 med
655 1214 104 22 anmodan
775 1216 32 19 att
829 1214 46 22 från

57 1243 11 28 8
83 1244 121 21 utmönstra
220 1242 223 29 straffbestämningen
460 1245 75 20 arrest.

125 1271 12 29 $
153 1273 47 20 116.
216 1272 80 23 Senare
311 1273 82 21 satsen:
426 1272 57 27 ,Lag
497 1279 80 15 samma
596 1278 50 16 vare
661 1271 33 23 för
718 1272 53 22 den"
789 1278 18 15 o.
823 1278 17 15 s.
856 1278 18 15 v.

58 1300 69 23 skulle
141 1301 59 27 utgä.

125 1329 11 28 &
153 1331 39 20 117
209 1329 194 23 äterremitterades
419 1329 32 22 till
466 1330 107 21 utskottet
587 1329 48 22 med
646 1329 105 22 anmodan
754 1325 45 36 att,
814 1325 61 36 jemte

57 1358 162 23 bortlemnande
234 1358 22 22 af
268 1359 50 22 hela
332 1358 41 21 den
388 1357 57 23 förra
460 1360 82 21 satsen:
574 1358 59 26 ,Den
649 1359 59 21 som*
725 1365 19 15 o.
761 1364 16 15 s.
793 1364 26 20 v.,
830 1363 45 16 om-

57 1387 115 22 formulera
187 1387 41 22 den
244 1393 74 16 senare
333 1387 112 27 meningen
460 1387 22 21 af
495 1387 11 28 &
522 1386 88 28 ungefär
632 1386 101 22 sälunda:
758 1386 58 27 ,Har
837 1387 37 20 nä-

57 1423 42 20 gon
114 1415 32 22 för
161 1417 33 20 att
209 1415 75 23 hindra
298 1422 70 15 annan
383 1417 33 20 att
430 1416 66 21 varda
512 1416 32 21 till
559 1415 126 26 krigstjenst
699 1415 107 26 godkänd,
822 1415 52 20 lem-

56 1445 67 20 lästat
138 1444 74 26 denne,
228 1444 143 21 underkastas
386 1443 41 21 han
443 1443 37 21 det
494 1443 66 27 straff,
576 1449 46 15 som
637 1442 32 22 för
687 1443 111 27 uppsätlig
812 1443 62 20 miss-

56 1472 79 22 handel
148 1472 7 21 i
170 1472 35 27 lag
219 1472 102 27 stadgadt
337 1472 44 21 är*.

123 1505 29 24 Af
166 1505 11 29 $
194 1507 40 20 124
249 1505 195 23 äterremitterades
460 1507 116 21 momentet
591 1507 13 20 2
619 1505 32 22 till
672 1505 109 22 utskottet
795 1505 32 22 för
842 1506 33 21 att

57 1535 159 23 omformuleras
232 1535 89 28 ungefär
336 1534 99 23 sälunda:
