<?xml version="1.0" encoding="UTF-8"?>
<alto xmlns="http://www.loc.gov/standards/alto/ns-v3#" xmlns:xlink="http://www.w3.org/1999/xlink" xmlns:xsi="http://www.w3.org/2001/XMLSchema-instance" xsi:schemaLocation="http://www.loc.gov/standards/alto/ns-v3# http://www.loc.gov/alto/v3/alto-3-0.xsd">
	<Description>
		<MeasurementUnit>pixel</MeasurementUnit>
		<sourceImageInformation>
			<fileName>/tmp/tess_ia_2e221_input.PNG</fileName>
		</sourceImageInformation>
		<OCRProcessing ID="OCR_0">
			<ocrProcessingStep>
				<processingSoftware>
					<softwareName>tesseract 5.3.4</softwareName>
				</processingSoftware>
			</ocrProcessingStep>
		</OCRProcessing>
	</Description>
	<Layout>
		<Page WIDTH="1070" HEIGHT="1756" PHYSICAL_IMG_NR="0" ID="page_0">
			<PrintSpace HPOS="0" VPOS="0" WIDTH="1070" HEIGHT="1756">
				<ComposedBlock ID="cblock_0" HPOS="393" VPOS="123" WIDTH="473" HEIGHT="20">
					<TextBlock ID="block_0" HPOS="393" VPOS="123" WIDTH="473" HEIGHT="20">
						<TextLine ID="line_0" HPOS="393" VPOS="123" WIDTH="473" HEIGHT="20">
							<String ID="string_0" HPOS="393" VPOS="125" WIDTH="39" HEIGHT="17" WC="0.96" CONTENT="Den"/><SP WIDTH="19" VPOS="125" HPOS="432"/>
							<String ID="string_1" HPOS="451" VPOS="123" WIDTH="20" HEIGHT="18" WC="0.96" CONTENT="11"/><SP WIDTH="19" VPOS="123" HPOS="471"/>
							<String ID="string_2" HPOS="490" VPOS="124" WIDTH="80" HEIGHT="19" WC="0.84" CONTENT="Januari,"/><SP WIDTH="243" VPOS="124" HPOS="570"/>
							<String ID="string_3" HPOS="813" VPOS="124" WIDTH="53" HEIGHT="19" WC="0.93" CONTENT="1789"/>
						</TextLine>
					</TextBlock>
				</ComposedBlock>
				<ComposedBlock ID="cblock_1" HPOS="75" VPOS="187" WIDTH="819" HEIGHT="84">
					<TextBlock ID="block_1" HPOS="75" VPOS="187" WIDTH="819" HEIGHT="84">
						<TextLine ID="line_1" HPOS="144" VPOS="187" WIDTH="750" HEIGHT="29">
							<String ID="string_4" HPOS="144" VPOS="187" WIDTH="94" HEIGHT="22" WC="0.96" CONTENT="Emedan"/><SP WIDTH="16" VPOS="187" HPOS="238"/>
							<String ID="string_5" HPOS="254" VPOS="187" WIDTH="70" HEIGHT="22" WC="0.96" CONTENT="denna"/><SP WIDTH="14" VPOS="187" HPOS="324"/>
							<String ID="string_6" HPOS="338" VPOS="187" WIDTH="132" HEIGHT="27" WC="0.95" CONTENT="proposition"/><SP WIDTH="15" VPOS="187" HPOS="470"/>
							<String ID="string_7" HPOS="485" VPOS="187" WIDTH="130" HEIGHT="22" WC="0.96" CONTENT="besvarades"/><SP WIDTH="15" VPOS="187" HPOS="615"/>
							<String ID="string_8" HPOS="630" VPOS="187" WIDTH="47" HEIGHT="22" WC="0.92" CONTENT="med"/><SP WIDTH="12" VPOS="187" HPOS="677"/>
							<String ID="string_9" HPOS="689" VPOS="187" WIDTH="155" HEIGHT="28" WC="0.91" CONTENT="öfvervägande"/><SP WIDTH="9" VPOS="187" HPOS="844"/>
							<String ID="string_10" HPOS="853" VPOS="189" WIDTH="41" HEIGHT="27" WC="0.85" CONTENT="nej,"/>
						</TextLine>
						<TextLine ID="line_2" HPOS="75" VPOS="215" WIDTH="819" HEIGHT="29">
							<String ID="string_11" HPOS="75" VPOS="216" WIDTH="70" HEIGHT="21" WC="0.96" CONTENT="skulle"/><SP WIDTH="21" VPOS="216" HPOS="145"/>
							<String ID="string_12" HPOS="166" VPOS="216" WIDTH="76" HEIGHT="27" WC="0.93" CONTENT="frågan"/><SP WIDTH="22" VPOS="216" HPOS="242"/>
							<String ID="string_13" HPOS="264" VPOS="216" WIDTH="134" HEIGHT="27" WC="0.91" CONTENT="uppskjutas,"/><SP WIDTH="22" VPOS="216" HPOS="398"/>
							<String ID="string_14" HPOS="420" VPOS="215" WIDTH="34" HEIGHT="22" WC="0.96" CONTENT="för"/><SP WIDTH="21" VPOS="215" HPOS="454"/>
							<String ID="string_15" HPOS="475" VPOS="217" WIDTH="33" HEIGHT="20" WC="0.96" CONTENT="att"/><SP WIDTH="21" VPOS="217" HPOS="508"/>
							<String ID="string_16" HPOS="529" VPOS="216" WIDTH="107" HEIGHT="27" WC="0.96" CONTENT="företagas"/><SP WIDTH="18" VPOS="216" HPOS="636"/>
							<String ID="string_17" HPOS="654" VPOS="216" WIDTH="8" HEIGHT="21" WC="0.96" CONTENT="i"/><SP WIDTH="15" VPOS="216" HPOS="662"/>
							<String ID="string_18" HPOS="677" VPOS="217" WIDTH="153" HEIGHT="27" WC="0.82" CONTENT="sammanhang"/><SP WIDTH="15" VPOS="217" HPOS="830"/>
							<String ID="string_19" HPOS="845" VPOS="218" WIDTH="49" HEIGHT="21" WC="0.96" CONTENT="med"/>
						</TextLine>
						<TextLine ID="line_3" HPOS="75" VPOS="244" WIDTH="544" HEIGHT="27">
							<String ID="string_20" HPOS="75" VPOS="244" WIDTH="179" HEIGHT="22" WC="0.92" CONTENT="Statsutskottets"/><SP WIDTH="16" VPOS="244" HPOS="254"/>
							<String ID="string_21" HPOS="270" VPOS="245" WIDTH="107" HEIGHT="21" WC="0.93" CONTENT="allmänna"/><SP WIDTH="15" VPOS="245" HPOS="377"/>
							<String ID="string_22" HPOS="392" VPOS="244" WIDTH="227" HEIGHT="27" WC="0.91" CONTENT="anslagsbetänkande."/>
						</TextLine>
					</TextBlock>
				</ComposedBlock>
				<ComposedBlock ID="cblock_2" HPOS="66" VPOS="330" WIDTH="827" HEIGHT="1244">
					<TextBlock ID="block_2" HPOS="72" VPOS="330" WIDTH="821" HEIGHT="115">
						<TextLine ID="line_4" HPOS="143" VPOS="330" WIDTH="750" HEIGHT="28">
							<String ID="string_23" HPOS="143" VPOS="330" WIDTH="105" HEIGHT="27" WC="0.95" CONTENT="Slutligen"/><SP WIDTH="24" VPOS="330" HPOS="248"/>
							<String ID="string_24" HPOS="272" VPOS="330" WIDTH="112" HEIGHT="28" WC="0.96" CONTENT="föredrogs"/><SP WIDTH="27" VPOS="330" HPOS="384"/>
							<String ID="string_25" HPOS="411" VPOS="331" WIDTH="38" HEIGHT="22" WC="0.95" CONTENT="det"/><SP WIDTH="21" VPOS="331" HPOS="449"/>
							<String ID="string_26" HPOS="470" VPOS="331" WIDTH="23" HEIGHT="22" WC="0.93" CONTENT="af"/><SP WIDTH="19" VPOS="331" HPOS="493"/>
							<String ID="string_27" HPOS="512" VPOS="330" WIDTH="175" HEIGHT="23" WC="0.93" CONTENT="Bondeständets"/><SP WIDTH="24" VPOS="330" HPOS="687"/>
							<String ID="string_28" HPOS="711" VPOS="331" WIDTH="125" HEIGHT="27" WC="0.92" CONTENT="deputation"/><SP WIDTH="22" VPOS="331" HPOS="836"/>
							<String ID="string_29" HPOS="858" VPOS="332" WIDTH="35" HEIGHT="21" WC="0.96" CONTENT="vid"/>
						</TextLine>
						<TextLine ID="line_5" HPOS="75" VPOS="359" WIDTH="817" HEIGHT="28">
							<String ID="string_30" HPOS="75" VPOS="359" WIDTH="60" HEIGHT="22" WC="0.93" CONTENT="detta"/><SP WIDTH="14" VPOS="359" HPOS="135"/>
							<String ID="string_31" HPOS="149" VPOS="359" WIDTH="86" HEIGHT="28" WC="0.93" CONTENT="plenum"/><SP WIDTH="15" VPOS="359" HPOS="235"/>
							<String ID="string_32" HPOS="250" VPOS="359" WIDTH="155" HEIGHT="23" WC="0.91" CONTENT="öfverlemnade"/><SP WIDTH="15" VPOS="359" HPOS="405"/>
							<String ID="string_33" HPOS="420" VPOS="359" WIDTH="199" HEIGHT="28" WC="0.92" CONTENT="protokollsutdrag"/><SP WIDTH="21" VPOS="359" HPOS="619"/>
							<String ID="string_34" HPOS="640" VPOS="359" WIDTH="146" HEIGHT="23" WC="0.93" CONTENT="innefattande"/><SP WIDTH="22" VPOS="359" HPOS="786"/>
							<String ID="string_35" HPOS="808" VPOS="360" WIDTH="84" HEIGHT="27" WC="0.71" CONTENT="inbjud-"/>
						</TextLine>
						<TextLine ID="line_6" HPOS="73" VPOS="387" WIDTH="819" HEIGHT="29">
							<String ID="string_36" HPOS="73" VPOS="388" WIDTH="51" HEIGHT="27" WC="0.96" CONTENT="ning"/><SP WIDTH="14" VPOS="388" HPOS="124"/>
							<String ID="string_37" HPOS="138" VPOS="389" WIDTH="7" HEIGHT="20" WC="0.93" CONTENT="i"/><SP WIDTH="15" VPOS="389" HPOS="145"/>
							<String ID="string_38" HPOS="160" VPOS="387" WIDTH="60" HEIGHT="28" WC="0.92" CONTENT="fräga"/><SP WIDTH="16" VPOS="387" HPOS="220"/>
							<String ID="string_39" HPOS="236" VPOS="395" WIDTH="34" HEIGHT="15" WC="0.92" CONTENT="om"/><SP WIDTH="14" VPOS="395" HPOS="270"/>
							<String ID="string_40" HPOS="284" VPOS="388" WIDTH="176" HEIGHT="28" WC="0.91" CONTENT="vakansafgiften,"/><SP WIDTH="16" VPOS="388" HPOS="460"/>
							<String ID="string_41" HPOS="476" VPOS="389" WIDTH="81" HEIGHT="22" WC="0.93" CONTENT="hvilket"/><SP WIDTH="7" VPOS="389" HPOS="557"/>
							<String ID="string_42" HPOS="564" VPOS="388" WIDTH="203" HEIGHT="28" WC="0.92" CONTENT="protokollsutdrag,"/><SP WIDTH="12" VPOS="388" HPOS="767"/>
							<String ID="string_43" HPOS="779" VPOS="389" WIDTH="52" HEIGHT="22" WC="0.93" CONTENT="härä"/><SP WIDTH="7" VPOS="389" HPOS="831"/>
							<String ID="string_44" HPOS="838" VPOS="395" WIDTH="54" HEIGHT="21" WC="0.91" CONTENT="upp-"/>
						</TextLine>
						<TextLine ID="line_7" HPOS="72" VPOS="416" WIDTH="352" HEIGHT="29">
							<String ID="string_45" HPOS="72" VPOS="417" WIDTH="49" HEIGHT="28" WC="0.93" CONTENT="läst,"/><SP WIDTH="16" VPOS="417" HPOS="121"/>
							<String ID="string_46" HPOS="137" VPOS="423" WIDTH="39" HEIGHT="16" WC="0.96" CONTENT="var"/><SP WIDTH="14" VPOS="423" HPOS="176"/>
							<String ID="string_47" HPOS="190" VPOS="416" WIDTH="23" HEIGHT="23" WC="0.96" CONTENT="af"/><SP WIDTH="13" VPOS="416" HPOS="213"/>
							<String ID="string_48" HPOS="226" VPOS="417" WIDTH="93" HEIGHT="28" WC="0.93" CONTENT="följande"/><SP WIDTH="15" VPOS="417" HPOS="319"/>
							<String ID="string_49" HPOS="334" VPOS="417" WIDTH="90" HEIGHT="28" WC="0.92" CONTENT="lydelse:"/>
						</TextLine>
					</TextBlock>
					<TextBlock ID="block_3" HPOS="71" VPOS="446" WIDTH="821" HEIGHT="174">
						<TextLine ID="line_8" HPOS="143" VPOS="446" WIDTH="749" HEIGHT="29">
							<String ID="string_50" HPOS="143" VPOS="463" WIDTH="6" HEIGHT="10" WC="0.65" CONTENT="»"/><SP WIDTH="6" VPOS="463" HPOS="149"/>
							<String ID="string_51" HPOS="155" VPOS="446" WIDTH="40" HEIGHT="27" WC="0.92" CONTENT="Till"/><SP WIDTH="16" VPOS="446" HPOS="195"/>
							<String ID="string_52" HPOS="211" VPOS="446" WIDTH="129" HEIGHT="27" WC="0.92" CONTENT="behandling"/><SP WIDTH="21" VPOS="446" HPOS="340"/>
							<String ID="string_53" HPOS="361" VPOS="446" WIDTH="95" HEIGHT="29" WC="0.93" CONTENT="företogs"/><SP WIDTH="23" VPOS="446" HPOS="456"/>
							<String ID="string_54" HPOS="479" VPOS="446" WIDTH="254" HEIGHT="28" WC="0.91" CONTENT="Värnepligtsutskottets"/><SP WIDTH="22" VPOS="446" HPOS="733"/>
							<String ID="string_55" HPOS="755" VPOS="447" WIDTH="137" HEIGHT="22" WC="0.96" CONTENT="betänkande"/>
						</TextLine>
						<TextLine ID="line_9" HPOS="72" VPOS="475" WIDTH="818" HEIGHT="28">
							<String ID="string_56" HPOS="72" VPOS="475" WIDTH="40" HEIGHT="22" WC="0.95" CONTENT="N:o"/><SP WIDTH="17" VPOS="475" HPOS="112"/>
							<String ID="string_57" HPOS="129" VPOS="477" WIDTH="11" HEIGHT="19" WC="0.92" CONTENT="3"/><SP WIDTH="16" VPOS="477" HPOS="140"/>
							<String ID="string_58" HPOS="156" VPOS="475" WIDTH="146" HEIGHT="23" WC="0.92" CONTENT="innefattande"/><SP WIDTH="23" VPOS="475" HPOS="302"/>
							<String ID="string_59" HPOS="325" VPOS="475" WIDTH="46" HEIGHT="22" WC="0.96" CONTENT="dels"/><SP WIDTH="22" VPOS="475" HPOS="371"/>
							<String ID="string_60" HPOS="393" VPOS="475" WIDTH="80" HEIGHT="28" WC="0.96" CONTENT="förslag"/><SP WIDTH="15" VPOS="475" HPOS="473"/>
							<String ID="string_61" HPOS="488" VPOS="476" WIDTH="32" HEIGHT="22" WC="0.93" CONTENT="till"/><SP WIDTH="16" VPOS="476" HPOS="520"/>
							<String ID="string_62" HPOS="536" VPOS="475" WIDTH="202" HEIGHT="28" WC="0.91" CONTENT="sammanjemkning"/><SP WIDTH="15" VPOS="475" HPOS="738"/>
							<String ID="string_63" HPOS="753" VPOS="475" WIDTH="23" HEIGHT="22" WC="0.93" CONTENT="af"/><SP WIDTH="13" VPOS="475" HPOS="776"/>
							<String ID="string_64" HPOS="789" VPOS="476" WIDTH="101" HEIGHT="22" WC="0.92" CONTENT="ständens"/>
						</TextLine>
						<TextLine ID="line_10" HPOS="73" VPOS="504" WIDTH="816" HEIGHT="28">
							<String ID="string_65" HPOS="73" VPOS="504" WIDTH="123" HEIGHT="27" WC="0.92" CONTENT="skiljaktiga"/><SP WIDTH="20" VPOS="504" HPOS="196"/>
							<String ID="string_66" HPOS="216" VPOS="505" WIDTH="73" HEIGHT="21" WC="0.96" CONTENT="beslut"/><SP WIDTH="21" VPOS="505" HPOS="289"/>
							<String ID="string_67" HPOS="310" VPOS="505" WIDTH="49" HEIGHT="21" WC="0.88" CONTENT="med"/><SP WIDTH="22" VPOS="505" HPOS="359"/>
							<String ID="string_68" HPOS="381" VPOS="505" WIDTH="114" HEIGHT="27" WC="0.88" CONTENT="anledning"/><SP WIDTH="22" VPOS="505" HPOS="495"/>
							<String ID="string_69" HPOS="517" VPOS="505" WIDTH="22" HEIGHT="21" WC="0.96" CONTENT="af"/><SP WIDTH="20" VPOS="505" HPOS="539"/>
							<String ID="string_70" HPOS="559" VPOS="505" WIDTH="58" HEIGHT="22" WC="0.93" CONTENT="Hans"/><SP WIDTH="23" VPOS="505" HPOS="617"/>
							<String ID="string_71" HPOS="640" VPOS="505" WIDTH="120" HEIGHT="27" WC="0.91" CONTENT="Kejserliga"/><SP WIDTH="16" VPOS="505" HPOS="760"/>
							<String ID="string_72" HPOS="776" VPOS="505" WIDTH="113" HEIGHT="27" WC="0.93" CONTENT="Majestäts"/>
						</TextLine>
						<TextLine ID="line_11" HPOS="71" VPOS="533" WIDTH="818" HEIGHT="28">
							<String ID="string_73" HPOS="71" VPOS="533" WIDTH="79" HEIGHT="27" WC="0.92" CONTENT="nädiga"/><SP WIDTH="21" VPOS="533" HPOS="150"/>
							<String ID="string_74" HPOS="171" VPOS="533" WIDTH="134" HEIGHT="28" WC="0.96" CONTENT="proposition"/><SP WIDTH="22" VPOS="533" HPOS="305"/>
							<String ID="string_75" HPOS="327" VPOS="539" WIDTH="34" HEIGHT="16" WC="0.96" CONTENT="om"/><SP WIDTH="22" VPOS="539" HPOS="361"/>
							<String ID="string_76" HPOS="383" VPOS="533" WIDTH="111" HEIGHT="23" WC="0.96" CONTENT="införande"/><SP WIDTH="23" VPOS="533" HPOS="494"/>
							<String ID="string_77" HPOS="517" VPOS="534" WIDTH="21" HEIGHT="21" WC="0.96" CONTENT="af"/><SP WIDTH="21" VPOS="534" HPOS="538"/>
							<String ID="string_78" HPOS="559" VPOS="533" WIDTH="77" HEIGHT="22" WC="0.92" CONTENT="allmän"/><SP WIDTH="19" VPOS="533" HPOS="636"/>
							<String ID="string_79" HPOS="655" VPOS="534" WIDTH="119" HEIGHT="27" WC="0.92" CONTENT="värnepligt"/><SP WIDTH="14" VPOS="534" HPOS="774"/>
							<String ID="string_80" HPOS="788" VPOS="534" WIDTH="8" HEIGHT="21" WC="0.96" CONTENT="i"/><SP WIDTH="14" VPOS="534" HPOS="796"/>
							<String ID="string_81" HPOS="810" VPOS="534" WIDTH="79" HEIGHT="27" WC="0.96" CONTENT="landet,"/>
						</TextLine>
						<TextLine ID="line_12" HPOS="72" VPOS="562" WIDTH="817" HEIGHT="29">
							<String ID="string_82" HPOS="72" VPOS="562" WIDTH="46" HEIGHT="22" WC="0.96" CONTENT="dels"/><SP WIDTH="16" VPOS="562" HPOS="118"/>
							<String ID="string_83" HPOS="134" VPOS="563" WIDTH="47" HEIGHT="27" WC="0.93" CONTENT="nytt"/><SP WIDTH="15" VPOS="563" HPOS="181"/>
							<String ID="string_84" HPOS="196" VPOS="563" WIDTH="98" HEIGHT="27" WC="0.96" CONTENT="yttrande"/><SP WIDTH="15" VPOS="563" HPOS="294"/>
							<String ID="string_85" HPOS="309" VPOS="562" WIDTH="33" HEIGHT="22" WC="0.93" CONTENT="till"/><SP WIDTH="14" VPOS="562" HPOS="342"/>
							<String ID="string_86" HPOS="356" VPOS="565" WIDTH="97" HEIGHT="20" WC="0.96" CONTENT="närmare"/><SP WIDTH="15" VPOS="565" HPOS="453"/>
							<String ID="string_87" HPOS="468" VPOS="563" WIDTH="126" HEIGHT="27" WC="0.96" CONTENT="motivering"/><SP WIDTH="18" VPOS="563" HPOS="594"/>
							<String ID="string_88" HPOS="612" VPOS="563" WIDTH="23" HEIGHT="21" WC="0.97" CONTENT="af"/><SP WIDTH="20" VPOS="563" HPOS="635"/>
							<String ID="string_89" HPOS="655" VPOS="563" WIDTH="58" HEIGHT="21" WC="0.86" CONTENT="vissa"/><SP WIDTH="14" VPOS="563" HPOS="713"/>
							<String ID="string_90" HPOS="727" VPOS="563" WIDTH="7" HEIGHT="20" WC="0.86" CONTENT="i"/><SP WIDTH="15" VPOS="563" HPOS="734"/>
							<String ID="string_91" HPOS="749" VPOS="563" WIDTH="140" HEIGHT="28" WC="0.91" CONTENT="värnepligts-"/>
						</TextLine>
						<TextLine ID="line_13" HPOS="73" VPOS="591" WIDTH="696" HEIGHT="29">
							<String ID="string_92" HPOS="73" VPOS="591" WIDTH="63" HEIGHT="28" WC="0.92" CONTENT="lagen"/><SP WIDTH="15" VPOS="591" HPOS="136"/>
							<String ID="string_93" HPOS="151" VPOS="591" WIDTH="105" HEIGHT="28" WC="0.92" CONTENT="ingående"/><SP WIDTH="16" VPOS="591" HPOS="256"/>
							<String ID="string_94" HPOS="272" VPOS="591" WIDTH="65" HEIGHT="28" WC="0.81" CONTENT="$$:ers"/><SP WIDTH="16" VPOS="591" HPOS="337"/>
							<String ID="string_95" HPOS="353" VPOS="593" WIDTH="107" HEIGHT="27" WC="0.96" CONTENT="egenskap"/><SP WIDTH="17" VPOS="593" HPOS="460"/>
							<String ID="string_96" HPOS="477" VPOS="592" WIDTH="23" HEIGHT="22" WC="0.93" CONTENT="af"/><SP WIDTH="13" VPOS="592" HPOS="500"/>
							<String ID="string_97" HPOS="513" VPOS="592" WIDTH="256" HEIGHT="27" WC="0.91" CONTENT="grundlagsstadganden."/>
						</TextLine>
					</TextBlock>
					<TextBlock ID="block_4" HPOS="71" VPOS="620" WIDTH="818" HEIGHT="87">
						<TextLine ID="line_14" HPOS="139" VPOS="620" WIDTH="750" HEIGHT="29">
							<String ID="string_98" HPOS="139" VPOS="620" WIDTH="31" HEIGHT="23" WC="0.96" CONTENT="På"/><SP WIDTH="14" VPOS="620" HPOS="170"/>
							<String ID="string_99" HPOS="184" VPOS="620" WIDTH="156" HEIGHT="28" WC="0.96" CONTENT="framställning"/><SP WIDTH="15" VPOS="620" HPOS="340"/>
							<String ID="string_100" HPOS="355" VPOS="620" WIDTH="23" HEIGHT="23" WC="0.93" CONTENT="af"/><SP WIDTH="13" VPOS="620" HPOS="378"/>
							<String ID="string_101" HPOS="391" VPOS="622" WIDTH="122" HEIGHT="21" WC="0.96" CONTENT="talmannen"/><SP WIDTH="16" VPOS="622" HPOS="513"/>
							<String ID="string_102" HPOS="529" VPOS="623" WIDTH="47" HEIGHT="26" WC="0.96" CONTENT="togs"/><SP WIDTH="14" VPOS="623" HPOS="576"/>
							<String ID="string_103" HPOS="590" VPOS="620" WIDTH="75" HEIGHT="23" WC="0.96" CONTENT="främst"/><SP WIDTH="18" VPOS="620" HPOS="665"/>
							<String ID="string_104" HPOS="683" VPOS="621" WIDTH="68" HEIGHT="22" WC="0.93" CONTENT="under"/><SP WIDTH="13" VPOS="621" HPOS="751"/>
							<String ID="string_105" HPOS="764" VPOS="620" WIDTH="100" HEIGHT="29" WC="0.91" CONTENT="pröfning"/><SP WIDTH="14" VPOS="620" HPOS="864"/>
							<String ID="string_106" HPOS="878" VPOS="622" WIDTH="11" HEIGHT="27" WC="0.67" CONTENT="$"/>
						</TextLine>
						<TextLine ID="line_15" HPOS="71" VPOS="649" WIDTH="817" HEIGHT="29">
							<String ID="string_107" HPOS="71" VPOS="651" WIDTH="13" HEIGHT="20" WC="0.93" CONTENT="2"/><SP WIDTH="13" VPOS="651" HPOS="84"/>
							<String ID="string_108" HPOS="97" VPOS="649" WIDTH="68" HEIGHT="28" WC="0.96" CONTENT="jemte"/><SP WIDTH="14" VPOS="649" HPOS="165"/>
							<String ID="string_109" HPOS="179" VPOS="650" WIDTH="8" HEIGHT="21" WC="0.96" CONTENT="i"/><SP WIDTH="15" VPOS="650" HPOS="187"/>
							<String ID="string_110" HPOS="202" VPOS="650" WIDTH="153" HEIGHT="27" WC="0.92" CONTENT="sammanhang"/><SP WIDTH="17" VPOS="650" HPOS="355"/>
							<String ID="string_111" HPOS="372" VPOS="651" WIDTH="86" HEIGHT="22" WC="0.96" CONTENT="dermed"/><SP WIDTH="23" VPOS="651" HPOS="458"/>
							<String ID="string_112" HPOS="481" VPOS="650" WIDTH="89" HEIGHT="22" WC="0.95" CONTENT="stående"/><SP WIDTH="22" VPOS="650" HPOS="570"/>
							<String ID="string_113" HPOS="592" VPOS="650" WIDTH="22" HEIGHT="22" WC="0.93" CONTENT="af"/><SP WIDTH="19" VPOS="650" HPOS="614"/>
							<String ID="string_114" HPOS="633" VPOS="650" WIDTH="108" HEIGHT="22" WC="0.93" CONTENT="utskottet"/><SP WIDTH="15" VPOS="650" HPOS="741"/>
							<String ID="string_115" HPOS="756" VPOS="650" WIDTH="12" HEIGHT="21" WC="0.78" CONTENT="ä"/><SP WIDTH="15" VPOS="650" HPOS="768"/>
							<String ID="string_116" HPOS="783" VPOS="656" WIDTH="61" HEIGHT="22" WC="0.92" CONTENT="pagg."/><SP WIDTH="18" VPOS="656" HPOS="844"/>
							<String ID="string_117" HPOS="862" VPOS="653" WIDTH="26" HEIGHT="19" WC="0.96" CONTENT="40"/>
						</TextLine>
						<TextLine ID="line_16" HPOS="71" VPOS="679" WIDTH="461" HEIGHT="28">
							<String ID="string_118" HPOS="71" VPOS="679" WIDTH="40" HEIGHT="22" WC="0.96" CONTENT="och"/><SP WIDTH="16" VPOS="679" HPOS="111"/>
							<String ID="string_119" HPOS="127" VPOS="681" WIDTH="25" HEIGHT="20" WC="0.93" CONTENT="41"/><SP WIDTH="16" VPOS="681" HPOS="152"/>
							<String ID="string_120" HPOS="168" VPOS="679" WIDTH="136" HEIGHT="22" WC="0.92" CONTENT="framställda"/><SP WIDTH="13" VPOS="679" HPOS="304"/>
							<String ID="string_121" HPOS="317" VPOS="679" WIDTH="215" HEIGHT="28" WC="0.92" CONTENT="resolutionsförslag."/>
						</TextLine>
					</TextBlock>
					<TextBlock ID="block_5" HPOS="66" VPOS="707" WIDTH="822" HEIGHT="261">
						<TextLine ID="line_17" HPOS="139" VPOS="707" WIDTH="748" HEIGHT="29">
							<String ID="string_122" HPOS="139" VPOS="708" WIDTH="71" HEIGHT="22" WC="0.96" CONTENT="Sedan"/><SP WIDTH="23" VPOS="708" HPOS="210"/>
							<String ID="string_123" HPOS="233" VPOS="709" WIDTH="41" HEIGHT="21" WC="0.94" CONTENT="den"/><SP WIDTH="23" VPOS="709" HPOS="274"/>
							<String ID="string_124" HPOS="297" VPOS="708" WIDTH="68" HEIGHT="22" WC="0.93" CONTENT="under"/><SP WIDTH="20" VPOS="708" HPOS="365"/>
							<String ID="string_125" HPOS="385" VPOS="709" WIDTH="56" HEIGHT="21" WC="0.91" CONTENT="bäde"/><SP WIDTH="26" VPOS="709" HPOS="441"/>
							<String ID="string_126" HPOS="467" VPOS="708" WIDTH="156" HEIGHT="28" WC="0.92" CONTENT="förmiddagens"/><SP WIDTH="24" VPOS="708" HPOS="623"/>
							<String ID="string_127" HPOS="647" VPOS="708" WIDTH="40" HEIGHT="21" WC="0.91" CONTENT="och"/><SP WIDTH="22" VPOS="708" HPOS="687"/>
							<String ID="string_128" HPOS="709" VPOS="707" WIDTH="178" HEIGHT="29" WC="0.91" CONTENT="eftermiddagens"/>
						</TextLine>
						<TextLine ID="line_18" HPOS="70" VPOS="736" WIDTH="816" HEIGHT="28">
							<String ID="string_129" HPOS="70" VPOS="737" WIDTH="158" HEIGHT="22" WC="0.93" CONTENT="sammanträde"/><SP WIDTH="15" VPOS="737" HPOS="228"/>
							<String ID="string_130" HPOS="243" VPOS="737" WIDTH="126" HEIGHT="27" WC="0.92" CONTENT="fortgäende"/><SP WIDTH="16" VPOS="737" HPOS="369"/>
							<String ID="string_131" HPOS="385" VPOS="738" WIDTH="149" HEIGHT="21" WC="0.92" CONTENT="diskussionen"/><SP WIDTH="14" VPOS="738" HPOS="534"/>
							<String ID="string_132" HPOS="548" VPOS="737" WIDTH="8" HEIGHT="21" WC="0.93" CONTENT="i"/><SP WIDTH="15" VPOS="737" HPOS="556"/>
							<String ID="string_133" HPOS="571" VPOS="738" WIDTH="72" HEIGHT="21" WC="0.92" CONTENT="ämnet"/><SP WIDTH="14" VPOS="738" HPOS="643"/>
							<String ID="string_134" HPOS="657" VPOS="736" WIDTH="113" HEIGHT="22" WC="0.93" CONTENT="förklarats"/><SP WIDTH="16" VPOS="736" HPOS="770"/>
							<String ID="string_135" HPOS="786" VPOS="737" WIDTH="100" HEIGHT="26" WC="0.92" CONTENT="afslutad,"/>
						</TextLine>
						<TextLine ID="line_19" HPOS="69" VPOS="766" WIDTH="819" HEIGHT="28">
							<String ID="string_136" HPOS="69" VPOS="766" WIDTH="72" HEIGHT="22" WC="0.93" CONTENT="beslöt"/><SP WIDTH="13" VPOS="766" HPOS="141"/>
							<String ID="string_137" HPOS="154" VPOS="766" WIDTH="164" HEIGHT="22" WC="0.92" CONTENT="Bondeständet"/><SP WIDTH="14" VPOS="766" HPOS="318"/>
							<String ID="string_138" HPOS="332" VPOS="773" WIDTH="76" HEIGHT="21" WC="0.96" CONTENT="genom"/><SP WIDTH="16" VPOS="773" HPOS="408"/>
							<String ID="string_139" HPOS="424" VPOS="766" WIDTH="106" HEIGHT="22" WC="0.93" CONTENT="särskilda"/><SP WIDTH="16" VPOS="766" HPOS="530"/>
							<String ID="string_140" HPOS="546" VPOS="766" WIDTH="155" HEIGHT="26" WC="0.96" CONTENT="omröstningar"/><SP WIDTH="20" VPOS="766" HPOS="701"/>
							<String ID="string_141" HPOS="721" VPOS="767" WIDTH="32" HEIGHT="19" WC="0.90" CONTENT="att"/><SP WIDTH="22" VPOS="767" HPOS="753"/>
							<String ID="string_142" HPOS="775" VPOS="766" WIDTH="113" HEIGHT="27" WC="0.96" CONTENT="godkänna"/>
						</TextLine>
						<TextLine ID="line_20" HPOS="70" VPOS="794" WIDTH="817" HEIGHT="28">
							<String ID="string_143" HPOS="70" VPOS="795" WIDTH="118" HEIGHT="22" WC="0.92" CONTENT="utskottets"/><SP WIDTH="15" VPOS="795" HPOS="188"/>
							<String ID="string_144" HPOS="203" VPOS="794" WIDTH="80" HEIGHT="28" WC="0.96" CONTENT="förslag"/><SP WIDTH="14" VPOS="794" HPOS="283"/>
							<String ID="string_145" HPOS="297" VPOS="795" WIDTH="33" HEIGHT="22" WC="0.93" CONTENT="till"/><SP WIDTH="14" VPOS="795" HPOS="330"/>
							<String ID="string_146" HPOS="344" VPOS="795" WIDTH="115" HEIGHT="23" WC="0.92" CONTENT="förändrad"/><SP WIDTH="14" VPOS="795" HPOS="459"/>
							<String ID="string_147" HPOS="473" VPOS="795" WIDTH="81" HEIGHT="27" WC="0.92" CONTENT="lydelse"/><SP WIDTH="15" VPOS="795" HPOS="554"/>
							<String ID="string_148" HPOS="569" VPOS="794" WIDTH="23" HEIGHT="22" WC="0.93" CONTENT="af"/><SP WIDTH="13" VPOS="794" HPOS="592"/>
							<String ID="string_149" HPOS="605" VPOS="794" WIDTH="10" HEIGHT="28" WC="0.92" CONTENT="$"/><SP WIDTH="16" VPOS="794" HPOS="615"/>
							<String ID="string_150" HPOS="631" VPOS="796" WIDTH="20" HEIGHT="25" WC="0.96" CONTENT="2,"/><SP WIDTH="16" VPOS="796" HPOS="651"/>
							<String ID="string_151" HPOS="667" VPOS="800" WIDTH="48" HEIGHT="16" WC="0.96" CONTENT="men"/><SP WIDTH="15" VPOS="800" HPOS="715"/>
							<String ID="string_152" HPOS="730" VPOS="796" WIDTH="38" HEIGHT="24" WC="0.96" CONTENT="att,"/><SP WIDTH="15" VPOS="796" HPOS="768"/>
							<String ID="string_153" HPOS="783" VPOS="795" WIDTH="49" HEIGHT="21" WC="0.93" CONTENT="med"/><SP WIDTH="13" VPOS="795" HPOS="832"/>
							<String ID="string_154" HPOS="845" VPOS="794" WIDTH="42" HEIGHT="22" WC="0.90" CONTENT="för-"/>
						</TextLine>
						<TextLine ID="line_21" HPOS="69" VPOS="823" WIDTH="817" HEIGHT="27">
							<String ID="string_155" HPOS="69" VPOS="823" WIDTH="105" HEIGHT="23" WC="0.91" CONTENT="kastande"/><SP WIDTH="22" VPOS="823" HPOS="174"/>
							<String ID="string_156" HPOS="196" VPOS="823" WIDTH="23" HEIGHT="23" WC="0.93" CONTENT="af"/><SP WIDTH="20" VPOS="823" HPOS="219"/>
							<String ID="string_157" HPOS="239" VPOS="823" WIDTH="138" HEIGHT="23" WC="0.92" CONTENT="förenämnda"/><SP WIDTH="21" VPOS="823" HPOS="377"/>
							<String ID="string_158" HPOS="398" VPOS="824" WIDTH="210" HEIGHT="26" WC="0.92" CONTENT="resolutionsförslag"/><SP WIDTH="22" VPOS="824" HPOS="608"/>
							<String ID="string_159" HPOS="630" VPOS="823" WIDTH="13" HEIGHT="21" WC="0.92" CONTENT="å"/><SP WIDTH="21" VPOS="823" HPOS="643"/>
							<String ID="string_160" HPOS="664" VPOS="829" WIDTH="63" HEIGHT="21" WC="0.90" CONTENT="pagg."/><SP WIDTH="24" VPOS="829" HPOS="727"/>
							<String ID="string_161" HPOS="751" VPOS="825" WIDTH="25" HEIGHT="19" WC="0.95" CONTENT="40"/><SP WIDTH="21" VPOS="825" HPOS="776"/>
							<String ID="string_162" HPOS="797" VPOS="824" WIDTH="39" HEIGHT="22" WC="0.95" CONTENT="och"/><SP WIDTH="16" VPOS="824" HPOS="836"/>
							<String ID="string_163" HPOS="852" VPOS="826" WIDTH="34" HEIGHT="24" WC="0.96" CONTENT="41,"/>
						</TextLine>
						<TextLine ID="line_22" HPOS="70" VPOS="852" WIDTH="818" HEIGHT="24">
							<String ID="string_164" HPOS="70" VPOS="853" WIDTH="157" HEIGHT="22" WC="0.96" CONTENT="återremittera"/><SP WIDTH="22" VPOS="853" HPOS="227"/>
							<String ID="string_165" HPOS="249" VPOS="853" WIDTH="89" HEIGHT="23" WC="0.96" CONTENT="ärendet"/><SP WIDTH="13" VPOS="853" HPOS="338"/>
							<String ID="string_166" HPOS="351" VPOS="853" WIDTH="8" HEIGHT="22" WC="0.96" CONTENT="i"/><SP WIDTH="16" VPOS="853" HPOS="359"/>
							<String ID="string_167" HPOS="375" VPOS="853" WIDTH="41" HEIGHT="22" WC="0.96" CONTENT="den"/><SP WIDTH="23" VPOS="853" HPOS="416"/>
							<String ID="string_168" HPOS="439" VPOS="853" WIDTH="34" HEIGHT="22" WC="0.95" CONTENT="del"/><SP WIDTH="22" VPOS="853" HPOS="473"/>
							<String ID="string_169" HPOS="495" VPOS="853" WIDTH="32" HEIGHT="21" WC="0.93" CONTENT="till"/><SP WIDTH="21" VPOS="853" HPOS="527"/>
							<String ID="string_170" HPOS="548" VPOS="852" WIDTH="108" HEIGHT="22" WC="0.96" CONTENT="utskottet"/><SP WIDTH="14" VPOS="852" HPOS="656"/>
							<String ID="string_171" HPOS="670" VPOS="852" WIDTH="49" HEIGHT="22" WC="0.93" CONTENT="med"/><SP WIDTH="15" VPOS="852" HPOS="719"/>
							<String ID="string_172" HPOS="734" VPOS="853" WIDTH="106" HEIGHT="21" WC="0.96" CONTENT="anmodan"/><SP WIDTH="16" VPOS="853" HPOS="840"/>
							<String ID="string_173" HPOS="856" VPOS="855" WIDTH="32" HEIGHT="19" WC="0.96" CONTENT="att"/>
						</TextLine>
						<TextLine ID="line_23" HPOS="69" VPOS="881" WIDTH="817" HEIGHT="27">
							<String ID="string_174" HPOS="69" VPOS="882" WIDTH="151" HEIGHT="22" WC="0.92" CONTENT="omformulera"/><SP WIDTH="15" VPOS="882" HPOS="220"/>
							<String ID="string_175" HPOS="235" VPOS="882" WIDTH="41" HEIGHT="22" WC="0.96" CONTENT="den"/><SP WIDTH="15" VPOS="882" HPOS="276"/>
							<String ID="string_176" HPOS="291" VPOS="884" WIDTH="96" HEIGHT="20" WC="0.96" CONTENT="närmast"/><SP WIDTH="14" VPOS="884" HPOS="387"/>
							<String ID="string_177" HPOS="401" VPOS="882" WIDTH="54" HEIGHT="22" WC="0.93" CONTENT="efter"/><SP WIDTH="14" VPOS="882" HPOS="455"/>
							<String ID="string_178" HPOS="469" VPOS="882" WIDTH="110" HEIGHT="26" WC="0.92" CONTENT="lagtexten"/><SP WIDTH="13" VPOS="882" HPOS="579"/>
							<String ID="string_179" HPOS="592" VPOS="881" WIDTH="93" HEIGHT="27" WC="0.96" CONTENT="följande"/><SP WIDTH="17" VPOS="881" HPOS="685"/>
							<String ID="string_180" HPOS="702" VPOS="881" WIDTH="61" HEIGHT="22" WC="0.96" CONTENT="delen"/><SP WIDTH="16" VPOS="881" HPOS="763"/>
							<String ID="string_181" HPOS="779" VPOS="882" WIDTH="23" HEIGHT="21" WC="0.93" CONTENT="af"/><SP WIDTH="13" VPOS="882" HPOS="802"/>
							<String ID="string_182" HPOS="815" VPOS="888" WIDTH="71" HEIGHT="15" WC="0.92" CONTENT="svars-"/>
						</TextLine>
						<TextLine ID="line_24" HPOS="69" VPOS="910" WIDTH="817" HEIGHT="29">
							<String ID="string_183" HPOS="69" VPOS="910" WIDTH="125" HEIGHT="23" WC="0.92" CONTENT="skrifvelsen"/><SP WIDTH="22" VPOS="910" HPOS="194"/>
							<String ID="string_184" HPOS="216" VPOS="910" WIDTH="14" HEIGHT="22" WC="0.91" CONTENT="&amp;"/><SP WIDTH="21" VPOS="910" HPOS="230"/>
							<String ID="string_185" HPOS="251" VPOS="911" WIDTH="79" HEIGHT="27" WC="0.91" CONTENT="nädiga"/><SP WIDTH="16" VPOS="911" HPOS="330"/>
							<String ID="string_186" HPOS="346" VPOS="911" WIDTH="162" HEIGHT="28" WC="0.97" CONTENT="propositionen"/><SP WIDTH="17" VPOS="911" HPOS="508"/>
							<String ID="string_187" HPOS="525" VPOS="912" WIDTH="7" HEIGHT="20" WC="0.93" CONTENT="i"/><SP WIDTH="16" VPOS="912" HPOS="532"/>
							<String ID="string_188" HPOS="548" VPOS="910" WIDTH="220" HEIGHT="23" WC="0.91" CONTENT="öfverensstämmelse"/><SP WIDTH="15" VPOS="910" HPOS="768"/>
							<String ID="string_189" HPOS="783" VPOS="910" WIDTH="49" HEIGHT="22" WC="0.93" CONTENT="med"/><SP WIDTH="14" VPOS="910" HPOS="832"/>
							<String ID="string_190" HPOS="846" VPOS="910" WIDTH="40" HEIGHT="22" WC="0.92" CONTENT="föl-"/>
						</TextLine>
						<TextLine ID="line_25" HPOS="66" VPOS="939" WIDTH="411" HEIGHT="29">
							<String ID="string_191" HPOS="66" VPOS="940" WIDTH="66" HEIGHT="28" WC="0.90" CONTENT="jande"/><SP WIDTH="13" VPOS="940" HPOS="132"/>
							<String ID="string_192" HPOS="145" VPOS="940" WIDTH="23" HEIGHT="21" WC="0.93" CONTENT="af"/><SP WIDTH="13" VPOS="940" HPOS="168"/>
							<String ID="string_193" HPOS="181" VPOS="939" WIDTH="87" HEIGHT="23" WC="0.92" CONTENT="ständet"/><SP WIDTH="14" VPOS="939" HPOS="268"/>
							<String ID="string_194" HPOS="282" VPOS="942" WIDTH="94" HEIGHT="26" WC="0.92" CONTENT="antagna"/><SP WIDTH="13" VPOS="942" HPOS="376"/>
							<String ID="string_195" HPOS="389" VPOS="940" WIDTH="88" HEIGHT="27" WC="0.95" CONTENT="förslag:"/>
						</TextLine>
					</TextBlock>
					<TextBlock ID="block_6" HPOS="67" VPOS="967" WIDTH="821" HEIGHT="347">
						<TextLine ID="line_26" HPOS="138" VPOS="967" WIDTH="748" HEIGHT="29">
							<String ID="string_196" HPOS="138" VPOS="970" WIDTH="46" HEIGHT="26" WC="0.81" CONTENT="»att"/><SP WIDTH="12" VPOS="970" HPOS="184"/>
							<String ID="string_197" HPOS="196" VPOS="969" WIDTH="67" HEIGHT="27" WC="0.96" CONTENT="jemte"/><SP WIDTH="16" VPOS="969" HPOS="263"/>
							<String ID="string_198" HPOS="279" VPOS="970" WIDTH="37" HEIGHT="21" WC="0.93" CONTENT="det"/><SP WIDTH="13" VPOS="970" HPOS="316"/>
							<String ID="string_199" HPOS="329" VPOS="969" WIDTH="123" HEIGHT="26" WC="0.96" CONTENT="ständerna,"/><SP WIDTH="15" VPOS="969" HPOS="452"/>
							<String ID="string_200" HPOS="467" VPOS="969" WIDTH="72" HEIGHT="21" WC="0.96" CONTENT="hvilka"/><SP WIDTH="15" VPOS="969" HPOS="539"/>
							<String ID="string_201" HPOS="554" VPOS="974" WIDTH="52" HEIGHT="16" WC="0.96" CONTENT="anse"/><SP WIDTH="14" VPOS="974" HPOS="606"/>
							<String ID="string_202" HPOS="620" VPOS="967" WIDTH="75" HEIGHT="27" WC="0.96" CONTENT="frågan"/><SP WIDTH="23" VPOS="967" HPOS="695"/>
							<String ID="string_203" HPOS="718" VPOS="974" WIDTH="34" HEIGHT="15" WC="0.89" CONTENT="om"/><SP WIDTH="21" VPOS="974" HPOS="752"/>
							<String ID="string_204" HPOS="773" VPOS="968" WIDTH="113" HEIGHT="22" WC="0.89" CONTENT="vakansaf-"/>
						</TextLine>
						<TextLine ID="line_27" HPOS="69" VPOS="996" WIDTH="817" HEIGHT="30">
							<String ID="string_205" HPOS="69" VPOS="997" WIDTH="78" HEIGHT="29" WC="0.91" CONTENT="giftens"/><SP WIDTH="16" VPOS="997" HPOS="147"/>
							<String ID="string_206" HPOS="163" VPOS="998" WIDTH="129" HEIGHT="27" WC="0.96" CONTENT="erläggande"/><SP WIDTH="13" VPOS="998" HPOS="292"/>
							<String ID="string_207" HPOS="305" VPOS="998" WIDTH="34" HEIGHT="22" WC="0.96" CONTENT="för"/><SP WIDTH="12" VPOS="998" HPOS="339"/>
							<String ID="string_208" HPOS="351" VPOS="997" WIDTH="114" HEIGHT="23" WC="0.95" CONTENT="framtiden"/><SP WIDTH="15" VPOS="997" HPOS="465"/>
							<String ID="string_209" HPOS="480" VPOS="998" WIDTH="73" HEIGHT="21" WC="0.93" CONTENT="kunna"/><SP WIDTH="15" VPOS="998" HPOS="553"/>
							<String ID="string_210" HPOS="568" VPOS="997" WIDTH="84" HEIGHT="27" WC="0.91" CONTENT="afgöras"/><SP WIDTH="16" VPOS="997" HPOS="652"/>
							<String ID="string_211" HPOS="668" VPOS="996" WIDTH="77" HEIGHT="22" WC="0.96" CONTENT="endast"/><SP WIDTH="10" VPOS="996" HPOS="745"/>
							<String ID="string_212" HPOS="755" VPOS="1002" WIDTH="75" HEIGHT="22" WC="0.96" CONTENT="genom"/><SP WIDTH="11" VPOS="1002" HPOS="830"/>
							<String ID="string_213" HPOS="841" VPOS="996" WIDTH="45" HEIGHT="28" WC="0.96" CONTENT="fyra"/>
						</TextLine>
						<TextLine ID="line_28" HPOS="69" VPOS="1024" WIDTH="817" HEIGHT="30">
							<String ID="string_214" HPOS="69" VPOS="1027" WIDTH="75" HEIGHT="21" WC="0.91" CONTENT="stånds"/><SP WIDTH="15" VPOS="1027" HPOS="144"/>
							<String ID="string_215" HPOS="159" VPOS="1028" WIDTH="160" HEIGHT="26" WC="0.96" CONTENT="samstämmiga"/><SP WIDTH="14" VPOS="1028" HPOS="319"/>
							<String ID="string_216" HPOS="333" VPOS="1027" WIDTH="78" HEIGHT="26" WC="0.95" CONTENT="beslut,"/><SP WIDTH="16" VPOS="1027" HPOS="411"/>
							<String ID="string_217" HPOS="427" VPOS="1027" WIDTH="49" HEIGHT="21" WC="0.93" CONTENT="med"/><SP WIDTH="14" VPOS="1027" HPOS="476"/>
							<String ID="string_218" HPOS="490" VPOS="1026" WIDTH="152" HEIGHT="22" WC="0.91" CONTENT="föranledande"/><SP WIDTH="18" VPOS="1026" HPOS="642"/>
							<String ID="string_219" HPOS="660" VPOS="1024" WIDTH="23" HEIGHT="22" WC="0.96" CONTENT="af"/><SP WIDTH="17" VPOS="1024" HPOS="683"/>
							<String ID="string_220" HPOS="700" VPOS="1026" WIDTH="55" HEIGHT="21" WC="0.96" CONTENT="hvad"/><SP WIDTH="15" VPOS="1026" HPOS="755"/>
							<String ID="string_221" HPOS="770" VPOS="1026" WIDTH="7" HEIGHT="20" WC="0.96" CONTENT="i"/><SP WIDTH="16" VPOS="1026" HPOS="777"/>
							<String ID="string_222" HPOS="793" VPOS="1026" WIDTH="40" HEIGHT="21" WC="0.92" CONTENT="den"/><SP WIDTH="15" VPOS="1026" HPOS="833"/>
							<String ID="string_223" HPOS="848" VPOS="1026" WIDTH="38" HEIGHT="20" WC="0.91" CONTENT="nå-"/>
						</TextLine>
						<TextLine ID="line_29" HPOS="69" VPOS="1054" WIDTH="818" HEIGHT="29">
							<String ID="string_224" HPOS="69" VPOS="1056" WIDTH="49" HEIGHT="27" WC="0.92" CONTENT="diga"/><SP WIDTH="20" VPOS="1056" HPOS="118"/>
							<String ID="string_225" HPOS="138" VPOS="1055" WIDTH="161" HEIGHT="28" WC="0.96" CONTENT="propositionen"/><SP WIDTH="22" VPOS="1055" HPOS="299"/>
							<String ID="string_226" HPOS="321" VPOS="1056" WIDTH="73" HEIGHT="22" WC="0.95" CONTENT="derom"/><SP WIDTH="22" VPOS="1056" HPOS="394"/>
							<String ID="string_227" HPOS="416" VPOS="1058" WIDTH="23" HEIGHT="19" WC="0.89" CONTENT="är"/><SP WIDTH="21" VPOS="1058" HPOS="439"/>
							<String ID="string_228" HPOS="460" VPOS="1055" WIDTH="130" HEIGHT="22" WC="0.89" CONTENT="framställdt"/><SP WIDTH="23" VPOS="1055" HPOS="590"/>
							<String ID="string_229" HPOS="613" VPOS="1054" WIDTH="40" HEIGHT="22" WC="0.96" CONTENT="och"/><SP WIDTH="14" VPOS="1054" HPOS="653"/>
							<String ID="string_230" HPOS="667" VPOS="1054" WIDTH="33" HEIGHT="22" WC="0.96" CONTENT="för"/><SP WIDTH="15" VPOS="1054" HPOS="700"/>
							<String ID="string_231" HPOS="715" VPOS="1056" WIDTH="33" HEIGHT="20" WC="0.96" CONTENT="att"/><SP WIDTH="13" VPOS="1056" HPOS="748"/>
							<String ID="string_232" HPOS="761" VPOS="1054" WIDTH="126" HEIGHT="28" WC="0.96" CONTENT="möjliggöra"/>
						</TextLine>
						<TextLine ID="line_30" HPOS="68" VPOS="1083" WIDTH="818" HEIGHT="29">
							<String ID="string_233" HPOS="68" VPOS="1085" WIDTH="158" HEIGHT="27" WC="0.92" CONTENT="värnepligtens"/><SP WIDTH="15" VPOS="1085" HPOS="226"/>
							<String ID="string_234" HPOS="241" VPOS="1084" WIDTH="110" HEIGHT="22" WC="0.96" CONTENT="införande"/><SP WIDTH="15" VPOS="1084" HPOS="351"/>
							<String ID="string_235" HPOS="366" VPOS="1084" WIDTH="57" HEIGHT="22" WC="0.96" CONTENT="inom"/><SP WIDTH="16" VPOS="1084" HPOS="423"/>
							<String ID="string_236" HPOS="439" VPOS="1084" WIDTH="40" HEIGHT="22" WC="0.96" CONTENT="den"/><SP WIDTH="15" VPOS="1084" HPOS="479"/>
							<String ID="string_237" HPOS="494" VPOS="1084" WIDTH="38" HEIGHT="27" WC="0.96" CONTENT="tid,"/><SP WIDTH="16" VPOS="1084" HPOS="532"/>
							<String ID="string_238" HPOS="548" VPOS="1090" WIDTH="46" HEIGHT="16" WC="0.96" CONTENT="som"/><SP WIDTH="14" VPOS="1090" HPOS="594"/>
							<String ID="string_239" HPOS="608" VPOS="1084" WIDTH="7" HEIGHT="20" WC="0.96" CONTENT="i"/><SP WIDTH="16" VPOS="1084" HPOS="615"/>
							<String ID="string_240" HPOS="631" VPOS="1083" WIDTH="41" HEIGHT="21" WC="0.96" CONTENT="den"/><SP WIDTH="17" VPOS="1083" HPOS="672"/>
							<String ID="string_241" HPOS="689" VPOS="1083" WIDTH="79" HEIGHT="27" WC="0.92" CONTENT="nådiga"/><SP WIDTH="21" VPOS="1083" HPOS="768"/>
							<String ID="string_242" HPOS="789" VPOS="1083" WIDTH="97" HEIGHT="27" WC="0.91" CONTENT="proposi-"/>
						</TextLine>
						<TextLine ID="line_31" HPOS="67" VPOS="1111" WIDTH="819" HEIGHT="30">
							<String ID="string_243" HPOS="67" VPOS="1114" WIDTH="73" HEIGHT="21" WC="0.92" CONTENT="tionen"/><SP WIDTH="15" VPOS="1114" HPOS="140"/>
							<String ID="string_244" HPOS="155" VPOS="1113" WIDTH="65" HEIGHT="27" WC="0.91" CONTENT="afses,"/><SP WIDTH="16" VPOS="1113" HPOS="220"/>
							<String ID="string_245" HPOS="236" VPOS="1114" WIDTH="58" HEIGHT="22" WC="0.96" CONTENT="velat"/><SP WIDTH="14" VPOS="1114" HPOS="294"/>
							<String ID="string_246" HPOS="308" VPOS="1113" WIDTH="110" HEIGHT="28" WC="0.93" CONTENT="samtycka"/><SP WIDTH="15" VPOS="1113" HPOS="418"/>
							<String ID="string_247" HPOS="433" VPOS="1113" WIDTH="77" HEIGHT="27" WC="0.92" CONTENT="dertill,"/><SP WIDTH="16" VPOS="1113" HPOS="510"/>
							<String ID="string_248" HPOS="526" VPOS="1114" WIDTH="32" HEIGHT="21" WC="0.93" CONTENT="att"/><SP WIDTH="14" VPOS="1114" HPOS="558"/>
							<String ID="string_249" HPOS="572" VPOS="1114" WIDTH="57" HEIGHT="20" WC="0.93" CONTENT="rust-"/><SP WIDTH="16" VPOS="1114" HPOS="629"/>
							<String ID="string_250" HPOS="645" VPOS="1112" WIDTH="40" HEIGHT="22" WC="0.93" CONTENT="och"/><SP WIDTH="15" VPOS="1112" HPOS="685"/>
							<String ID="string_251" HPOS="700" VPOS="1111" WIDTH="186" HEIGHT="27" WC="0.92" CONTENT="rotefrihetsafgif-"/>
						</TextLine>
						<TextLine ID="line_32" HPOS="67" VPOS="1141" WIDTH="819" HEIGHT="29">
							<String ID="string_252" HPOS="67" VPOS="1145" WIDTH="62" HEIGHT="19" WC="0.96" CONTENT="terna"/><SP WIDTH="18" VPOS="1145" HPOS="129"/>
							<String ID="string_253" HPOS="147" VPOS="1142" WIDTH="36" HEIGHT="22" WC="0.96" CONTENT="må"/><SP WIDTH="21" VPOS="1142" HPOS="183"/>
							<String ID="string_254" HPOS="204" VPOS="1144" WIDTH="89" HEIGHT="26" WC="0.96" CONTENT="utgöras"/><SP WIDTH="23" VPOS="1144" HPOS="293"/>
							<String ID="string_255" HPOS="316" VPOS="1142" WIDTH="32" HEIGHT="22" WC="0.96" CONTENT="till"/><SP WIDTH="22" VPOS="1142" HPOS="348"/>
							<String ID="string_256" HPOS="370" VPOS="1142" WIDTH="109" HEIGHT="28" WC="0.96" CONTENT="utgången"/><SP WIDTH="22" VPOS="1142" HPOS="479"/>
							<String ID="string_257" HPOS="501" VPOS="1142" WIDTH="23" HEIGHT="22" WC="0.96" CONTENT="af"/><SP WIDTH="20" VPOS="1142" HPOS="524"/>
							<String ID="string_258" HPOS="544" VPOS="1142" WIDTH="24" HEIGHT="21" WC="0.95" CONTENT="år"/><SP WIDTH="22" VPOS="1142" HPOS="568"/>
							<String ID="string_259" HPOS="590" VPOS="1142" WIDTH="61" HEIGHT="25" WC="0.96" CONTENT="1882,"/><SP WIDTH="18" VPOS="1142" HPOS="651"/>
							<String ID="string_260" HPOS="669" VPOS="1141" WIDTH="26" HEIGHT="22" WC="0.96" CONTENT="då"/><SP WIDTH="16" VPOS="1141" HPOS="695"/>
							<String ID="string_261" HPOS="711" VPOS="1141" WIDTH="107" HEIGHT="21" WC="0.96" CONTENT="desamma"/><SP WIDTH="15" VPOS="1141" HPOS="818"/>
							<String ID="string_262" HPOS="833" VPOS="1141" WIDTH="53" HEIGHT="21" WC="0.96" CONTENT="böra"/>
						</TextLine>
						<TextLine ID="line_33" HPOS="68" VPOS="1169" WIDTH="816" HEIGHT="30">
							<String ID="string_263" HPOS="68" VPOS="1172" WIDTH="103" HEIGHT="27" WC="0.95" CONTENT="upphöra,"/><SP WIDTH="16" VPOS="1172" HPOS="171"/>
							<String ID="string_264" HPOS="187" VPOS="1171" WIDTH="63" HEIGHT="23" WC="0.96" CONTENT="hafva"/><SP WIDTH="14" VPOS="1171" HPOS="250"/>
							<String ID="string_265" HPOS="264" VPOS="1171" WIDTH="117" HEIGHT="23" WC="0.96" CONTENT="ständerna"/><SP WIDTH="15" VPOS="1171" HPOS="381"/>
							<String ID="string_266" HPOS="396" VPOS="1173" WIDTH="72" HEIGHT="20" WC="0.93" CONTENT="ansett"/><SP WIDTH="15" VPOS="1173" HPOS="468"/>
							<String ID="string_267" HPOS="483" VPOS="1171" WIDTH="73" HEIGHT="27" WC="0.91" CONTENT="nödigt"/><SP WIDTH="21" VPOS="1171" HPOS="556"/>
							<String ID="string_268" HPOS="577" VPOS="1170" WIDTH="7" HEIGHT="22" WC="0.93" CONTENT="i"/><SP WIDTH="20" VPOS="1170" HPOS="584"/>
							<String ID="string_269" HPOS="604" VPOS="1170" WIDTH="170" HEIGHT="27" WC="0.92" CONTENT="underdånighet"/><SP WIDTH="19" VPOS="1170" HPOS="774"/>
							<String ID="string_270" HPOS="793" VPOS="1169" WIDTH="91" HEIGHT="27" WC="0.91" CONTENT="anhålla,"/>
						</TextLine>
						<TextLine ID="line_34" HPOS="67" VPOS="1198" WIDTH="821" HEIGHT="30">
							<String ID="string_271" HPOS="67" VPOS="1202" WIDTH="33" HEIGHT="20" WC="0.96" CONTENT="att"/><SP WIDTH="21" VPOS="1202" HPOS="100"/>
							<String ID="string_272" HPOS="121" VPOS="1200" WIDTH="36" HEIGHT="22" WC="0.96" CONTENT="vid"/><SP WIDTH="21" VPOS="1200" HPOS="157"/>
							<String ID="string_273" HPOS="178" VPOS="1200" WIDTH="177" HEIGHT="22" WC="0.93" CONTENT="nästkommande"/><SP WIDTH="22" VPOS="1200" HPOS="355"/>
							<String ID="string_274" HPOS="377" VPOS="1200" WIDTH="104" HEIGHT="28" WC="0.91" CONTENT="landtdag"/><SP WIDTH="18" VPOS="1200" HPOS="481"/>
							<String ID="string_275" HPOS="499" VPOS="1200" WIDTH="41" HEIGHT="26" WC="0.95" CONTENT="må,"/><SP WIDTH="15" VPOS="1200" HPOS="540"/>
							<String ID="string_276" HPOS="555" VPOS="1200" WIDTH="7" HEIGHT="21" WC="0.96" CONTENT="i"/><SP WIDTH="16" VPOS="1200" HPOS="562"/>
							<String ID="string_277" HPOS="578" VPOS="1198" WIDTH="99" HEIGHT="23" WC="0.93" CONTENT="afseende"/><SP WIDTH="23" VPOS="1198" HPOS="677"/>
							<String ID="string_278" HPOS="700" VPOS="1199" WIDTH="13" HEIGHT="21" WC="0.92" CONTENT="å"/><SP WIDTH="14" VPOS="1199" HPOS="713"/>
							<String ID="string_279" HPOS="727" VPOS="1198" WIDTH="122" HEIGHT="22" WC="0.96" CONTENT="beredande"/><SP WIDTH="16" VPOS="1198" HPOS="849"/>
							<String ID="string_280" HPOS="865" VPOS="1199" WIDTH="23" HEIGHT="21" WC="0.95" CONTENT="af"/>
						</TextLine>
						<TextLine ID="line_35" HPOS="68" VPOS="1227" WIDTH="819" HEIGHT="29">
							<String ID="string_281" HPOS="68" VPOS="1229" WIDTH="71" HEIGHT="22" WC="0.95" CONTENT="medel"/><SP WIDTH="14" VPOS="1229" HPOS="139"/>
							<String ID="string_282" HPOS="153" VPOS="1229" WIDTH="33" HEIGHT="22" WC="0.95" CONTENT="till"/><SP WIDTH="14" VPOS="1229" HPOS="186"/>
							<String ID="string_283" HPOS="200" VPOS="1230" WIDTH="27" HEIGHT="22" WC="0.96" CONTENT="de"/><SP WIDTH="15" VPOS="1230" HPOS="227"/>
							<String ID="string_284" HPOS="242" VPOS="1230" WIDTH="91" HEIGHT="21" WC="0.93" CONTENT="militära"/><SP WIDTH="14" VPOS="1230" HPOS="333"/>
							<String ID="string_285" HPOS="347" VPOS="1229" WIDTH="127" HEIGHT="27" WC="0.92" CONTENT="utgifternas"/><SP WIDTH="18" VPOS="1229" HPOS="474"/>
							<String ID="string_286" HPOS="492" VPOS="1228" WIDTH="143" HEIGHT="26" WC="0.93" CONTENT="bestridande,"/><SP WIDTH="22" VPOS="1228" HPOS="635"/>
							<String ID="string_287" HPOS="657" VPOS="1227" WIDTH="127" HEIGHT="27" WC="0.91" CONTENT="framläggas"/><SP WIDTH="22" VPOS="1227" HPOS="784"/>
							<String ID="string_288" HPOS="806" VPOS="1227" WIDTH="81" HEIGHT="27" WC="0.96" CONTENT="förslag"/>
						</TextLine>
						<TextLine ID="line_36" HPOS="68" VPOS="1256" WIDTH="818" HEIGHT="30">
							<String ID="string_289" HPOS="68" VPOS="1258" WIDTH="34" HEIGHT="22" WC="0.95" CONTENT="till"/><SP WIDTH="21" VPOS="1258" HPOS="102"/>
							<String ID="string_290" HPOS="123" VPOS="1264" WIDTH="27" HEIGHT="22" WC="0.93" CONTENT="ny"/><SP WIDTH="21" VPOS="1264" HPOS="150"/>
							<String ID="string_291" HPOS="171" VPOS="1258" WIDTH="179" HEIGHT="28" WC="0.91" CONTENT="proportionerlig"/><SP WIDTH="21" VPOS="1258" HPOS="350"/>
							<String ID="string_292" HPOS="371" VPOS="1258" WIDTH="138" HEIGHT="27" WC="0.95" CONTENT="beskattning"/><SP WIDTH="15" VPOS="1258" HPOS="509"/>
							<String ID="string_293" HPOS="524" VPOS="1257" WIDTH="22" HEIGHT="22" WC="0.92" CONTENT="af"/><SP WIDTH="18" VPOS="1257" HPOS="546"/>
							<String ID="string_294" HPOS="564" VPOS="1256" WIDTH="183" HEIGHT="29" WC="0.90" CONTENT="jordegendomen"/><SP WIDTH="15" VPOS="1256" HPOS="747"/>
							<String ID="string_295" HPOS="762" VPOS="1256" WIDTH="40" HEIGHT="22" WC="0.96" CONTENT="och"/><SP WIDTH="14" VPOS="1256" HPOS="802"/>
							<String ID="string_296" HPOS="816" VPOS="1263" WIDTH="70" HEIGHT="15" WC="0.96" CONTENT="annan"/>
						</TextLine>
						<TextLine ID="line_37" HPOS="67" VPOS="1287" WIDTH="169" HEIGHT="27">
							<String ID="string_297" HPOS="67" VPOS="1287" WIDTH="169" HEIGHT="27" WC="0.77" CONTENT="förmögenhet&quot;."/>
						</TextLine>
					</TextBlock>
					<TextBlock ID="block_7" HPOS="68" VPOS="1313" WIDTH="819" HEIGHT="56">
						<TextLine ID="line_38" HPOS="137" VPOS="1313" WIDTH="750" HEIGHT="29">
							<String ID="string_298" HPOS="137" VPOS="1316" WIDTH="46" HEIGHT="22" WC="0.95" CONTENT="Och"/><SP WIDTH="15" VPOS="1316" HPOS="183"/>
							<String ID="string_299" HPOS="198" VPOS="1316" WIDTH="82" HEIGHT="22" WC="0.95" CONTENT="beslöts"/><SP WIDTH="19" VPOS="1316" HPOS="280"/>
							<String ID="string_300" HPOS="299" VPOS="1315" WIDTH="68" HEIGHT="22" WC="0.96" CONTENT="tillika"/><SP WIDTH="16" VPOS="1315" HPOS="367"/>
							<String ID="string_301" HPOS="383" VPOS="1317" WIDTH="32" HEIGHT="20" WC="0.96" CONTENT="att"/><SP WIDTH="22" VPOS="1317" HPOS="415"/>
							<String ID="string_302" HPOS="437" VPOS="1321" WIDTH="75" HEIGHT="21" WC="0.93" CONTENT="genom"/><SP WIDTH="22" VPOS="1321" HPOS="512"/>
							<String ID="string_303" HPOS="534" VPOS="1315" WIDTH="125" HEIGHT="26" WC="0.92" CONTENT="deputation"/><SP WIDTH="16" VPOS="1315" HPOS="659"/>
							<String ID="string_304" HPOS="675" VPOS="1313" WIDTH="88" HEIGHT="28" WC="0.96" CONTENT="inbjuda"/><SP WIDTH="15" VPOS="1313" HPOS="763"/>
							<String ID="string_305" HPOS="778" VPOS="1314" WIDTH="26" HEIGHT="21" WC="0.96" CONTENT="de"/><SP WIDTH="15" VPOS="1314" HPOS="804"/>
							<String ID="string_306" HPOS="819" VPOS="1313" WIDTH="68" HEIGHT="27" WC="0.96" CONTENT="öfriga"/>
						</TextLine>
						<TextLine ID="line_39" HPOS="68" VPOS="1342" WIDTH="695" HEIGHT="27">
							<String ID="string_307" HPOS="68" VPOS="1344" WIDTH="91" HEIGHT="23" WC="0.96" CONTENT="stånden"/><SP WIDTH="15" VPOS="1344" HPOS="159"/>
							<String ID="string_308" HPOS="174" VPOS="1346" WIDTH="34" HEIGHT="20" WC="0.96" CONTENT="att"/><SP WIDTH="14" VPOS="1346" HPOS="208"/>
							<String ID="string_309" HPOS="222" VPOS="1351" WIDTH="34" HEIGHT="15" WC="0.97" CONTENT="om"/><SP WIDTH="16" VPOS="1351" HPOS="256"/>
							<String ID="string_310" HPOS="272" VPOS="1345" WIDTH="61" HEIGHT="21" WC="0.93" CONTENT="detta"/><SP WIDTH="13" VPOS="1345" HPOS="333"/>
							<String ID="string_311" HPOS="346" VPOS="1344" WIDTH="173" HEIGHT="22" WC="0.92" CONTENT="Bondeståndets"/><SP WIDTH="16" VPOS="1344" HPOS="519"/>
							<String ID="string_312" HPOS="535" VPOS="1343" WIDTH="72" HEIGHT="22" WC="0.96" CONTENT="beslut"/><SP WIDTH="14" VPOS="1343" HPOS="607"/>
							<String ID="string_313" HPOS="621" VPOS="1343" WIDTH="34" HEIGHT="26" WC="0.96" CONTENT="sig"/><SP WIDTH="14" VPOS="1343" HPOS="655"/>
							<String ID="string_314" HPOS="669" VPOS="1342" WIDTH="94" HEIGHT="22" WC="0.67" CONTENT="förena&quot;."/>
						</TextLine>
					</TextBlock>
					<TextBlock ID="block_8" HPOS="67" VPOS="1370" WIDTH="819" HEIGHT="204">
						<TextLine ID="line_40" HPOS="135" VPOS="1370" WIDTH="750" HEIGHT="29">
							<String ID="string_315" HPOS="135" VPOS="1373" WIDTH="56" HEIGHT="22" WC="0.93" CONTENT="Herr"/><SP WIDTH="21" VPOS="1373" HPOS="191"/>
							<String ID="string_316" HPOS="212" VPOS="1373" WIDTH="198" HEIGHT="26" WC="0.91" CONTENT="Björkenheim,"/><SP WIDTH="23" VPOS="1373" HPOS="410"/>
							<String ID="string_317" HPOS="433" VPOS="1373" WIDTH="91" HEIGHT="24" WC="0.96" CONTENT="Robert,"/><SP WIDTH="22" VPOS="1373" HPOS="524"/>
							<String ID="string_318" HPOS="546" VPOS="1371" WIDTH="85" HEIGHT="27" WC="0.96" CONTENT="yttrade"/><SP WIDTH="22" VPOS="1371" HPOS="631"/>
							<String ID="string_319" HPOS="653" VPOS="1371" WIDTH="7" HEIGHT="21" WC="0.96" CONTENT="i"/><SP WIDTH="23" VPOS="1371" HPOS="660"/>
							<String ID="string_320" HPOS="683" VPOS="1371" WIDTH="100" HEIGHT="21" WC="0.93" CONTENT="afseende"/><SP WIDTH="15" VPOS="1371" HPOS="783"/>
							<String ID="string_321" HPOS="798" VPOS="1370" WIDTH="14" HEIGHT="21" WC="0.91" CONTENT="å"/><SP WIDTH="14" VPOS="1370" HPOS="812"/>
							<String ID="string_322" HPOS="826" VPOS="1371" WIDTH="59" HEIGHT="21" WC="0.96" CONTENT="tiden"/>
						</TextLine>
						<TextLine ID="line_41" HPOS="67" VPOS="1397" WIDTH="819" HEIGHT="30">
							<String ID="string_323" HPOS="67" VPOS="1400" WIDTH="33" HEIGHT="22" WC="0.96" CONTENT="för"/><SP WIDTH="22" VPOS="1400" HPOS="100"/>
							<String ID="string_324" HPOS="122" VPOS="1401" WIDTH="61" HEIGHT="21" WC="0.92" CONTENT="detta"/><SP WIDTH="22" VPOS="1401" HPOS="183"/>
							<String ID="string_325" HPOS="205" VPOS="1401" WIDTH="90" HEIGHT="22" WC="0.92" CONTENT="ärendes"/><SP WIDTH="16" VPOS="1401" HPOS="295"/>
							<String ID="string_326" HPOS="311" VPOS="1400" WIDTH="129" HEIGHT="27" WC="0.96" CONTENT="behandling"/><SP WIDTH="21" VPOS="1400" HPOS="440"/>
							<String ID="string_327" HPOS="461" VPOS="1400" WIDTH="29" HEIGHT="27" WC="0.96" CONTENT="på"/><SP WIDTH="22" VPOS="1400" HPOS="490"/>
							<String ID="string_328" HPOS="512" VPOS="1399" WIDTH="61" HEIGHT="22" WC="0.96" CONTENT="detta"/><SP WIDTH="21" VPOS="1399" HPOS="573"/>
							<String ID="string_329" HPOS="594" VPOS="1400" WIDTH="53" HEIGHT="21" WC="0.95" CONTENT="sätt:"/><SP WIDTH="30" VPOS="1400" HPOS="647"/>
							<String ID="string_330" HPOS="677" VPOS="1399" WIDTH="34" HEIGHT="20" WC="0.92" CONTENT="Då"/><SP WIDTH="19" VPOS="1399" HPOS="711"/>
							<String ID="string_331" HPOS="730" VPOS="1397" WIDTH="156" HEIGHT="28" WC="0.91" CONTENT="otvifvelaktigt"/>
						</TextLine>
						<TextLine ID="line_42" HPOS="68" VPOS="1427" WIDTH="818" HEIGHT="27">
							<String ID="string_332" HPOS="68" VPOS="1429" WIDTH="79" HEIGHT="22" WC="0.92" CONTENT="enhvar"/><SP WIDTH="15" VPOS="1429" HPOS="147"/>
							<String ID="string_333" HPOS="162" VPOS="1430" WIDTH="61" HEIGHT="21" WC="0.96" CONTENT="torde"/><SP WIDTH="15" VPOS="1430" HPOS="223"/>
							<String ID="string_334" HPOS="238" VPOS="1435" WIDTH="52" HEIGHT="16" WC="0.96" CONTENT="vara"/><SP WIDTH="14" VPOS="1435" HPOS="290"/>
							<String ID="string_335" HPOS="304" VPOS="1429" WIDTH="81" HEIGHT="22" WC="0.96" CONTENT="beredd"/><SP WIDTH="15" VPOS="1429" HPOS="385"/>
							<String ID="string_336" HPOS="400" VPOS="1431" WIDTH="33" HEIGHT="19" WC="0.96" CONTENT="att"/><SP WIDTH="15" VPOS="1431" HPOS="433"/>
							<String ID="string_337" HPOS="448" VPOS="1429" WIDTH="90" HEIGHT="21" WC="0.96" CONTENT="besvara"/><SP WIDTH="15" VPOS="1429" HPOS="538"/>
							<String ID="string_338" HPOS="553" VPOS="1428" WIDTH="68" HEIGHT="22" WC="0.93" CONTENT="denna"/><SP WIDTH="14" VPOS="1428" HPOS="621"/>
							<String ID="string_339" HPOS="635" VPOS="1427" WIDTH="127" HEIGHT="27" WC="0.92" CONTENT="inbjudning"/><SP WIDTH="19" VPOS="1427" HPOS="762"/>
							<String ID="string_340" HPOS="781" VPOS="1429" WIDTH="52" HEIGHT="19" WC="0.93" CONTENT="utan"/><SP WIDTH="15" VPOS="1429" HPOS="833"/>
							<String ID="string_341" HPOS="848" VPOS="1427" WIDTH="38" HEIGHT="20" WC="0.92" CONTENT="nå-"/>
						</TextLine>
						<TextLine ID="line_43" HPOS="67" VPOS="1455" WIDTH="819" HEIGHT="30">
							<String ID="string_342" HPOS="67" VPOS="1464" WIDTH="42" HEIGHT="21" WC="0.96" CONTENT="gon"/><SP WIDTH="16" VPOS="1464" HPOS="109"/>
							<String ID="string_343" HPOS="125" VPOS="1458" WIDTH="56" HEIGHT="22" WC="0.96" CONTENT="skild"/><SP WIDTH="14" VPOS="1458" HPOS="181"/>
							<String ID="string_344" HPOS="195" VPOS="1457" WIDTH="161" HEIGHT="28" WC="0.96" CONTENT="bordläggning,"/><SP WIDTH="17" VPOS="1457" HPOS="356"/>
							<String ID="string_345" HPOS="373" VPOS="1457" WIDTH="89" HEIGHT="23" WC="0.96" CONTENT="emedan"/><SP WIDTH="15" VPOS="1457" HPOS="462"/>
							<String ID="string_346" HPOS="477" VPOS="1457" WIDTH="41" HEIGHT="21" WC="0.96" CONTENT="den"/><SP WIDTH="16" VPOS="1457" HPOS="518"/>
							<String ID="string_347" HPOS="534" VPOS="1456" WIDTH="24" HEIGHT="22" WC="0.96" CONTENT="så"/><SP WIDTH="15" VPOS="1456" HPOS="558"/>
							<String ID="string_348" HPOS="573" VPOS="1458" WIDTH="52" HEIGHT="21" WC="0.96" CONTENT="nära"/><SP WIDTH="15" VPOS="1458" HPOS="625"/>
							<String ID="string_349" HPOS="640" VPOS="1455" WIDTH="176" HEIGHT="28" WC="0.96" CONTENT="sammanhänger"/><SP WIDTH="21" VPOS="1455" HPOS="816"/>
							<String ID="string_350" HPOS="837" VPOS="1455" WIDTH="49" HEIGHT="22" WC="0.96" CONTENT="med"/>
						</TextLine>
						<TextLine ID="line_44" HPOS="68" VPOS="1484" WIDTH="818" HEIGHT="31">
							<String ID="string_351" HPOS="68" VPOS="1487" WIDTH="118" HEIGHT="22" WC="0.96" CONTENT="utskottets"/><SP WIDTH="16" VPOS="1487" HPOS="186"/>
							<String ID="string_352" HPOS="202" VPOS="1487" WIDTH="80" HEIGHT="28" WC="0.95" CONTENT="förslag"/><SP WIDTH="15" VPOS="1487" HPOS="282"/>
							<String ID="string_353" HPOS="297" VPOS="1489" WIDTH="32" HEIGHT="20" WC="0.96" CONTENT="att"/><SP WIDTH="14" VPOS="1489" HPOS="329"/>
							<String ID="string_354" HPOS="343" VPOS="1487" WIDTH="70" HEIGHT="27" WC="0.96" CONTENT="någon"/><SP WIDTH="16" VPOS="1487" HPOS="413"/>
							<String ID="string_355" HPOS="429" VPOS="1486" WIDTH="92" HEIGHT="22" WC="0.93" CONTENT="särskild"/><SP WIDTH="15" VPOS="1486" HPOS="521"/>
							<String ID="string_356" HPOS="536" VPOS="1485" WIDTH="159" HEIGHT="28" WC="0.91" CONTENT="öfverläggning"/><SP WIDTH="14" VPOS="1485" HPOS="695"/>
							<String ID="string_357" HPOS="709" VPOS="1484" WIDTH="49" HEIGHT="22" WC="0.96" CONTENT="icke"/><SP WIDTH="14" VPOS="1484" HPOS="758"/>
							<String ID="string_358" HPOS="772" VPOS="1484" WIDTH="62" HEIGHT="22" WC="0.93" CONTENT="torde"/><SP WIDTH="15" VPOS="1484" HPOS="834"/>
							<String ID="string_359" HPOS="849" VPOS="1485" WIDTH="37" HEIGHT="21" WC="0.92" CONTENT="be-"/>
						</TextLine>
						<TextLine ID="line_45" HPOS="68" VPOS="1513" WIDTH="817" HEIGHT="31">
							<String ID="string_360" HPOS="68" VPOS="1516" WIDTH="82" HEIGHT="27" WC="0.90" CONTENT="höfvas,"/><SP WIDTH="16" VPOS="1516" HPOS="150"/>
							<String ID="string_361" HPOS="166" VPOS="1516" WIDTH="70" HEIGHT="23" WC="0.96" CONTENT="skulle"/><SP WIDTH="12" VPOS="1516" HPOS="236"/>
							<String ID="string_362" HPOS="248" VPOS="1516" WIDTH="38" HEIGHT="28" WC="0.96" CONTENT="jag"/><SP WIDTH="14" VPOS="1516" HPOS="286"/>
							<String ID="string_363" HPOS="300" VPOS="1515" WIDTH="33" HEIGHT="24" WC="0.96" CONTENT="för"/><SP WIDTH="14" VPOS="1515" HPOS="333"/>
							<String ID="string_364" HPOS="347" VPOS="1517" WIDTH="44" HEIGHT="21" WC="0.96" CONTENT="min"/><SP WIDTH="16" VPOS="1517" HPOS="391"/>
							<String ID="string_365" HPOS="407" VPOS="1515" WIDTH="34" HEIGHT="23" WC="0.96" CONTENT="del"/><SP WIDTH="15" VPOS="1515" HPOS="441"/>
							<String ID="string_366" HPOS="456" VPOS="1515" WIDTH="85" HEIGHT="22" WC="0.95" CONTENT="anhålla"/><SP WIDTH="15" VPOS="1515" HPOS="541"/>
							<String ID="string_367" HPOS="556" VPOS="1516" WIDTH="32" HEIGHT="21" WC="0.96" CONTENT="att"/><SP WIDTH="15" VPOS="1516" HPOS="588"/>
							<String ID="string_368" HPOS="603" VPOS="1514" WIDTH="90" HEIGHT="23" WC="0.96" CONTENT="ärendet"/><SP WIDTH="10" VPOS="1514" HPOS="693"/>
							<String ID="string_369" HPOS="703" VPOS="1513" WIDTH="68" HEIGHT="22" WC="0.96" CONTENT="skulle"/><SP WIDTH="8" VPOS="1513" HPOS="771"/>
							<String ID="string_370" HPOS="779" VPOS="1515" WIDTH="106" HEIGHT="26" WC="0.96" CONTENT="upptagas"/>
						</TextLine>
						<TextLine ID="line_46" HPOS="68" VPOS="1542" WIDTH="818" HEIGHT="32">
							<String ID="string_371" HPOS="68" VPOS="1546" WIDTH="35" HEIGHT="23" WC="0.95" CONTENT="vid"/><SP WIDTH="17" VPOS="1546" HPOS="103"/>
							<String ID="string_372" HPOS="120" VPOS="1552" WIDTH="26" HEIGHT="17" WC="0.96" CONTENT="en"/><SP WIDTH="14" VPOS="1552" HPOS="146"/>
							<String ID="string_373" HPOS="160" VPOS="1545" WIDTH="139" HEIGHT="29" WC="0.96" CONTENT="fortsättning"/><SP WIDTH="15" VPOS="1545" HPOS="299"/>
							<String ID="string_374" HPOS="314" VPOS="1545" WIDTH="23" HEIGHT="23" WC="0.96" CONTENT="af"/><SP WIDTH="13" VPOS="1545" HPOS="337"/>
							<String ID="string_375" HPOS="350" VPOS="1546" WIDTH="60" HEIGHT="22" WC="0.96" CONTENT="detta"/><SP WIDTH="14" VPOS="1546" HPOS="410"/>
							<String ID="string_376" HPOS="424" VPOS="1545" WIDTH="92" HEIGHT="28" WC="0.96" CONTENT="plenum,"/><SP WIDTH="16" VPOS="1545" HPOS="516"/>
							<String ID="string_377" HPOS="532" VPOS="1551" WIDTH="46" HEIGHT="16" WC="0.96" CONTENT="som"/><SP WIDTH="16" VPOS="1551" HPOS="578"/>
							<String ID="string_378" HPOS="594" VPOS="1544" WIDTH="69" HEIGHT="22" WC="0.96" CONTENT="denna"/><SP WIDTH="15" VPOS="1544" HPOS="663"/>
							<String ID="string_379" HPOS="678" VPOS="1543" WIDTH="51" HEIGHT="28" WC="0.96" CONTENT="dags"/><SP WIDTH="16" VPOS="1543" HPOS="729"/>
							<String ID="string_380" HPOS="745" VPOS="1542" WIDTH="141" HEIGHT="28" WC="0.96" CONTENT="eftermiddag"/>
						</TextLine>
					</TextBlock>
				</ComposedBlock>
			</PrintSpace>
		</Page>
	</Layout>
</alto>
