1061 1761
230 130 54 20 1632
504 131 39 18 Den
559 129 26 20 29
601 131 104 17 December.

200 195 31 21 vit
252 194 124 27 ytterligare
391 193 94 28 uppläst,
501 193 167 23 öfverlemnades
684 193 32 22 till
731 193 99 22 ståndets
844 191 132 23 besvarande
991 199 27 15 en

200 223 92 22 sålunda
307 223 89 22 affattad
409 223 143 27 proposition:

272 269 8 10 »
284 252 43 27 Vill
348 251 160 28 Ridderskapet
529 251 40 22 och
591 251 69 22 Adeln
683 252 77 26 antaga
783 251 41 22 den
842 250 22 21 af
876 250 85 22 Preste-
978 249 41 23 och

201 281 188 26 Borgarestånden
404 281 7 20 i
423 281 176 27 jernvägsfrågan
614 279 76 28 gjorda
705 279 162 28 inbjudningen;

268 310 74 22 vinner
364 309 40 28 nej,
428 311 90 26 antages
539 309 104 22 likaledes
665 308 152 29 inbjudningen
838 308 49 22 med
908 308 111 22 uttalande

201 339 102 28 derjemte
319 338 22 22 af
354 339 40 21 den
411 338 81 22 önskan
508 340 31 20 att
554 338 24 22 åt
593 338 125 22 ständernas
733 338 73 22 beslut
820 337 66 22 måtte
902 336 67 28 gifvas
977 336 42 22 den

201 368 23 22 af
236 368 50 22 herr
300 367 105 23 Mechelin
420 367 121 28 föreslagna
555 366 148 28 affattningen;

269 398 8 20 i
291 396 106 23 hvardera
410 396 118 23 händelsen
542 396 94 22 förfaller
650 396 33 22 för
698 396 132 22 närvarande
845 395 74 27 frågan
934 402 35 16 om
984 402 33 15 sa-

200 426 54 23 kens
270 426 171 22 öfverlemnande
456 426 32 22 till
503 426 104 22 förstärkt
622 425 156 22 Statsutskotts
795 424 150 28 behandling".

270 455 82 22 Genom
367 455 70 22 denna
451 455 144 28 propositions
609 454 133 23 besvarande
757 454 49 22 med
814 453 156 28 öfvervägande
978 453 41 28 nej,

202 484 56 22 hade
281 483 87 22 ståndet
382 483 96 23 beslutat
493 485 33 20 att
540 483 90 22 omfatta
645 483 41 22 den
701 483 75 28 gjorda
790 483 158 28 inbjudningen,
965 483 55 22 dock

203 513 49 22 med
274 512 112 23 uttalande
401 513 23 21 af
438 520 26 15 en
480 513 80 22 önskan
576 513 33 21 att
624 513 125 22 ständernas
765 512 72 22 beslut
851 512 7 21 i
874 512 74 30 frågan
963 511 56 28 finge

202 542 92 27 följande
310 541 22 22 af
344 542 50 21 herr
409 542 106 21 Mechelin
525 541 120 27 föreslagna
659 542 92 27 lydelse:
784 541 52 26 Till
852 541 131 28 anläggande
999 540 21 22 af

199 571 167 27 jernvägslinien
387 570 413 26 Tammerfors—Etseri—Nikolaistad,
822 569 33 22 för
870 570 86 22 hvilken
970 569 50 22 hela

200 599 122 22 kostnaden
345 601 23 19 är
390 600 131 27 uppskattad
542 599 33 21 till
591 601 127 25 20,750,000
733 598 67 27 mark,
816 599 73 21 anvisa
904 598 116 22 ständerna

202 629 18 27 ej
236 628 82 22 mindre
333 627 284 23 kommunikationsfondens
633 628 122 26 behållning
770 627 35 22 vid
822 629 54 21 1877
885 628 34 21 års
930 628 88 26 utgång,

200 656 125 29 kalkylerad
348 657 31 21 till
402 658 97 26 omkring
521 658 113 26 8,662,000
656 657 60 21 mark
739 659 26 19 än
788 656 40 22 ock
851 656 27 22 de
900 656 120 28 tillgångar,

201 686 71 22 hvilka
294 692 77 21 genom
392 686 27 22 de
442 687 69 26 årliga
525 686 156 22 inkomsternas
697 685 119 23 öfverskott
830 686 59 22 öfver
903 685 117 28 utgifterne

200 715 69 22 under
284 715 74 27 loppet
373 715 22 21 af
408 715 143 22 instundande
565 714 154 28 femårsperiod
733 714 65 22 blifva
813 715 7 21 i
835 715 65 27 sagde
915 714 51 22 fond
976 714 43 22 dis-

200 744 92 28 ponibla,
308 743 84 23 hvadan
407 744 49 22 hela
471 744 96 26 anslaget
581 744 34 21 för
629 743 161 28 ifrågavarande
805 743 98 22 ändamål
918 744 67 21 under
992 743 27 21 ti-

202 773 40 21 den
264 772 47 22 från
334 773 39 21 och
395 773 49 21 med
467 773 24 21 år
507 774 54 20 1878
577 773 32 21 till
625 772 40 22 och
680 772 48 22 med
744 772 24 21 år
785 774 53 20 1882
853 772 43 22 kan
911 772 107 22 beräknas

202 802 32 21 till
251 803 126 25 17,900,000
392 801 67 27 mark,
476 801 155 22 ankommande
647 801 37 22 det
699 801 11 21 å
718 801 91 22 härnäst
817 801 202 23 sammanträdande

202 830 88 22 ständer
312 832 33 20 att
367 830 80 28 afgöra,
470 830 103 22 huruvida
589 830 26 22 de
631 830 31 21 till
679 829 137 23 omförmälde
829 830 190 28 jernvägsanlägg-

201 859 61 27 nings
285 858 149 23 fullbordande
457 859 121 22 derutöfver
593 858 137 27 erforderliga
744 859 71 22 medel
830 859 61 21 skola
905 861 28 19 än
947 859 73 22 vidare

201 887 47 22 från
265 887 272 22 kommunikationsfonden
552 888 53 27 utgå
620 887 52 22 eller
687 893 76 22 genom
778 888 36 21 lån
828 887 114 27 anskaffas,
957 887 62 23 hvar-

200 916 40 22 hos
256 917 23 21 åt
294 917 105 28 styrelsen
414 916 139 23 öfverlemnas
570 918 32 20 att
616 916 133 22 beträffande
764 917 128 27 tidpunkten
906 916 34 23 för
954 917 66 28 bygg-

200 945 152 23 nadsarbetets
373 945 131 28 påbörjande
520 947 55 20 samt
591 945 50 22 dess
656 945 124 22 fördelande
795 946 29 27 på
838 946 26 21 de
878 945 69 22 skilda
962 947 57 26 åren,

200 975 86 27 vidtaga
309 975 26 22 de
356 975 167 27 bestämningar,
545 981 52 21 som,
614 975 48 21 med
677 974 102 23 afseende
794 975 46 22 dels
856 975 13 21 å
884 975 26 21 de
925 975 7 21 i
947 975 72 22 ofvan-

202 1004 90 26 stående
306 1004 68 22 måtto
390 1004 101 22 anvisade
506 1004 76 27 medel,
599 1004 44 21 dels
661 1004 12 21 å
687 1004 142 28 tillgängarne
844 1004 29 27 pä
887 1004 132 22 arbetskraf-

201 1034 35 20 ter
257 1034 57 21 samt
331 1032 67 28 öfriga
414 1033 188 28 omständigheter,
619 1032 94 23 befinnas
729 1040 51 15 vara
794 1033 7 21 i
816 1032 136 23 ekonomiskt
967 1033 52 22 hän-

202 1062 79 22 seende
294 1061 171 28 fördelaktigast.

270 1090 51 22 Med
344 1091 114 28 anledning
480 1091 23 22 af
524 1092 59 21 detta
596 1090 73 22 beslut
684 1091 40 22 och
738 1091 28 27 på
781 1090 50 23 herr
845 1090 174 23 Landtmarskal-

201 1119 53 23 kens
276 1119 156 28 framställning
454 1120 71 22 beslöt
546 1120 87 22 ståndet
655 1122 33 20 att
710 1126 76 21 genom
806 1126 26 16 en
847 1120 126 27 deputation
987 1120 32 22 in-

200 1148 67 28 bjuda
281 1149 141 22 medstånden
437 1151 32 20 att
484 1149 73 22 förena
573 1149 32 27 sig
621 1155 34 15 om
671 1149 123 26 detsamma,
809 1149 51 21 derå
874 1148 51 24 herr
938 1150 81 21 Landt-

201 1177 136 22 marskalken
352 1178 119 22 anmodade
484 1179 74 20 herrar
573 1177 74 28 Rein,
663 1184 40 16 von
718 1178 148 26 Haartman,
882 1177 80 27 Rafael,
978 1178 41 21 och

201 1206 130 22 Mechelin
346 1207 32 21 att
392 1208 78 26 utgöra
486 1207 40 22 den
541 1206 132 28 deputation,
689 1213 46 15 som
750 1207 32 21 till
798 1206 139 23 medstånden
952 1207 67 22 borde

201 1234 101 23 framföra
316 1235 168 28 Ridderskapets
500 1235 41 23 och
555 1235 80 22 Adelns
649 1235 131 28 inbjudning.

269 1320 41 21 Till
326 1321 59 21 detta
399 1321 86 27 plenum
500 1321 55 22 hade
569 1321 110 27 bordlagts
695 1321 40 22 och
750 1320 110 28 föredrogs
875 1328 29 15 nu
912 1321 107 22 allmänna

201 1349 213 22 Besvärsutskottets
430 1349 294 28 sammanjemkningsförslag
738 1349 7 21 i
757 1349 113 28 anledning
878 1349 22 22 af
906 1350 113 27 petitions-

200 1377 135 23 memorialet
350 1384 34 16 om
399 1378 122 22 inrättande
536 1378 22 22 af
570 1378 70 22 finska
654 1378 223 23 fruntimmersskolor.

268 1407 56 22 Herr
340 1407 66 22 Rein
420 1407 68 22 utbad
503 1407 32 28 sig
549 1407 32 22 till
595 1407 56 23 först
666 1408 60 22 ordet
742 1407 39 23 och
796 1409 95 28 yttrade:
917 1407 34 22 Då
959 1408 60 22 detta

202 1436 296 28 sammanjemkningsförslag
521 1439 72 20 senast
611 1437 82 22 förevar
708 1437 57 22 inom
779 1437 36 22 det
830 1436 114 29 höglofliga
959 1437 58 22 stån-

202 1465 43 27 det,
268 1467 38 25 tog
326 1465 37 28 jag
377 1466 43 27 mig
435 1465 92 22 friheten
543 1467 68 21 uttala
626 1466 41 22 den
681 1466 117 28 förmodan,
814 1468 33 20 att
862 1466 156 28 behandlingen

202 1494 22 22 af
238 1494 60 23 detta
313 1495 78 22 ärende
406 1495 7 21 i
429 1494 26 23 de
471 1494 67 29 öfriga
553 1495 91 22 stånden
659 1495 68 22 skulle
741 1495 51 23 leda
801 1496 32 21 till
841 1502 80 16 samma
928 1496 88 29 utgång,

202 1530 46 15 som
269 1523 155 28 behandlingen
448 1523 22 22 af
490 1524 319 28 sammanjemkningsförslaget
824 1525 109 26 angående
947 1525 70 22 finska

201 1552 76 28 lyceer,
301 1553 40 22 och
363 1555 32 19 att
418 1553 91 27 således,
532 1553 44 23 ifall
591 1553 157 28 Ridderskapet
764 1554 40 22 och
819 1554 68 22 Adeln
902 1554 115 29 uppskjöte
