1064 1795
344 123 39 18 Den
401 122 24 19 15
441 125 103 18 December.
769 124 52 20 1457

37 185 53 27 grad
105 185 39 22 hos
160 186 85 21 lekmän
260 192 45 16 som
321 187 39 22 hos
376 189 89 26 prester.
496 188 45 22 Och
556 189 57 22 hvad
628 188 66 27 angår
701 188 110 29 uppgiften
819 190 32 21 att

36 215 8 21 i
58 214 128 28 religionens
201 215 91 23 intresse
307 217 66 21 verka
387 216 40 22 hos
443 219 121 26 trupperna,
582 218 24 21 så
621 218 54 21 skall
684 218 34 21 väl
727 219 77 20 sådant
812 218 39 22 ske

36 250 77 21 genom
128 244 27 21 de
170 246 91 25 prester,
277 251 46 15 som
338 245 36 22 vid
389 245 108 23 desamma
511 245 33 22 för
559 247 60 21 detta
634 246 97 22 ändamål
740 247 110 21 anställas.

35 273 44 22 Det
100 273 63 21 torde
184 273 7 21 i
207 273 115 22 allmänhet
336 280 51 15 vara
402 275 90 27 sällsynt
507 277 32 20 att
553 282 49 15 man
617 275 73 22 ställer
705 275 111 22 utöfvaren
832 275 23 22 af

35 303 98 26 prestens
149 301 44 22 kall
208 302 31 21 uti
253 302 109 23 soldatens
377 303 69 27 leder;
463 304 39 22 och
518 310 33 16 om
566 311 49 15 man
631 304 64 22 också
709 304 47 22 från
771 304 80 22 medel-

35 330 60 23 tiden
109 331 42 22 kan
167 331 92 28 åberopa
274 331 81 22 sådana
370 333 101 27 exempel,
487 333 33 22 till
534 333 40 22 och
590 333 48 22 med
652 333 64 22 bland
723 333 128 28 prelaterna,

36 360 25 21 så
84 361 23 21 är
126 360 60 21 detta
202 361 54 22 dock
270 360 49 23 icke
334 362 70 27 någon
419 362 96 22 särdeles
530 362 107 22 bindande
652 362 115 27 bevisning.
799 362 30 27 Ty
843 362 7 21 i

35 389 118 22 allmänhet
175 389 67 22 ordna
256 389 20 23 vi
291 389 47 23 icke
353 391 51 22 våra
418 391 93 22 militära
526 391 52 22 eller
592 392 66 21 andra
673 391 180 28 angelägenheter

36 419 49 21 med
99 418 87 28 ledning
201 418 23 22 af
237 419 117 22 anekdoter
367 419 47 23 från
429 421 135 22 medeltiden.

103 447 98 22 Friherre
216 453 41 16 von
272 448 80 27 Troil,
369 448 20 22 S.
407 448 41 22 W.:
478 450 47 21 Den
540 449 22 22 af
575 449 49 22 herr
632 449 105 22 Mechelin
745 449 106 22 anställda

33 475 138 29 jemförelsen
187 476 110 27 angående
312 477 170 28 Ridderskapets
491 479 39 20 och
541 478 79 22 Adelns
636 478 121 21 diskussion
772 477 79 22 beträf-

34 505 65 22 fande
121 506 131 27 antagandet
273 505 23 23 af
316 506 130 28 kyrkolagen
468 509 56 20 samt
538 507 173 22 Presteståndets
728 507 124 22 diskussion

35 535 111 27 angående
169 535 131 27 antagandet
322 535 22 22 af
357 535 153 28 värnepligten,
526 539 24 19 är
566 536 65 27 enligt
644 536 44 21 min
701 536 66 22 tanke
781 536 70 22 temli-

35 570 41 21 gen
91 563 107 23 haltande.
228 564 137 28 Kyrkolagen
379 565 117 22 innehåller
510 565 53 27 icke,
579 565 29 28 på
623 567 45 20 sätt
681 565 50 22 herr
745 565 108 22 Mechelin

35 593 59 27 sade,
110 593 76 22 endast
201 593 40 22 och
256 593 91 23 allenast
361 593 147 29 skyldigheter
524 595 39 22 och
578 594 133 27 åligganden,
727 600 46 16 som
781 595 71 27 åligga

35 623 173 28 presterskapet;
231 622 37 23 der
290 622 68 23 finnes
374 622 60 24 äfven
450 623 39 22 bra
504 624 84 27 mycket
603 623 23 22 af
639 623 150 28 skyldigheter,
806 630 46 15 som

36 651 70 28 åligga
127 651 174 28 församlingarne
320 652 40 22 och
374 652 87 29 kyrkan.
490 653 155 22 Hufvudsaken
660 653 32 22 uti
707 653 69 22 denna
790 652 61 28 fråga

36 683 24 20 är
81 681 106 22 huruvida
209 681 37 22 det
263 681 55 22 skall
333 688 51 15 vara
399 683 32 21 ett
446 682 159 28 samvetstvång
619 681 33 22 för
666 683 85 26 prester
766 683 33 20 att
813 689 39 14 un-

36 710 102 23 derkasta
160 711 33 27 sig
214 711 146 27 värnepligten
376 711 52 22 eller
442 711 52 22 icke.
525 711 38 22 Ett
576 711 97 22 likadant
687 711 166 27 samvetstvång,

36 746 47 15 som
104 740 146 27 värnepligten
272 740 43 21 kan
336 746 51 15 vara
408 739 32 23 för
459 742 89 25 prester,
563 741 42 22 kan
620 740 41 21 den
676 740 65 22 också
756 747 51 14 vara
822 740 33 22 för

36 768 73 28 hvarje
131 775 70 15 annan
223 769 139 27 medborgare
384 769 142 27 i-samhället,
543 769 39 22 och
598 769 26 22 då
640 768 70 23 derför
723 769 66 27 några
805 775 48 22 spe-

35 798 54 21 ciela
104 797 47 22 skäl
166 797 33 22 för
213 799 94 26 presters
315 797 180 28 undandragande
502 798 46 21 från
563 798 146 27 värnepligten
723 798 48 22 icke
780 797 70 23 blifvit

36 826 139 27 framställda,
190 826 69 22 måste
272 827 38 27 jag
324 827 33 21 för
371 826 43 22 min
430 827 34 22 del
479 827 92 22 vidhålla
585 827 49 22 mitt
647 827 86 27 förslag.

104 855 55 22 Herr
174 855 144 22 Järnefelt:
348 855 42 28 Jag
405 856 67 27 ansåg
488 855 37 22 det
539 855 33 24 för
588 858 31 20 ett
634 856 76 27 skämt,
726 856 81 22 hvilket
815 856 37 27 jag

36 885 47 21 icke
105 884 43 22 kan
170 885 67 21 räkna
259 885 32 21 till
314 885 36 21 det
368 885 56 26 goda
440 885 98 27 skämtet,
554 885 22 22 af
589 885 89 22 friherre
693 891 40 16 von
749 885 56 21 Troil
821 887 32 19 att

36 913 162 29 presterskapet
213 913 69 22 skulle
299 913 86 28 deltaga
399 913 7 22 i
421 914 151 28 värnepligten.
602 914 42 27 Jag
658 913 68 23 finner
740 920 29 16 nu
777 915 32 21 att
816 913 36 22 fri-

36 943 63 22 herre
113 949 42 15 von
170 943 58 21 Troil
242 942 36 22 vill
292 942 68 22 förmå
376 948 34 16 oss
426 944 34 20 att
474 945 40 25 tro,
530 944 33 21 att
578 943 37 22 det
630 945 24 19 är
668 943 53 22 hans
733 943 72 27 allvar,
814 942 40 22 och

36 972 49 22 med
101 972 81 28 ganska
197 974 45 20 stor
256 971 110 28 förvåning
381 972 38 22 har
431 972 38 28 jag
483 972 69 22 funnit
567 972 144 28 dettaförslag
725 972 129 22 understöd-

34 1002 41 27 jas.
105 1001 64 22 Emot
191 1000 75 28 sjelfva
288 1001 67 22 saken
376 1001 40 21 har
434 1001 67 22 redan
522 1001 50 22 herr
586 1001 105 22 Mechelin
706 1001 60 27 talat,
782 1001 25 22 så
822 1002 33 20 att

37 1031 41 21 den
99 1030 48 22 icke
162 1030 61 22 torde
238 1030 92 22 behöfva
344 1030 72 22 vidare
431 1030 146 28 vederläggas.
607 1030 41 28 Jag
661 1031 107 27 begagnar
782 1030 72 22 tillfäl-

36 1060 31 21 let
82 1059 55 23 blott
151 1059 33 21 till
199 1061 32 20 att
245 1059 87 27 inlägga
345 1059 43 22 min
402 1060 85 27 protest
502 1061 57 21 emot
574 1060 32 21 att
621 1060 84 22 skämta
719 1059 8 22 i
743 1066 25 15 en
783 1060 25 21 så
816 1058 37 23 all-

36 1095 84 15 varsam
134 1088 60 28 fråga
209 1094 45 16 som
270 1088 74 22 denna.

105 1118 55 22 Herr
181 1117 206 22 Landtmarskalken
408 1116 71 24 afbröt
500 1118 39 22 här
553 1118 49 21 herr
617 1116 104 24 Järnefelt
735 1117 49 22 med
800 1117 54 22 erin-

37 1153 45 20 ran,
99 1147 36 21 det
149 1146 44 22 han
207 1146 47 22 icke
270 1146 66 27 ansåg
351 1146 71 28 dylika
436 1146 100 27 invektiv,
553 1152 46 16 som
614 1146 27 22 de
656 1146 23 22 af
691 1146 50 22 herr
751 1146 104 22 Järnefelt

37 1172 130 58 begagnade,
183 1182 51 15 vara
248 1175 105 27 förenliga
368 1176 49 22 med
432 1175 42 23 den
488 1176 191 27 parlamentariska
685 1176 92 26 formen;
792 1176 63 22 hvar-

38 1206 54 21 efter

106 1234 55 22 Herr
176 1233 136 23 Järnefelt
326 1233 111 23 fortsatte:
467 1234 41 27 Jag
523 1234 39 22 har
578 1233 87 23 dermed
679 1234 47 22 icke
735 1235 71 21 ämnat
813 1233 42 22 för-

38 1264 85 26 olämpa
143 1263 76 27 någon,
240 1262 38 28 jag
299 1262 39 22 har
360 1263 76 22 endast
455 1264 79 21 uttalat
548 1264 43 21 min
606 1262 135 28 uppfattning
756 1263 7 21 i
778 1263 77 26 saken;

38 1294 33 20 att
86 1292 54 22 strid
155 1292 40 22 och
210 1292 180 28 blodsutgjutelse
404 1291 68 23 strida
488 1294 56 20 emot
560 1293 40 21 den
616 1292 60 26 anda,
687 1298 46 16 som
742 1292 114 27 genomgår

37 1322 39 22 vår
90 1321 83 22 kristna
187 1321 97 26 religion,
300 1321 61 22 torde
375 1321 63 27 ingen
454 1320 50 28 vilja
518 1322 61 21 neka.
609 1321 43 21 Det
666 1324 23 19 är
703 1322 56 21 blott
770 1328 26 14 en
803 1321 52 21 nöd-

38 1350 121 27 fallsutväg,
184 1349 38 22 der
243 1349 49 22 våld
314 1349 69 22 måste
403 1351 69 20 mötas
488 1351 48 20 med
551 1349 54 23 våld.
636 1350 38 21 Att
688 1350 50 27 vilja
753 1349 32 22 till
801 1349 54 27 dem,

40 1385 46 16 som
107 1379 74 21 utöfva
200 1378 55 27 våld,
271 1378 89 22 hänföra
376 1379 61 21 detta
452 1378 70 27 stånd,
538 1378 265 28 religionslärareståndet,
819 1379 38 20 vår

39 1409 80 21 Herres
134 1408 88 26 tjenare,
239 1407 71 22 såsom
326 1407 26 21 de
368 1407 66 22 också
448 1407 76 26 kallas,
540 1414 63 15 anser
616 1407 38 26 jag
668 1407 47 22 icke
730 1407 125 26 varalämp-

39 1437 46 26 ligt.
115 1436 66 20 Detta
197 1441 62 15 anser
271 1435 39 26 jag
325 1435 68 20 strida
408 1437 58 19 emot
480 1435 49 21 hela
544 1435 42 21 den
605 1435 41 26 idé,
662 1441 45 14 som
722 1435 133 26 presterska-

39 1465 38 26 pet
91 1463 39 22 har
145 1465 32 20 att
192 1463 116 27 beskydda.
338 1463 42 26 Jag
394 1463 42 21 kan
452 1463 84 22 således
552 1469 25 15 ur
584 1463 43 21 min
638 1463 102 26 synpunkt
750 1463 46 21 icke
806 1469 51 15 anse

41 1493 37 21 det
99 1498 52 15 vara
174 1492 71 25 allvar,
266 1491 39 22 och
321 1491 39 22 har
372 1491 37 28 jag
424 1491 122 28 derigenom
561 1491 112 22 mankerat
687 1491 77 28 någon,
780 1491 25 21 så
818 1491 39 22 har

41 1522 37 22 det
91 1521 47 22 icke
154 1521 55 22 varit
223 1521 42 21 min
280 1521 90 26 mening.
400 1520 49 22 Men
465 1527 46 15 som
527 1521 69 26 sagdt,
613 1520 67 27 enligt
693 1521 43 21 min
744 1520 64 22 tanke
817 1520 40 22 och

41 1549 134 30 uppfattning
198 1549 23 23 af
240 1549 73 28 saken,
337 1549 78 22 strider
437 1549 37 22 det
492 1549 46 22 helt
553 1549 39 22 och
607 1549 68 22 hållet
691 1551 57 20 emot
763 1549 36 22 det
814 1549 43 22 kall
