1070 1825
399 129 39 18 Den
457 128 24 18 14
496 130 80 18 Jannari.
800 128 53 20 1829

139 190 74 22 vinner
226 191 42 27 nej,
284 190 103 23 förklarar
401 193 157 27 Ridderskapet
572 193 40 21 och
627 192 68 22 Adeln
711 193 32 20 att
753 192 67 22 sedan
828 192 59 22 stån-

72 218 37 22 det
123 220 96 26 godkänt
234 219 177 23 Statsutskottets
427 222 13 20 å
455 228 47 20 pag.
519 224 26 20 32
560 222 23 21 af
595 221 119 22 utskottets
729 221 105 21 allmänna
849 227 38 15 an-

71 248 203 27 slagsbetänkande,
296 249 157 27 Ridderskapet
475 250 40 21 och
537 250 68 22 Adeln
626 256 63 15 anser
703 250 66 26 något
784 249 104 22 särskildt

69 276 73 22 beslut
162 277 8 21 i
192 277 113 27 anledning
327 277 22 22 af
369 278 175 23 Presteståndets
566 278 125 27 inbjudning
711 278 48 22 icke
781 285 51 15 vara
846 278 40 27 på-

70 305 102 21 kalladt*.

138 334 34 21 Dä
194 333 68 22 denna
284 335 133 26 proposition
441 335 128 22 besvarades
594 335 49 21 med
668 334 154 28 öfvervägande
845 335 41 26 nej,

69 362 55 21 hade
146 363 87 20 ståndet
255 363 95 21 beslutat
371 364 32 21 till
426 363 120 28 afgifvande
567 364 23 21 af
610 364 63 21 den
663 358 14 38 i
691 363 196 28 nejpropositionen

70 391 128 21 omnämnda
212 391 122 28 förklaring.
801 390 2 2 I

138 477 104 28 Slutligen
256 478 111 27 föredrogs
383 478 193 27 Borgareständets
591 479 35 21 vid
641 478 60 22 detta
716 479 86 26 plenum
810 484 76 21 genom

69 513 26 15 en
109 507 127 27 deputation
251 507 155 22 öfverlemnade
421 508 197 27 protokollsutdrag
633 507 22 21 af
671 507 93 22 innehåll
787 509 31 19 att
833 507 53 21 Bor-

69 535 138 28 gareständet
222 536 47 22 icke
284 536 82 21 mindre
382 536 31 21 till
429 537 41 21 alla
486 537 58 22 delar
560 537 82 26 antagit
660 536 168 27 Ridderskapets
845 535 40 22 och

68 565 80 21 Adelns
163 565 125 27 inbjudning
302 565 32 21 till
349 567 34 19 att
397 565 74 22 förena
486 567 33 26 sig
533 567 8 20 i
556 566 168 26 Ridderskapets
747 565 40 21 och
805 565 81 21 Adelns

68 594 73 22 beslut
155 593 36 23 vid
206 594 156 27 behandlingen
378 593 22 22 af
413 594 317 28 sammanjemkningsförslaget
745 594 6 21 i
766 593 74 27 frägan
852 599 35 16 om

69 623 149 27 dissenterlag,
234 625 52 20 utan
302 622 122 23 derutöfver
438 624 94 21 beslutat
550 624 93 21 förklara
665 623 161 27 ifrägavarande
841 622 45 28 lag-

69 651 187 28 stiftningsärende
271 658 51 16 vara
337 658 26 15 en
379 652 160 28 angelägenhet,
556 652 41 22 den
612 653 38 21 der
664 652 48 21 icke
727 652 66 21 borde
808 651 22 21 fä
844 651 42 22 för-

68 680 57 27 falla,
149 682 55 20 samt
226 682 33 21 att
280 681 88 27 inbjuda
389 682 141 21 medständen
548 683 32 20 att
595 687 34 16 om
645 681 112 21 enahanda
771 680 116 28 förklaring

68 710 33 27 sig
115 709 81 22 förena.

136 739 56 21 Herr
206 739 180 27 Montgomery
402 739 70 22 anhöll
487 739 54 22 först
556 745 34 15 om
605 739 62 22 ordet
682 738 39 22 och
736 738 94 28 yttrade:
846 738 42 27 Jag

68 767 67 27 vägar
149 768 79 21 föreslä
243 769 33 20 att
291 768 158 27 Ridderskapet
464 768 39 22 och
518 768 68 22 Adeln
601 770 76 25 genast
697 768 69 21 skulle
780 767 55 22 fatta
849 767 38 21 be-

69 796 43 22 slut
127 797 49 21 med
191 796 114 28 anledning
320 796 23 22 af
357 797 69 21 denna
441 797 130 27 inbjudning,
587 798 27 20 dä
627 798 37 26 jag
678 797 47 21 icke
740 797 41 21 kan
792 802 52 16 anse
854 797 33 20 att

68 826 23 21 L.
109 826 24 22 O.
150 827 68 20 sätter
232 825 76 22 hinder
323 828 58 20 emot
396 828 32 20 ett
443 826 77 21 sädant
534 826 121 22 förfarande
669 826 8 21 i
697 826 73 21 saken.
799 825 87 21 Förhäl-

68 855 75 21 landet
157 857 25 19 är
195 855 106 27 nemligen
317 855 77 21 sädant
409 856 32 20 att
456 855 153 27 Lagutskottet
623 855 69 21 mäste
708 854 158 22 sammanträda
880 854 7 21 i

69 884 142 27 eftermiddag
223 884 47 27 just
284 884 49 22 med
348 884 101 22 afseende
464 884 13 21 å
490 884 147 27 föreliggande
651 883 61 27 fråga
731 883 40 21 och
787 885 32 19 att
833 883 7 21 i
856 882 30 22 af-

69 913 80 22 seende
164 913 13 21 å
192 913 38 21 det
244 912 67 22 första
325 913 8 20 i
347 913 159 27 propositionen
521 913 104 27 ingående
639 912 247 27 författningsförslaget,

68 948 35 15 om
118 941 118 22 dissenters
252 941 40 22 och
306 942 81 21 kristen
402 941 182 27 trosbekännelse,
599 943 33 20 tre
655 941 73 21 ständs
743 941 73 22 beslut
830 940 56 21 före-

67 971 68 26 ligger
150 969 23 22 af
184 970 94 21 innehäll
294 972 32 19 att
341 977 26 14 en
383 970 68 21 sädan
465 970 35 27 lag
514 971 39 21 bör
568 969 78 27 stiftas,
670 969 72 22 dervid
763 969 100 22 besluten
878 969 7 20 i

68 999 58 22 vissa
141 999 59 22 delar
216 1001 36 19 äro
268 999 238 27 öfverensstämmande,
522 1000 7 21 i
549 999 66 22 andra
636 999 54 21 icke.
720 998 11 22 I
752 997 52 28 följd
826 997 63 22 häraf

68 1028 62 21 torde
145 1029 28 20 74
188 1027 12 28 8
214 1027 8 22 i
236 1027 24 22 L.
277 1028 24 21 O.
317 1027 56 28 gifva
388 1027 112 28 anledning
515 1028 33 22 till
563 1029 33 20 att
610 1027 132 22 beträffande
761 1027 69 22 denna
844 1026 42 22 för-

68 1059 35 20 sta
123 1056 127 27 författning
271 1057 103 22 förstärkt
395 1057 132 26 Lagutskott
548 1057 70 22 mäste
634 1055 74 28 afgöra
722 1056 74 25 saken,
811 1056 7 21 i
832 1055 53 22 hän-

69 1086 59 22 delse
143 1086 48 21 icke
206 1086 41 21 den
261 1085 47 22 frän
323 1086 157 27 Ridderskapet
495 1086 39 22 och
549 1086 70 21 Adeln
638 1085 109 28 utgängna
761 1084 125 28 inbjudning

68 1116 123 27 godkännes
207 1115 23 21 af
242 1115 146 22 medständen.
419 1115 10 21 I
443 1115 59 28 fråga
517 1121 34 16 om
567 1115 37 22 det
618 1115 68 21 andra
707 1113 179 28 författningsför-

68 1145 77 26 slaget,
162 1144 66 26 enligt
243 1145 117 20 utskottets
375 1144 142 27 betänkande,
533 1150 46 15 som
594 1144 38 27 gär
646 1145 25 20 ut
692 1144 29 27 pä
743 1145 33 20 att
797 1142 89 28 urskilja

69 1173 26 21 de
109 1172 124 28 paragrafer
247 1173 8 21 i
270 1173 77 26 nädiga
361 1173 165 27 propositionen,
535 1173 71 22 hvilka
613 1173 67 22 borde
689 1173 79 21 erhälla
777 1171 109 28 egenskap

68 1201 22 23 af
104 1202 110 27 grundlag,
230 1202 24 21 sä
268 1201 115 27 föreligger
398 1201 37 22 det
450 1201 137 27 förhällande,
604 1203 32 20 att
650 1201 163 23 Bondeständet
820 1200 64 22 afsla-

67 1232 32 26 git
113 1230 317 28 sammanjemkningsförslaget
445 1231 65 21 också
524 1231 8 21 i
547 1231 68 21 denna
629 1230 40 22 del.
699 1231 10 21 I
717 1230 103 22 händelse
827 1230 57 20 Bon-

68 1260 115 21 deständet
197 1260 47 21 icke
259 1266 29 14 nu
304 1259 68 22 skulle
387 1259 29 27 gä
430 1260 22 20 in
465 1260 29 26 pä
508 1259 193 27 Borgareständets
716 1258 130 28 inbjudning,
860 1258 25 22 sä

67 1288 95 22 kommer
183 1288 152 27 författningen
349 1288 8 20 i
372 1287 69 22 denna
463 1288 35 21 del
520 1290 32 20 att
566 1287 89 23 förfalla.
686 1288 30 27 Ty
730 1288 8 20 i
753 1288 63 26 ingen
830 1287 54 21 hän-

69 1317 59 22 delse
149 1317 49 26 kan,
222 1317 72 21 såsom
315 1316 181 28 Borgareständet
518 1323 62 21 synes
595 1316 122 26 förutsätta,
733 1316 8 21 i
756 1315 100 22 afseende
872 1315 13 21 ä

68 1346 61 22 detta
142 1345 216 27 författningsförslag
372 1345 152 27 ifrågakomma
538 1347 32 20 att
585 1346 90 21 ärendet
689 1345 104 21 förklaras
808 1344 48 22 icke
863 1344 22 21 få

67 1374 89 28 förfalla,
174 1375 27 21 då
216 1381 26 15 en
257 1374 68 22 sådan
338 1374 117 28 förklaring
468 1374 48 22 icke
530 1374 42 22 kan
588 1381 40 21 ega
650 1380 46 16 rum
718 1374 92 22 rörande
826 1373 59 21 stad-

67 1404 85 27 ganden
166 1404 23 21 af
202 1404 186 27 grundlagsnatur.
418 1404 102 21 Deremot
534 1409 50 16 vore
600 1404 43 26 det,
659 1404 55 20 huru
729 1405 26 19 än
772 1403 26 21 de
807 1404 77 20 tvenne

67 1432 68 27 öfriga
156 1433 102 21 ståndens
280 1432 73 22 beslut
374 1433 35 21 må
430 1432 82 26 utfalla,
528 1433 28 27 på
571 1433 66 21 saken
653 1432 113 26 verkande,
783 1438 34 15 om
832 1431 51 22 Rid-

67 1461 115 27 derskapet
204 1461 40 21 och
267 1461 90 20 Adeln
348 1456 15 36 i
378 1461 74 25 frågan
475 1466 33 15 om
530 1460 241 26 författningsförslaget
792 1460 94 20 rörande

67 1489 140 22 icke-kristne
222 1488 175 26 trosbekännare,
413 1488 119 21 förklarade
548 1490 33 20 att
600 1489 70 21 denna
691 1488 124 26 förordning
836 1488 48 21 icke

67 1517 32 22 får
113 1517 90 26 förfalla,
220 1517 87 21 emedan
323 1517 38 22 der
376 1517 37 21 två
427 1517 61 21 stånd
505 1518 87 20 stannat
607 1518 58 20 emot
679 1516 42 21 två.
747 1516 137 22 Beträffande

66 1546 138 28 lagförslaget
219 1553 34 14 om
268 1552 77 16 ansvar
359 1545 32 22 för
405 1545 176 28 proselytmakeri
596 1545 62 22 torde
680 1545 67 22 också
761 1547 33 20 tre
810 1546 74 21 stånds
