1061 1803
240 136 52 21 1528
511 138 39 17 Den
568 137 23 19 17
608 138 103 17 December.

209 200 120 22 traktande.
358 200 44 22 Det
424 201 24 20 är
471 201 69 25 sannt,
564 201 32 20 att
618 199 180 27 vakansafgiftens
814 199 128 27 erläggande
958 198 66 27 angår

208 229 34 22 för
263 230 38 21 det
321 230 70 20 mesta
411 228 57 22 blott
491 230 32 20 ett
545 228 69 27 stånd,
638 228 40 22 och
696 228 37 22 det
751 228 97 22 ståndets
864 228 160 26 kommitenter;

209 264 49 16 men
273 258 36 21 det
323 258 42 20 kan
379 257 48 22 icke
442 258 49 21 med
507 257 51 27 godt
573 258 94 21 samvete
682 256 107 23 bestridas
805 258 33 20 att
851 258 57 20 rust-
919 256 40 22 och
967 258 57 20 rote-

208 286 97 22 hållarne
320 288 36 20 äro
372 292 77 21 genom
463 285 207 28 indelningsverkets
685 285 112 23 införande
812 285 95 22 befriade
920 285 47 22 från
977 291 48 21 per-

209 315 70 27 sonlig
301 315 67 28 tjenst
389 315 36 21 vid
439 315 107 21 militären
560 315 33 21 för
608 315 38 26 sig,
664 314 47 22 sina
725 315 53 21 barn
794 315 40 21 och
849 315 38 21 sitt
902 314 50 22 folk.
982 314 44 22 Det

209 344 43 21 kan
272 343 49 22 icke
335 343 68 22 heller
416 344 82 26 påstås,
515 345 32 20 att
561 344 47 21 icke
624 343 140 27 erläggandet
779 343 23 22 af
815 342 172 27 vakansafgiften
1002 344 24 20 är

210 374 32 21 ett
256 372 119 27 utgörande
390 371 47 22 från
452 372 62 22 deras
530 372 47 21 sida
592 371 23 22 af
627 372 57 21 hvad
699 372 26 21 de
735 378 76 21 genom
818 371 207 28 indelningsverkets

209 401 144 28 organisation
370 401 68 26 åtagit
453 401 40 27 sig.
522 401 44 21 När
581 401 27 22 de
622 407 29 15 nu
666 401 65 21 likväl
745 401 65 27 åtaga
826 400 32 27 sig
868 401 110 26 personlig
987 400 39 21 mi-

209 430 117 27 litärtjenst
339 430 8 21 i
362 429 96 28 fredstid,
475 429 101 28 öfningar,
593 429 51 22 flere
658 429 35 22 års
710 430 89 21 stående
814 429 7 22 i
836 429 43 26 led,
895 429 24 22 så
933 429 43 22 kan
988 430 38 27 jag

209 459 48 22 icke
278 459 53 26 inse,
354 459 34 20 att
409 458 37 22 det
467 459 48 21 icke
535 461 24 18 är
573 459 48 21 med
637 458 28 21 all
679 459 91 21 rättvisa
785 457 239 28 öfverensstämmande,

209 489 33 20 att
263 487 49 22 dem
331 487 55 22 skall
400 487 123 22 vederfaras
538 487 70 27 någon
622 487 93 27 lindring
729 487 8 21 i
751 487 132 26 utgörandet
897 486 23 23 af
933 487 92 21 vakans-

209 516 94 27 afgiften.
333 516 41 27 Jag
396 517 63 26 säger
477 516 70 27 någon
564 515 102 28 lindring;
682 518 23 25 ty
719 516 14 21 å
746 516 68 21 andra
829 515 61 22 sidan
904 515 69 22 måste
989 515 37 22 det

209 547 60 25 tagas
285 545 8 21 i
307 544 148 27 betraktande,
472 546 33 20 att
519 545 68 21 under
602 544 94 22 tidernas
711 544 66 27 längd
791 546 81 25 tungan
887 544 137 22 förminskats

209 579 77 22 genom
296 575 33 20 att
343 573 41 22 den
400 573 107 28 öfvergått
521 573 46 22 från
581 579 49 16 man
645 573 32 21 till
692 579 55 20 man,
763 573 41 22 och
818 574 31 21 att
859 573 166 22 innehafvandet

210 602 22 21 af
252 602 153 27 lägenheterna
426 608 89 15 numera
537 603 92 26 grundar
651 602 33 27 sig
700 603 28 26 på
743 601 227 23 öfverenskommelser
985 601 41 22 och

209 631 50 27 köp,
274 630 73 22 hvilka
361 637 45 15 mer
421 630 52 22 eller
487 631 81 21 mindre
583 631 104 27 utjemnat
702 633 87 24 tungan,
806 631 40 21 och
856 632 33 20 att
898 631 49 22 med
958 631 69 22 denna

210 661 68 25 tunga
292 659 102 22 förhåller
408 659 33 27 sig
455 665 47 16 som
517 659 48 22 med
580 659 72 26 andra,
669 659 156 27 oföränderliga
840 659 83 22 direkta
937 659 88 27 skatter,

212 689 33 21 att
259 688 62 21 deras
337 687 129 28 erläggande
481 688 48 21 åter
542 688 61 22 faller
617 688 72 21 såsom
704 695 26 15 en
746 694 122 21 gemensam
883 690 67 25 tunga
966 687 60 23 äfven

210 717 29 27 på
260 717 43 21 alla
326 717 67 27 öfriga
407 717 140 27 medborgare
562 717 7 21 i
585 717 119 21 samhället.
734 717 50 21 Men
799 717 65 22 likväl
878 718 45 20 står
939 717 36 21 det
990 722 36 16 en-

210 746 40 26 ligt
271 745 43 21 min
337 745 57 27 åsigt
414 745 50 27 fast,
488 747 33 20 att
542 745 66 28 något
622 745 70 22 måste
706 746 104 26 vidtagas.
840 746 43 21 Det
897 745 62 22 torde
975 752 52 15 vara

210 774 33 22 för
265 774 37 22 det
321 773 115 28 höglofliga
458 774 86 22 ståndet
562 774 75 27 kändt,
652 776 33 20 att
698 774 164 22 Bondeständet
876 781 26 15 ur
917 776 13 20 2
945 774 11 28 $
971 774 7 22 i
992 776 35 20 ut-

210 803 93 21 skottets
325 802 81 27 förslag
428 803 100 22 uteslutit
550 803 66 22 orden
639 804 33 21 att
693 802 169 28 vakansafgiften
883 804 96 21 kommer
994 805 33 20 att

210 831 117 23 tillsvidare
350 832 106 27 erläggas.
485 832 42 26 Jag
548 832 40 22 har
610 832 40 22 den
673 831 156 29 öfvertygelsen
851 833 32 21 att
907 832 60 22 detta
988 832 39 22 har

210 860 66 27 skett,
299 860 90 22 emedan
412 860 59 22 såväl
493 860 135 28 inledningen
650 861 32 21 till
700 861 78 27 nådiga
792 861 161 27 propositionen
967 861 59 21 inne-

210 889 69 22 håller
301 890 32 21 ett
353 895 162 22 resonnemang,
538 896 46 16 som
599 890 90 27 antyder
704 890 40 22 och
760 890 62 26 afser,
839 891 33 21 att
885 890 46 22 låta
945 891 81 26 tungan

211 918 143 27 evinnerligen
376 918 57 22 hvila
454 918 29 28 på
504 921 44 19 rot-
571 918 40 22 och
629 919 148 27 rusthållarne,
793 919 68 22 ehuru
877 919 26 22 de
918 926 29 14 nu
963 919 64 27 åtaga

211 947 33 27 sig
265 946 109 28 personlig
391 947 157 28 militärtjenst;
563 947 91 22 likasom
670 949 32 20 att
716 948 118 22 utskottets
850 954 155 22 resonnemang
1019 948 8 21 i

211 982 81 15 samma
312 975 66 27 fråga,
399 976 82 21 hvilket
495 982 26 15 ur
535 982 27 15 en
578 982 69 16 annan
662 977 107 27 synpunkt
784 976 66 28 enligt
864 977 43 21 min
922 977 65 21 tanke
1003 979 24 19 är

211 1004 99 27 ensidigt,
327 1004 82 22 skrämt
422 1004 50 22 med
487 1005 101 27 utsigten,
604 1006 33 20 att
654 1005 59 21 detta
729 1006 73 21 kunde
811 1005 65 22 blifva
885 1006 141 26 landtdagens

211 1033 78 22 beslut.
320 1032 46 30 Och
388 1033 106 27 slutligen,
518 1034 28 21 då
567 1034 108 21 utskottet
692 1033 90 23 föreslår
797 1035 33 21 att
844 1034 70 22 denna
929 1034 99 28 paragraf

211 1062 54 21 skall
287 1060 66 23 blifva
374 1062 111 27 grundlag,
501 1062 55 22 hvad
572 1062 90 27 betyder
676 1062 61 23 detta
751 1062 118 23 tillsvidare
884 1063 7 21 i
907 1070 26 15 en
948 1064 78 26 grund-

210 1090 50 27 lag?
289 1089 42 22 Det
354 1091 25 20 är
397 1090 7 21 i
419 1091 33 26 sig
467 1090 50 28 sjelf
530 1090 66 28 något
610 1090 113 29 oformligt.
752 1091 51 22 Men
818 1092 36 21 det
870 1093 23 20 är
907 1091 48 22 icke
970 1091 56 23 oför-

211 1119 93 27 klarligt,
320 1119 33 21 att
367 1119 162 22 Bondeståndet
543 1119 39 22 har
596 1119 55 27 tagit
666 1121 67 20 saken
748 1120 31 27 så,
791 1126 46 16 som
848 1127 34 15 om
890 1121 70 21 denna
967 1120 60 22 skatt

211 1148 85 21 komme
321 1149 32 20 att
374 1147 103 28 påläggas
500 1148 118 22 detsamma
639 1148 33 22 för
694 1149 108 27 evärdelig
824 1149 38 22 tid.
899 1149 43 22 Det
964 1150 62 21 torde

210 1176 66 22 likväl
297 1182 52 16 vara
368 1175 150 28 förhållandet,
534 1178 33 21 att
581 1178 33 21 tre
629 1177 75 22 stånds
719 1177 72 22 beslut
805 1178 7 21 i
828 1177 69 22 denna
911 1177 60 28 fråga
986 1178 41 22 blir

211 1205 122 26 afgörande.
362 1205 50 22 Men
434 1205 37 22 det
492 1211 51 16 vore
566 1207 31 20 ett
611 1205 65 22 hårdt
690 1206 77 28 beslut,
784 1213 34 15 om
834 1207 36 21 det
885 1207 70 22 skulle
969 1207 58 27 gälla

211 1233 33 22 för
265 1233 74 27 längre
360 1233 32 22 tid
414 1235 28 20 än
464 1234 27 21 de
506 1233 68 23 första
586 1234 42 21 fem
643 1235 62 26 åren;
722 1235 37 21 det
773 1241 51 16 vore
840 1236 32 21 ett
885 1235 78 27 beslut,
979 1241 47 16 som

212 1261 66 22 också
292 1261 105 27 svårligen
413 1261 70 23 skulle
497 1262 111 27 fördragas
625 1262 23 22 af
660 1262 85 22 landets
768 1263 98 27 allmoge.
897 1264 79 22 Hvilka
990 1265 35 21 ut-

211 1292 65 25 vägar
297 1290 71 22 skulla
386 1290 74 22 kunna
481 1291 73 27 väljas,
569 1290 34 22 för
618 1293 34 19 att
666 1291 85 22 komma
765 1292 54 22 ifrån
834 1298 26 16 en
876 1292 67 22 sådan
959 1294 67 20 orätt-

211 1319 52 25 visa,
278 1318 65 27 vågar
355 1318 37 27 jag
406 1318 48 22 icke
469 1326 30 14 nu
513 1318 124 23 framställa.
667 1320 49 22 Men
729 1320 38 28 jag
781 1322 51 25 tror,
849 1322 33 20 att
897 1321 40 21 den
955 1321 70 21 skulle

211 1347 110 21 förorsaka
337 1352 26 16 en
377 1346 123 27 förbittring
514 1354 46 14 som
574 1348 48 20 icke
631 1350 59 18 snart
697 1349 68 21 skulle
773 1349 68 21 läkas.
856 1349 41 26 Jag
904 1350 65 26 vågar
978 1350 47 21 der-

211 1374 33 22 för
258 1375 109 21 vördsamt
374 1374 84 27 föreslå,
467 1376 33 20 att
506 1374 115 28 höglofliga
628 1376 86 21 ståndet
724 1377 68 21 måtte
800 1377 157 22 återremittera
966 1377 59 21 detta

211 1402 183 28 petitionsförslag
408 1402 33 22 till
450 1403 113 27 utskottet,
572 1402 33 23 för
613 1406 33 19 att
654 1404 77 22 ändras
739 1404 7 22 i
755 1405 37 21 det
800 1404 60 28 syfte,
873 1407 32 19 att
911 1405 60 22 Hans
979 1405 46 22 Ma-

209 1433 68 26 jestät
291 1431 68 22 måtte
374 1431 86 28 nådigst
473 1432 67 22 redan
554 1432 32 21 till
601 1434 63 20 nästa
678 1433 103 27 landtdag
790 1433 128 22 öfverlemna
927 1435 97 26 proposi-

213 1461 44 21 tion
272 1460 7 21 i
296 1460 60 22 detta
369 1462 67 19 ämne.
452 1461 43 21 Det
502 1461 41 22 kan
551 1460 125 23 formuleras
684 1463 27 26 på
719 1463 77 26 många
804 1465 50 24 sätt,
863 1463 56 22 hvad
926 1464 97 27 proposi-

211 1496 42 16 nen
267 1489 66 22 borde
348 1489 112 22 innehålla.
491 1490 43 22 Min
548 1491 86 27 mening
648 1493 24 20 är
687 1492 77 21 endast
779 1491 47 27 den,
843 1493 32 21 att
889 1492 134 23 Bondestån-

212 1519 37 22 det
270 1519 35 21 må
326 1519 80 21 lemnas
429 1519 68 26 utsigt
514 1519 33 22 till
562 1521 32 20 att
608 1519 67 22 redan
689 1520 36 21 vid
740 1522 64 20 nästa
818 1521 102 28 landtdag
935 1528 25 15 en
975 1528 48 21 pro-

212 1547 93 28 position
326 1547 7 22 i
355 1549 71 20 ämnet
448 1548 42 21 kan
512 1550 82 25 väntas,
617 1549 40 22 och
678 1549 141 23 tillförsäkras
840 1552 32 20 att
887 1551 36 22 det
937 1551 47 22 icke
999 1554 24 19 är
