1050 1795
390 127 39 19 Den
445 128 12 18 5
473 128 79 18 Januari.
799 129 53 19 1667

66 194 34 16 om
122 189 37 22 det
174 196 41 21 nya
229 189 103 29 förslaget
346 190 86 28 införes,
449 193 25 21 så
489 198 46 15 som
550 192 37 21 det
601 192 55 22 först
669 192 129 27 föreslagits,
815 194 68 21 ehuru

65 218 77 21 sådant
163 218 48 22 icke
233 219 62 21 torde
317 220 91 21 behöfva
425 220 85 22 inträffa
525 221 80 26 precist
619 221 28 26 på
662 221 41 21 alla
718 222 85 21 ställen.
833 222 49 21 Men

65 246 28 21 då
107 246 103 28 förslaget
224 247 7 21 i
246 247 33 21 sin
293 248 74 21 helhet
382 248 62 28 eljest
458 248 72 22 kunde
545 249 126 27 äfventyras,
688 250 25 20 så
728 256 64 15 anser
803 250 38 26 jag
849 252 34 19 att

64 280 48 16 man
128 274 62 22 äfven
204 275 8 21 i
227 276 68 21 denna
309 277 69 26 punkt
387 277 39 21 bör
434 278 113 26 godkänna
556 278 326 28 sammanjemkningsförslaget.

130 303 57 22 Herr
208 304 189 28 Montgomery:
428 306 50 21 Med
494 305 100 23 afseende
609 306 13 21 å
637 306 71 27 grefve
723 307 100 21 Armfelts
838 308 43 26 ytt-

62 332 73 26 rande,
158 332 39 22 ber
215 333 38 27 jag
275 332 22 23 få
311 336 78 20 nämna
403 336 38 25 att,
457 334 68 22 skulle
537 334 38 28 jag
590 334 47 22 icke
652 334 63 23 hafva
731 336 40 21 den
787 335 94 28 uppfatt-

63 361 50 27 ning
135 360 23 22 af
179 362 66 22 saken
267 364 32 20 att
313 362 50 22 hela
378 363 161 28 författningens
556 364 40 21 öde
611 363 63 22 beror
689 364 28 27 på
733 370 34 15 om
782 365 98 21 ständer-

62 390 71 22 beslut
154 390 42 22 kan
219 391 92 22 erhållas
335 392 7 21 i
358 392 69 22 denna
441 392 105 28 paragraf,
563 393 24 21 så
603 392 69 22 skulle
684 393 38 27 jag
737 393 34 22 för
785 394 43 20 min
844 393 35 22 del

61 419 55 22 visst
137 419 48 22 icke
200 420 107 28 tillstyrka
322 421 323 27 sammanjemkningsförslaget,
661 422 90 21 emedan
763 422 37 27 jag
816 428 64 16 anser

62 450 33 19 att
118 448 37 21 det
177 450 24 19 är
220 450 31 20 ett
267 449 82 27 obilligt
364 450 93 27 anspråk
473 450 22 21 af
508 450 163 22 Presteståndet
686 452 32 19 att
732 451 93 21 vidhälla
841 451 40 21 sitt

61 476 72 22 beslut
155 476 7 22 i
178 477 69 22 denna
261 477 66 28 fråga,
347 485 48 15 men
410 479 28 21 då
452 485 29 15 nu
496 478 45 28 fyra
556 478 75 22 stånds
648 479 72 21 beslut
735 481 24 19 är
774 479 105 22 erforder-

60 505 40 27 ligt
114 505 33 22 för
162 507 32 20 ett
209 507 165 26 ständerbeslut,
390 508 25 21 så
429 507 38 22 ber
479 508 39 27 jag
531 507 33 22 för
579 507 42 22 min
635 508 33 21 del
684 509 33 20 att
731 509 110 20 vördsamt
858 507 22 22 få

60 534 107 28 tillstyrka
181 535 324 28 sammanjemkningsförslaget.

61 592 34 21 del
129 563 40 21 Till
190 563 133 23 besvarande
345 565 111 26 upplästes
472 571 29 15 nu
516 571 26 15 en
557 565 131 27 proposition
704 565 22 21 af
739 565 94 27 följande
848 565 31 27 ly-

76 598 54 15 else:

130 620 99 27 »Bifaller
250 621 157 28 Ridderskapet
429 622 40 22 och
492 622 69 22 Adeln
583 624 153 20 sammansatta
757 622 56 28 Lag-
837 622 41 22 och

60 649 224 23 Ekonomiutskottets
306 651 127 22 hemställan
456 652 13 21 å
484 658 47 21 pag.
548 653 19 25 2,
584 651 78 26 derom,
679 653 33 20 att
727 651 86 22 ståndet
828 651 51 22 ville

60 678 74 28 frångå
156 678 39 22 sitt
216 678 72 23 beslut
302 679 133 23 beträffande
451 680 10 27 $
479 682 21 19 11
519 687 63 15 mom.
600 682 9 19 1
627 680 39 22 och
681 680 75 22 förena
771 681 33 26 sig
819 680 7 22 i
842 680 37 22 det

60 707 23 22 af
94 707 165 28 Presterskapet
273 707 93 28 fattade;

128 737 74 21 vinner
216 737 41 27 nej,
272 737 105 22 förklarar
392 738 86 21 ståndet
493 739 32 26 sig
540 738 47 22 icke
602 738 50 27 vilja
666 738 32 21 till
714 738 90 21 berörde
819 738 59 21 hem-

60 765 77 21 ställan
153 765 93 22 bifalla".

128 794 33 21 Då
184 794 69 22 denna
268 794 133 28 proposition
416 795 130 22 besvarades
561 795 49 21 med
627 797 25 19 15
666 795 23 27 ja
705 795 40 21 och
761 798 12 18 5
789 796 41 26 nej,
847 795 31 22 öf-

59 822 147 22 verlemnades
229 830 29 14 nu
279 824 33 20 till
333 823 99 28 pröfning
455 824 40 21 den
512 824 22 22 af
547 824 108 22 utskottet
669 824 122 27 föreslagna
805 826 74 20 texten

59 852 33 21 till
108 854 24 19 11
149 851 12 28 $
177 853 10 19 1
204 858 69 20 mom.,
289 852 88 22 hvarom

126 880 57 23 Herr
204 887 41 15 von
267 881 143 21 Bonsdorff
425 882 94 27 yttrade:
549 882 41 26 Jag
606 881 96 21 anhäller
717 883 32 19 att
765 882 76 21 endast
856 881 21 22 fä

58 909 33 22 till
105 909 131 27 protokollet
251 909 129 22 antecknadt
395 912 32 19 att
440 910 37 27 jag
491 910 33 22 väl
539 910 94 27 bidragit
648 910 31 21 till
700 910 42 21 alla
757 911 27 21 de
799 910 78 27 beslut,

59 944 47 16 som
127 945 29 14 nu
171 937 145 29 föreliggande
331 938 296 28 sammanjemkningsförslag
642 939 123 26 innehäller,
781 945 48 16 men
845 941 32 20 att

56 967 44 28 jag,
122 973 46 16 som
190 973 38 16 var
242 968 68 21 under
321 968 61 27 julen
395 968 100 27 bortrest,
511 968 47 21 icke
573 968 90 27 deltagit
678 968 6 21 i
699 968 141 22 redaktionen
856 967 23 22 af

59 1003 28 14 nu
106 996 160 27 ifrägavarande
281 996 101 28 paragraf
395 997 40 21 och
451 997 90 21 sälunda
555 997 48 21 icke
618 997 67 21 heller
700 997 32 20 til
749 999 10 19 1
776 1003 62 16 mom.
855 996 23 23 af

58 1025 11 28 $
86 1027 32 25 11,
134 1025 86 22 hvilken
234 1025 113 22 redaktion
360 1026 37 27 jag
412 1026 49 22 icke
477 1033 62 15 anser
553 1025 78 28 lyckad
651 1025 39 22 och
706 1032 46 15 som
768 1025 109 22 sannolikt

58 1055 72 21 bättre
151 1054 56 22 hade
224 1054 83 22 kunnat
320 1054 139 28 förverkligas
475 1055 77 22 endast
567 1061 76 21 genom
658 1054 99 28 ifyllande
774 1054 22 22 af
810 1055 66 26 nägra

59 1083 39 22 ord
119 1083 28 28 pä
169 1083 100 28 behörigt
291 1084 69 21 ställe.
390 1084 42 27 Jag
454 1084 36 21 vill
506 1084 54 21 dock
575 1084 48 21 icke
638 1083 52 28 yrka
705 1084 28 26 pä
748 1083 70 28 nägon
833 1083 42 22 för-

59 1112 88 27 ändring
169 1112 7 21 i
199 1111 100 23 afseende
323 1113 12 21 &
357 1113 95 26 lydelsen
468 1113 22 21 af
503 1113 69 22 denna
587 1112 101 27 paragraf
701 1113 49 20 med
765 1113 112 26 anledning

59 1141 61 21 deraf
133 1143 33 19 att
181 1141 77 22 endast
272 1141 66 27 nägra
354 1142 66 26 dagar
435 1141 22 22 af
469 1141 130 27 landtdagen
614 1141 61 22 torde
691 1141 88 21 äterstä.

126 1170 47 21 Den
187 1169 122 28 föreslagna
323 1171 73 20 texten
411 1170 32 21 till
467 1172 2 19 1
487 1176 62 15 mom.
558 1169 124 28 gödkändes
691 1169 54 22 härä
753 1169 22 22 af
782 1169 94 22 ståndet.

126 1198 10 21 I
151 1198 101 22 afseende
269 1199 13 20 ä
297 1201 11 19 5
324 1205 61 15 mom.
403 1199 22 21 af
439 1200 25 19 11
480 1198 127 28 paragrafen
621 1198 84 27 yttrade

125 1227 56 22 Herr
195 1233 41 16 von
249 1227 156 22 Bonsdorff:
435 1228 41 25 Jag
491 1229 36 20 vet
541 1227 47 22 icke
604 1233 34 16 om
653 1227 39 21 här
708 1226 114 23 förefinnes
837 1227 39 21 nä-

58 1257 38 26 got
117 1255 96 28 tryckfel,
235 1262 49 15 men
307 1256 59 21 säväl
388 1256 7 21 i
415 1257 161 26 propositionen
591 1262 46 15 som
652 1256 147 21 betänkandet
812 1256 64 21 heter

59 1285 37 21 det
119 1285 56 26 ,Der
195 1286 61 26 prest
277 1285 32 21 till
331 1285 176 28 byggnadskassa
522 1285 28 27 pä
564 1283 138 24 föreskrifvet
716 1286 44 20 sätt
775 1284 99 27 bidragit,

58 1320 50 15 vare
122 1313 43 22 han
180 1313 53 22 eller
246 1313 53 22 hans
315 1314 106 26 sterbhus,
437 1314 35 21 vid
488 1314 82 21 afträde
586 1313 22 22 af
620 1313 99 26 boställe,
734 1313 47 21 frän
797 1314 78 20 ersätt-

58 1343 50 26 ning
129 1342 33 22 för
184 1342 28 21 all
230 1342 89 22 husröta
333 1342 47 21 fri".
410 1343 45 21 Här
470 1345 23 19 är
509 1343 36 21 det
561 1342 157 26 omredigeradt
732 1342 29 26 pä
775 1342 48 20 litet
837 1347 37 15 an-

57 1373 39 19 nat
117 1372 50 25 sätt,
185 1377 49 15 men
246 1371 38 27 jag
299 1377 63 15 anser
377 1371 41 21 den
432 1370 57 22 förra
503 1371 140 22 redaktionen
658 1376 51 16 vara
723 1370 78 22 bättre.
831 1370 44 21 Det

58 1406 37 14 var
111 1399 75 22 endast
200 1399 36 22 vid
255 1400 318 26 sammanjemkningsförslaget
587 1399 60 21 detta
662 1398 155 28 förtydligande
832 1398 43 21 till-

57 1428 50 26 lägg
130 1428 91 26 gjordes,
245 1433 46 15 som
313 1428 66 20 sedan
395 1428 61 20 äfven
472 1428 22 20 af
507 1428 108 20 utskottet
629 1427 131 26 godkändes,
776 1432 48 14 men
837 1426 38 26 jag

57 1455 37 20 vill
107 1455 48 20 icke
170 1455 6 20 i
193 1455 59 21 detta
267 1455 101 21 afseende
382 1455 118 21 framställa
515 1455 66 26 nägot
595 1454 93 27 yrkande
705 1454 22 21 af
741 1459 81 15 samma
830 1454 46 20 skäl

58 1488 46 17 söm
116 1483 37 27 jag
167 1483 84 27 nyligen
267 1483 93 22 anförde.

125 1512 56 21 Herr
195 1512 188 27 Montgomery:
412 1512 48 27 Nog
474 1512 70 21 måste
557 1511 37 28 jag
610 1517 50 15 anse
676 1511 140 21 redaktionen
825 1510 49 21 sak-

58 1540 62 28 enlig,
143 1541 28 22 då
190 1540 37 23 det
242 1543 73 25 säges:
333 1558 8 9 ,
345 1547 50 16 vare
409 1541 43 21 han
467 1541 35 22 och
517 1541 53 21 hans
586 1540 100 22 sterbhus
703 1539 117 28 skyldigt";
836 1539 38 22 det
