1067 1798
225 140 54 22 1752
518 140 39 18 Den
576 140 25 18 10
616 140 81 18 Januari.

196 206 77 25 antaga
288 205 33 21 ett
335 203 211 28 värnepligtssystem
560 203 33 21 för
607 201 96 27 Finland,
722 204 53 19 utan
794 202 71 21 såsom
884 201 128 22 reservatio-

195 240 41 16 nen
258 233 96 28 tydligen
375 232 86 27 uttalar,
484 232 40 21 har
545 231 42 22 den
609 231 47 27 gått
677 232 25 20 ut
716 231 28 27 pä
766 232 33 20 att
812 230 120 22 framställa
946 231 66 26 några
1031 228 2 31 ;

196 263 138 28 synpunkter,
349 261 72 22 hvilka
435 261 72 22 kunde
521 261 59 27 tjena
594 260 33 21 till
642 259 69 28 grund
732 259 34 22 för
787 266 26 15 en
835 259 130 28 härordning
979 258 33 23 för
1031 264 2 21 |

194 291 89 22 Finland
305 291 40 21 och
367 290 71 23 hvilka
456 289 72 22 kunde
550 295 77 22 genom
642 289 136 27 regeringens
794 289 76 27 åtgärd
885 288 41 22 och
941 287 70 23 dertill

194 319 93 24 utsedda
301 319 134 28 sakkunniga
449 324 103 23 personer
565 318 7 21 i
589 317 65 28 detalj
670 318 119 22 utarbetas.

262 349 55 22 Herr
331 348 141 23 Mechelin:
501 347 62 23 Hvad
578 347 49 22 herr
643 346 126 27 Schauman,
787 348 43 20 tror
842 346 44 28 jag,
902 345 48 23 icke
958 346 53 21 kun-
1030 338 2 24 i

193 380 39 20 nat
245 377 125 27 motbevisa,
387 379 24 20 är
425 379 34 20 att
481 377 62 22 äfven
565 376 60 22 detta
646 376 176 22 reservationsvis
838 375 79 28 afgifna
931 374 81 28 förslag
1029 377 3 30 :

194 407 61 27 afsäg
267 406 161 28 medgifvandet
442 407 33 21 att
488 405 120 28 värnepligt
623 405 70 22 skulle
708 404 65 23 blifva
782 404 130 28 grundvalen
920 403 32 22 för
962 404 48 21 här-
1029 414 2 17 ;

193 436 104 23 väsendet
311 436 8 21 i
333 435 96 22 Finland.
458 435 43 22 Det
515 441 38 16 var
567 434 48 22 icke
629 433 61 28 fräga
704 434 7 21 i
727 434 50 22 herr
791 433 162 28 Björkenheims
968 434 43 27 ytt-

192 465 67 22 rande
273 471 36 16 om
323 464 66 27 tiden,
404 466 40 20 när
459 464 60 22 detta
534 463 69 22 skulle
618 463 45 22 ske.

260 494 56 22 Herr
331 493 152 27 Schauman,
499 493 94 27 August:
623 492 42 27 Jag
679 492 40 21 har
733 491 68 28 aldrig
809 491 33 22 för
851 491 43 22 min
904 491 35 22 del
949 491 62 22 tänkt

193 523 52 22 eller
266 523 57 28 gjort
344 523 43 27 mig
408 523 71 27 nägon
501 528 70 16 annan
592 521 147 27 föreställning
761 527 34 16 om
814 521 38 21 det
866 521 81 27 system
962 519 49 22 herr

193 551 128 24 Silfversvan
335 551 117 28 föreslagit,
469 553 26 20 än
510 553 33 20 att
558 551 37 22 det
609 556 51 16 vore
676 552 31 20 ett
717 550 218 27 värnepligtssystem.
960 549 50 22 Men
1028 555 2 21 ;

192 581 57 23 hvad
263 582 49 21 herr
326 580 151 28 Björkenheim
491 587 29 15 nu
535 579 71 23 talade
622 586 41 20 om,
679 586 38 15 var
731 580 32 21 att
777 586 29 15 nu
817 581 79 25 antaga
906 579 41 22 den
954 578 55 22 före-

191 611 101 27 liggande
306 609 200 28 värnepligtslagen.

259 639 98 22 Friherre
372 639 101 26 Wrede,
489 638 84 23 Rabbe:
602 638 41 27 Jag
657 638 38 22 ber
710 637 22 22 få
746 637 86 23 biträda
846 637 37 22 det
890 636 23 23 af
920 637 90 22 friherre

192 675 41 16 von
248 669 58 22 Born
321 667 75 29 gjorda
409 667 110 28 förslaget.

260 697 72 22 Sedan
347 697 150 22 diskussionen
510 697 7 21 i
532 695 75 29 frågan
615 695 114 27 afstannat,
740 695 121 23 förklarade
871 695 51 22 herr
928 695 81 22 Landt-

192 726 135 23 marskalken
342 726 50 21 med
406 725 114 28 anledning
535 725 23 22 af
570 726 129 26 densamma,
715 725 38 22 det
766 725 43 21 han
826 725 48 21 icke
890 725 66 26 ansäg
971 725 37 21 nä-
1026 744 1 3 ;

192 758 37 25 got
243 755 76 22 hinder
333 756 58 21 möta
406 756 39 25 att,
461 755 70 22 säsom
545 755 94 25 önskats,
656 761 29 15 nu
703 753 117 23 tillsvidare
838 753 84 28 förbigä
940 753 69 22 inled-

191 785 78 26 ningen
283 783 46 23 före
344 783 101 22 rubriken
461 784 40 21 och
515 783 76 22 främst
605 783 32 21 till
653 783 122 22 diskussion
789 782 98 27 företaga
903 783 41 21 den
954 781 55 23 efter

190 813 100 22 rubriken
304 812 94 28 följande
413 813 117 26 ingressen,
545 812 8 22 i
567 812 38 22 fall
620 812 85 22 ständet
721 812 77 22 endast
817 812 73 21 derom
906 811 102 22 förenade

191 842 38 27 sig,
245 841 86 22 hvarför
345 841 41 22 och
401 841 28 22 dä
443 841 87 22 ständet
544 841 119 22 besvarade
678 841 50 22 herr
737 841 217 22 Landtmarskalkens
965 839 43 24 för-

189 870 81 28 frägan,
286 870 105 22 huruvida
405 870 88 22 ständet
507 871 49 20 med
573 869 138 28 förbigäende
733 869 24 22 af
775 870 135 26 inledningen
933 869 76 22 främst

189 900 50 22 ville
250 897 100 30 företaga
366 899 41 22 den
422 898 55 24 efter
490 899 102 22 rubriken
606 898 93 29 följande
713 899 118 27 ingressen,
848 899 50 21 med
920 898 88 22 allmänt
1024 898 2 17 :

187 929 30 28 ja,
233 928 32 22 till
280 929 123 21 diskussion
418 928 40 22 och
473 928 115 28 afgörande
602 927 112 28 föredrogs
730 928 41 22 den
787 928 21 22 af
828 928 110 22 utskottet
951 927 56 23 före-

189 958 74 27 slagna
277 958 112 27 ingressen
401 958 50 21 näst
465 958 54 22 efter
533 957 102 22 rubriken
649 957 166 28 värnepligtslag
829 957 33 22 för
876 957 98 22 Finland.

257 986 56 22 Herr
331 986 178 28 Montgomery
531 986 68 22 erhöll
613 986 28 27 pä
656 986 95 27 begäran
766 987 62 21 ordet
850 986 40 22 och
911 986 95 28 yttrade:

190 1015 75 22 Säsom
279 1015 168 27 Ridderskapets
463 1015 42 22 och
519 1015 80 22 Adelns
614 1014 120 23 ledamöter
748 1015 34 22 väl
804 1015 62 21 torde
881 1015 71 22 erinra
966 1015 39 27 sig,

188 1050 35 16 om
239 1044 66 21 ocksä
319 1043 48 22 icke
382 1044 69 26 nägon
467 1044 128 26 anteckning
609 1044 74 21 derom
697 1043 227 28 ingätt
772 1039 9 36 i
793 1043 131 28 protokollet,
933 1044 73 21 visade

189 1073 33 27 sig
236 1072 35 22 vid
286 1072 41 21 den
341 1072 68 22 första
423 1072 178 28 föredragningen
615 1071 23 22 af
651 1072 78 27 nädiga
747 1072 161 28 propositionen
922 1072 8 21 i
946 1072 60 22 detta

189 1104 62 19 ämne
266 1108 26 15 en
308 1100 56 22 olika
378 1100 137 28 uppfattning
529 1101 40 22 hos
584 1101 87 21 ståndet
690 1101 79 26 derom,
790 1101 104 22 huruvida
908 1101 97 27 proposi-
1022 1105 2 2 '

187 1130 73 22 tionen
274 1130 8 21 i
297 1130 50 21 dess
369 1129 135 28 stadganden
525 1130 91 22 berörde
639 1129 50 22 eller
712 1130 94 22 ändrade
828 1130 106 26 grundlag
954 1130 52 22 eller
1023 1143 1 4 :

188 1159 54 22 icke.
271 1158 63 22 Hvad
357 1158 74 22 dervid
452 1158 103 28 föregick,
579 1158 96 22 utvisade
697 1158 95 28 tydligen
811 1158 126 23 tvifvelsmäl
953 1159 70 23 eller
1014 1154 12 37 :

188 1188 129 21 åtminstone
333 1193 26 15 en
373 1187 48 22 icke
436 1188 92 26 mognad
543 1187 141 27 öfvertygelse
699 1188 7 20 i
721 1190 78 19 ämnet.
830 1188 46 21 Och
888 1187 38 28 jag
942 1194 63 15 anser

186 1216 8 22 i
209 1216 74 27 sjelfva
297 1216 76 21 verket
387 1217 33 21 att
433 1222 50 15 man
497 1218 53 20 utan
565 1217 32 21 att
611 1216 92 22 behöfva
717 1216 109 28 beskyllas
845 1216 33 22 för
893 1216 112 28 biafsigter

186 1245 36 22 vid
242 1244 166 28 lagtolkningen,
431 1244 53 23 eller
505 1245 33 22 för
560 1246 32 21 att
613 1250 77 22 genom
712 1245 76 28 sjelfva
808 1245 124 28 tolkningen
954 1245 68 34 vilja

186 1274 85 21 komma
285 1273 33 21 till
334 1275 32 20 ett
381 1275 64 20 annat
459 1274 43 21 mål
517 1276 27 19 än
558 1273 134 28 lagstiftaren
707 1273 105 28 förafsett,
827 1274 43 22 kan
883 1274 55 28 hysa
948 1274 56 23 olika

187 1302 80 27 åsigter
281 1302 8 21 i
304 1303 77 20 ämnet.
411 1303 42 21 För
467 1303 43 21 min
526 1303 35 21 del
575 1302 98 22 uttalade
685 1303 38 27 jag
738 1303 43 27 mig
795 1303 68 22 redan
878 1303 32 26 då,
927 1303 77 28 attjag
1020 1314 2 5 :

186 1331 67 25 ansåg
267 1330 161 26 propositionen
443 1337 40 19 ega
506 1331 70 20 denna
597 1331 108 26 egenskap
728 1331 23 21 af
771 1331 98 26 gällande
890 1331 112 26 grundlag,

186 1358 52 21 eller
253 1357 128 22 åtminstone
396 1358 77 21 beröra
488 1357 257 28 grundlagsstadganden,
761 1359 41 21 och
814 1358 37 27 jag
859 1359 75 27 gjorde
942 1359 60 22 detta
1020 1354 1 31 |

185 1385 125 28 visserligen
325 1386 47 21 icke
387 1386 49 21 med
451 1392 27 15 en
492 1387 53 20 utan
559 1386 128 27 föregående
702 1387 80 21 tvekan
803 1393 84 16 vunnen
910 1387 92 27 öfverty-
1019 1402 2 9 |

184 1415 66 27 gelse,
266 1414 51 22 eller
332 1421 38 15 ens
385 1415 49 22 med
448 1415 123 27 pretention
585 1415 63 27 uppå,
665 1416 32 21 att
709 1415 38 28 jag
761 1415 69 22 skulle
852 1415 63 23 hafva
930 1415 72 23 träffat
1018 1432 2 8 ;

185 1443 38 22 det
244 1443 83 28 riktiga.
362 1443 97 22 Fastmer
481 1444 38 21 har
539 1444 38 27 jag
598 1444 55 22 varit
676 1445 82 26 ganska
779 1445 97 22 tveksam
898 1445 8 22 i
928 1445 72 22 saken.

182 1473 44 27 Jag
239 1473 125 27 begagnade
379 1472 84 23 derföre
485 1473 40 22 ock
539 1473 8 21 i
561 1479 82 16 somras
665 1475 32 20 ett
719 1474 43 27 mig
782 1474 60 27 gifvit
863 1474 83 23 tillfälle
968 1476 34 21 att
1018 1497 2 7 ;

183 1501 132 23 underställa
335 1501 75 28 frågan
432 1508 26 15 en
481 1501 145 23 framstående
646 1502 131 27 lagtolkares
798 1503 48 22 från
868 1505 65 20 annat
949 1503 51 23 land
1018 1519 2 2 ;

184 1531 103 26 omdöme,
301 1531 67 27 jemte
383 1531 26 22 de
425 1531 62 22 akter
501 1531 41 22 och
557 1532 26 21 de
599 1531 138 28 stadganden,
753 1532 29 27 på
796 1532 72 22 hvilka
875 1533 124 27 tolkningen
1018 1538 2 22 |

182 1560 53 22 elter
249 1560 162 29 uppfattningen
426 1560 67 23 borde
509 1561 92 27 grundas
617 1560 40 23 och
672 1560 54 23 ifrån
740 1561 54 22 hans
816 1562 48 22 sida
881 1562 67 22 hörde
961 1562 38 28 jag
