1070 1781
203 147 54 20 1804
484 146 40 18 Den
542 146 20 17 11
582 146 80 18 Januari.

173 210 68 22 Adeln
257 210 37 21 det
309 209 89 22 oaktadt
412 209 47 22 icke
474 209 57 22 velat
545 208 33 22 för
593 207 162 22 Bondeständet
765 206 144 28 uttryckligen
924 205 63 22 fram-

173 239 58 21 hålla
253 240 32 20 att
306 238 158 27 Ridderskapet
486 237 41 22 och
541 237 69 22 Adeln
624 237 47 21 icke
686 237 43 21 kan
743 235 34 22 för
792 235 33 22 sin
840 235 34 22 del
890 241 51 15 anse
957 235 33 20 att

175 268 69 21 denna
258 267 66 27 fräga,
341 267 27 22 dä
384 267 41 21 den
439 267 159 27 äterupptages,
613 266 95 21 kommer
723 266 32 21 att
770 264 22 22 af
805 264 84 22 landets
901 263 89 22 ständer

175 297 58 22 lösas
249 296 25 21 sä
290 302 46 15 som
352 295 162 23 Bondeständet
526 295 91 26 antagit.

245 324 100 22 Derefter
367 324 168 22 öfverlemnades
558 324 33 21 till
612 322 133 23 besvarande
767 323 41 21 den
824 321 108 22 definitiva
947 327 44 16 om-

176 353 277 28 röstningspropositionen,
467 352 90 22 sälunda
572 352 97 21 affattad:

247 382 65 26 Den,
329 388 46 15 som
389 381 37 22 vill
441 383 78 25 antaga
533 381 172 21 Bondeständets
721 379 124 28 inbjudning
859 377 133 23 beträffande

178 411 122 21 återremiss
315 409 23 22 af
351 410 249 27 värnepligtsutskottets
609 409 79 27 förslag
695 409 28 27 pä
730 415 47 20 pag.
788 409 26 20 40
823 408 40 21 och
874 409 25 19 41
912 407 23 21 af
941 407 50 21 dess

178 438 296 28 sammanjemkningsförslag
496 438 33 22 för
543 438 136 27 formulering
693 437 33 22 uti
741 436 23 22 af
776 436 164 22 Bondeständet
955 442 37 15 an-

178 468 48 27 tydt
241 467 61 28 syfte,
318 473 73 16 svarar
403 467 34 27 ja;

247 496 74 21 vinner
335 496 41 27 nej,
393 495 81 28 afböjes
490 495 173 28 inbjudningen*.

246 525 130 27 Voteringen
399 530 34 16 om
456 525 68 21 denna
545 524 132 28 proposition
692 523 62 22 utföll
768 523 49 21 med
833 524 26 20 36
872 522 24 28 ja
911 522 40 22 och
966 524 25 19 37

179 554 41 27 nej,
235 554 40 21 och
297 560 38 15 var
357 553 83 21 säledes
462 553 173 21 Bondeständets
655 552 162 28 ifrägavarande
832 551 125 27 inbjudning
971 550 23 22 af
1019 540 3 40 |

179 582 157 27 Ridderskapet
351 582 40 21 och
405 582 69 22 Adeln
489 581 78 28 afböjd.

247 611 56 22 Herr
324 610 190 28 Björkenheim,
538 610 86 26 Robert,
640 610 98 21 anmälde
753 610 36 21 det
803 609 43 21 han
860 609 48 21 icke
923 609 72 21 ansett
1019 601 3 29 |

180 640 33 26 sig
227 640 122 26 berättigad
365 641 32 19 att
412 640 85 26 deltaga
511 640 7 20 i
534 640 40 21 den
590 639 53 21 sista
658 639 130 26 voteringen.

246 668 63 22 Emot
332 668 37 21 det
390 667 81 22 fattade
492 668 95 22 beslutet
609 668 108 20 anmäldes
735 667 131 21 reservation
882 666 22 22 af
916 666 75 22 herrar

181 696 140 26 Snellman,
345 696 69 22 Johan
437 697 87 26 Ludvig,
548 696 108 26 Linder,
680 696 96 26 Taube,
797 702 45 15 som
857 695 85 27 yttrade
958 695 37 21 det
1019 692 3 31 ;

180 725 43 21 han
244 725 111 21 frikallade
371 725 32 26 sig
417 724 33 22 för
465 725 26 21 de
506 725 82 27 följder,
604 731 45 15 som
665 724 22 22 af
699 725 95 21 beslutet
809 724 71 21 kunde
895 723 96 27 härfyta,

180 754 74 22 vidare
261 754 74 21 herrar
342 760 41 15 von
391 753 117 27 Alfthan,
517 760 41 15 von
565 754 124 26 Kremer,
705 753 75 26 Rein,
791 752 204 28 Munsterhjelm,
1019 748 3 20 |

181 782 158 27 Lagerborg,
355 782 87 27 Robert,
458 788 40 16 von
506 783 151 26 Haartman,
667 782 73 22 Rafael
749 782 39 22 och
796 781 88 22 friherre
892 781 103 22 Linder.
1020 780 2 14 |

249 811 56 22 Herr
325 811 113 27 Palmén,
460 812 71 26 Ernst,
547 811 94 28 yttrade:
671 811 50 22 Med
736 811 36 21 det
787 810 157 28 uppriktigaste
959 810 36 22 be-
1020 816 2 22 :

182 840 105 27 klagande
309 840 96 22 anhäller
425 841 36 27 jag
481 840 22 22 fä
525 840 136 27 antecknadt,
684 842 33 20 att
736 840 38 28 jag
792 840 47 22 icke
854 840 32 20 till
901 839 95 22 beslutet

181 869 131 22 medverkat.

250 926 71 22 Sedan
343 926 90 22 sålunda
453 926 172 22 Bondeståndets
647 926 124 28 inbjudning
792 926 69 22 blifvit
884 924 112 30 afböjande
1020 949 2 2 :

182 955 88 28 afgjord,
279 955 123 27 föredrogos
412 955 27 22 de
454 957 56 20 ännu
526 955 109 28 oafgjorda
651 956 86 21 delarne
747 956 22 21 af
774 955 223 27 Värnepligtsutskot-

182 985 43 20 tets
242 984 357 27 sammanjemkningsbetänkande,
608 985 106 26 nemligen
729 985 26 21 de
770 984 23 22 af
806 985 107 21 utskottet
927 984 28 27 på
969 986 28 19 40

183 1013 39 20 och
244 1012 92 28 följande
352 1013 58 21 sidor
429 1013 133 22 framställda
576 1013 108 27 förslagen
699 1013 32 21 till
747 1013 125 21 uttalanden
887 1013 110 26 angående

182 1041 199 27 vakansafgifterna,
404 1041 76 22 främst
502 1042 37 21 det
560 1042 87 22 nederst
661 1042 29 27 pä
705 1043 26 20 40
747 1042 61 21 sidan
823 1041 173 22 förekommande
1020 1071 2 2 '

182 1069 126 22 uttalandet.

250 1099 55 21 Herr
326 1098 195 27 Björkenheim,
537 1099 86 27 Robert,
639 1099 67 22 utbad
722 1099 33 27 sig
770 1099 62 22 ordet
847 1099 39 21 och
902 1099 95 27 yttrade:
1020 1097 2 27 :

183 1127 31 21 På
228 1128 44 20 sätt
283 1127 38 27 jag
335 1127 7 21 i
357 1126 129 29 förmiddags
500 1128 56 21 hade
571 1130 51 19 äran
636 1129 63 26 yttra,
717 1128 39 21 och
770 1134 29 15 nu
807 1127 49 22 med
864 1129 56 20 ännu
928 1129 69 20 större
1019 1136 3 2 :

184 1155 47 22 skäl
247 1157 26 20 än
289 1156 32 26 då,
338 1156 95 21 anhåller
445 1156 37 27 jag
496 1157 156 22 vördsammast
667 1158 32 20 att
713 1157 159 26 Ridderskapet
879 1156 40 22 och
926 1156 71 21 Adeln

183 1184 67 21 måtte
264 1184 96 21 förkasta
375 1185 243 27 Värnepligtutskottets
633 1185 80 28 förslag
727 1186 28 26 på
770 1185 59 22 såväl
845 1185 62 22 sidan
915 1186 26 20 40
950 1191 47 15 som
1019 1182 3 2 /

184 1214 33 19 41.
247 1213 43 21 Det
311 1212 94 27 framgår
419 1214 76 27 tydligt
511 1214 65 27 enligt
591 1214 41 21 min
649 1214 56 27 äsigt
720 1221 25 14 ur
761 1214 40 22 den
817 1213 117 27 skrifvelse,
951 1220 46 15 som
1019 1233 3 2 :

183 1241 47 21 från
244 1241 162 22 Bondeståndet
420 1242 39 21 har
474 1243 116 26 inkommit,
606 1245 32 19 att
653 1243 163 21 Bondeständet
830 1243 95 26 godkänt
940 1242 11 27 $
967 1243 30 20 2i
1020 1263 2 2 :

183 1270 193 27 värnepligtslagen
391 1271 67 21 under
474 1271 139 28 öfvertygelse
629 1273 33 19 att
676 1272 32 21 till
723 1271 204 27 vakansafgifternas
937 1276 60 21 qvar-
1012 1282 2 2 -

184 1298 90 21 stående
289 1298 82 22 fordras
388 1299 102 27 enhälligt
504 1300 72 21 beslut
590 1299 23 22 af
626 1300 45 27 fyra
686 1300 70 21 stånd.
786 1300 30 21 På
831 1301 41 20 den
881 1299 68 28 grund
957 1299 40 22 och
1019 1298 3 21 :

184 1326 73 25 ehuru,
273 1327 81 30 såsom
373 1327 37 26 jag
431 1327 57 20 förut
510 1328 36 20 vid
568 1328 50 21 flere
642 1328 97 21 tillfällen
761 1329 73 25 yttrat,
849 1329 37 25 jag
900 1328 47 20 icke
963 1334 34 14 ur-
1019 1326 2 4 :

184 1354 135 26 sprungligen
334 1355 56 20 varit
405 1355 22 20 af
441 1355 68 21 denna
525 1355 61 27 äsigt,
602 1355 42 21 kan
657 1356 38 26 jag
709 1362 29 15 nu
753 1356 47 21 icke
815 1357 61 20 rösta
890 1355 33 22 för
933 1357 65 19 annat
1019 1356 3 2 '

184 1383 28 19 än
234 1383 33 20 att
288 1382 196 27 vakansafgifterna
505 1383 7 22 i
527 1383 92 28 naturlig
633 1384 135 27 konsegvens
783 1384 49 22 med
848 1384 97 21 ständets
961 1384 36 21 be-
1019 1389 2 14 ;

184 1410 44 22 slut
242 1410 8 22 i
265 1410 11 28 8
292 1412 12 20 2
319 1410 88 23 förfalla.

251 1439 56 22 Herr
329 1440 140 22 Mechelin:
499 1441 41 28 Jag
562 1441 38 22 har
619 1441 33 23 för
667 1442 42 22 min
725 1442 34 22 del
774 1442 124 22 medverkat
913 1442 32 21 till
961 1442 37 21 det
1019 1445 2 2 :

184 1468 300 30 sammanjemkningsförslag,
509 1476 44 16 som
576 1477 29 15 nu
626 1471 39 21 har
686 1471 69 23 blifvit
769 1471 23 22 af
805 1471 49 22 herr
869 1471 126 22 Landtmar-
1019 1480 3 14 :

184 1497 89 22 skalken
289 1498 136 22 understäldt
439 1499 97 22 ständets
552 1500 103 27 pröfning.
685 1501 42 27 Jag
742 1501 39 21 har
790 1500 73 22 dervid
870 1501 72 26 utgått
951 1500 47 22 från
1019 1499 3 19 :

185 1526 41 21 den
243 1526 164 28 uppfattningen
423 1529 37 25 att,
478 1534 33 16 om
526 1529 117 21 detsamma
658 1530 69 22 skulle
743 1531 95 25 antagas,
854 1529 143 27 vakansafgif-

182 1556 62 21 terna
266 1556 68 22 skulle
355 1556 76 28 fortgå,
455 1557 31 21 till
503 1558 48 22 dess
568 1558 115 22 ständerna
697 1558 83 22 förenat
795 1558 33 27 sig
843 1564 33 15 om
893 1558 59 21 detta
966 1558 31 21 in-
1020 1558 1 3 |
