1059 1767
377 118 39 17 Den
434 117 23 19 19
473 118 104 19 December.
800 119 53 19 1579

63 185 39 15 ven
119 185 26 15 en
161 179 65 21 sädan
241 180 126 27 utrednings
383 181 190 22 ästadkommande
589 181 51 23 bero
655 183 28 26 pä
698 183 125 22 ständernas
834 184 46 27 plu-

63 208 77 22 ralitet.
171 208 62 22 Hvad
247 215 73 16 menar
334 210 43 21 han
391 210 102 22 dermed?
521 211 11 21 I
546 211 187 27 grundlagsfrägor
749 214 24 19 är
783 213 98 21 ständer-

62 242 38 16 nas
123 237 110 26 pluralitet
255 238 35 21 vid
306 238 95 22 definitiv
415 239 131 27 behandling
560 239 45 27 fyra
621 240 68 26 stånd,
705 240 8 21 i
728 241 66 21 andra
808 241 73 27 frågor

62 266 32 20 tre
110 266 69 26 ständ,
195 266 8 21 i
217 265 61 28 fräga
293 272 33 16 om
343 268 216 26 grundlagsändrings
576 268 98 22 hvilande
682 269 36 21 tvä
727 269 68 21 ständ.
811 266 68 25 Äfven

62 294 60 21 detta
136 294 57 22 visar
207 296 33 20 att
255 295 67 22 saken
337 295 73 22 förblir
425 296 66 27 oklar,
508 297 72 21 såvida
595 303 49 15 man
659 297 47 21 icke
721 298 110 26 erkänner,
848 300 33 19 att

60 322 44 22 lika
126 329 46 15 som
189 323 7 21 i
215 323 133 22 sistnämnda
363 324 42 25 fall,
422 325 25 21 så
463 324 60 22 äfven
538 325 35 22 vid
588 325 154 23 förberedande
758 326 100 27 åtgärder
872 326 7 22 i

61 351 77 21 sådant
153 352 60 27 syfte,
231 353 35 20 två
281 353 76 21 stånds
372 353 66 22 beslut
453 355 25 19 är
493 354 126 21 ständernas
635 354 70 22 beslut.

128 380 55 22 Herr
197 381 140 22 Mechelin:
368 382 41 27 Jag
424 383 39 21 ber
478 384 33 20 att
524 382 21 22 få
560 383 33 21 till
608 383 97 26 genmäle
721 385 57 20 emot
787 383 90 22 friherre

60 415 40 16 von
122 409 57 22 Born
201 410 110 22 framhålla
334 412 33 20 att
388 411 24 21 L.
429 411 24 21 O.
470 412 76 27 tydligt
561 412 118 26 berättigar
694 413 32 21 att
741 412 33 21 till
790 412 87 22 allmänt

59 438 85 22 utskott
159 439 110 21 remittera
283 439 189 28 petitionsförslag,
489 446 45 16 som
549 441 74 21 väckts
639 441 7 21 i
662 442 31 20 ett
708 442 69 20 stånd.
800 442 79 21 Derom

59 467 73 22 kunna
153 468 34 21 väl
203 468 56 21 olika
275 468 109 27 meningar
399 469 47 21 icke
462 468 119 23 förefinnas.
611 470 50 21 Men
675 470 57 21 hvad
747 470 131 23 vidkommer

60 496 39 22 den
122 496 76 22 remiss
214 497 32 21 till
261 497 154 27 Lagutskottet
430 504 45 15 som
491 498 157 27 Ridderskapet
663 499 40 21 och
717 499 68 21 Adeln
801 500 76 26 beslöt,

59 525 25 21 sä
98 525 71 27 gällde
185 526 40 21 den
240 526 48 22 icke
304 528 33 19 att
350 526 154 27 Lagutskottet
519 527 69 21 skulle
603 527 70 21 utläta
688 528 33 26 sig
737 528 63 26 öfver,
811 528 65 21 huru-

59 554 49 22 vida
130 554 194 28 värnepligtslagen
346 556 35 20 mä
403 556 72 21 kunna
491 556 51 21 eller
558 556 52 21 böra
625 556 64 21 blifva
704 556 105 27 hvilande,
825 558 52 20 utan

59 583 36 21 det
117 583 70 27 gällde
211 584 76 20 endast
310 585 31 20 ett
364 584 110 21 utlätande
495 584 65 26 öfver,
575 584 106 22 huruvida
696 585 98 27 möjligen
811 586 67 21 andra

57 611 123 28 paragrafer
196 614 27 19 än
238 612 32 26 de,
287 618 47 16 som
349 612 259 28 Värnepligtsutskottet
600 607 11 38 i
620 614 60 21 detta
688 613 101 22 afseende
796 616 80 25 nämnt,

58 641 67 21 borde
146 640 71 22 säsom
233 641 276 28 grundlagsbestämningar
524 648 70 16 anses.
625 642 106 28 Slutligen
746 643 80 21 tilläter
838 643 38 27 jag

58 670 42 26 mig
116 669 111 21 framhälla
243 672 32 19 att
291 670 40 21 den
346 670 161 27 ifrägavarande
523 671 104 27 ätgärden
641 672 8 20 i
665 672 39 20 och
718 671 34 21 för
767 672 33 26 sig
814 672 62 21 hvar-

57 698 42 21 ken
120 704 37 15 var
177 698 176 28 grundlagsfräga
368 699 52 21 eller
433 706 70 14 annan
518 700 100 26 lagfräga.
649 700 43 21 Det
707 702 24 18 är
745 700 47 22 icke
807 701 70 26 nägon

57 727 177 27 grundlagsfräga
256 728 6 20 i
286 728 39 20 och
340 728 33 21 för
388 728 32 26 sig
435 730 32 19 att
481 728 49 27 vilja
544 728 87 27 vidtaga
647 729 40 21 den
703 730 60 20 extra
778 729 99 21 ordinära

57 756 103 26 ätgärden
183 758 32 19 att
236 756 93 22 infordra
345 758 32 20 ett
391 757 95 21 utskotts
502 757 110 21 utlätande
631 756 58 23 öfver
704 758 71 26 nägot,
791 757 84 23 hvaröf-

56 791 37 15 ver
108 786 32 20 ett
156 786 64 20 annat
236 785 84 21 utskott
334 785 67 22 redan
416 787 67 26 yttrat
498 786 39 27 sig.

124 813 97 22 Friherre
236 820 41 16 von
293 814 80 27 Born,
389 814 31 22 V.:
437 814 78 22 Sävida
527 815 37 27 jag
571 814 40 22 har
618 814 43 28 mig
669 814 80 22 bekant
757 815 118 27 ordalydel-

57 848 37 16 sen
110 842 7 22 i
132 843 40 21 den
189 842 127 27 expedition,
333 849 46 15 som
394 843 7 21 i
417 843 69 22 denna
501 843 61 27 fräga
577 843 68 27 afgätt
659 843 47 22 frän
716 844 159 26 Ridderskapet

56 871 40 22 och
111 871 68 22 Adeln
195 871 31 21 till
241 872 160 26 Lagutskottet,
417 872 118 22 innehäller
550 873 123 21 densamma
681 872 142 28 uttryckligen
832 872 42 28 syf-

56 902 32 20 tet
102 900 50 22 med
167 899 41 23 den
224 900 79 22 äskade
318 900 147 28 utredningen.
495 902 47 21 Den
557 908 66 20 anger
637 902 149 26 uttryckligen,
798 903 32 19 att
839 901 36 21 det

55 936 37 15 var
107 929 49 21 med
172 929 114 27 anledning
302 929 23 22 af
337 930 64 21 väckt
415 930 80 27 förslag
511 936 33 16 om
560 932 32 19 att
606 930 161 27 propositionen
783 936 34 16 om
827 932 47 20 vär-

55 958 81 28 nepligt
158 958 67 22 mätte
242 958 81 22 lemnas
338 958 100 22 hvilande
454 959 31 21 till
500 960 63 20 nästa
577 959 110 27 landtdag,
703 965 47 16 som
765 966 27 15 en
807 959 66 21 sädan

55 988 75 21 remiss
154 987 39 21 och
212 987 113 27 utredning
340 988 77 26 ansägs
433 988 70 27 nödig.
533 988 67 21 Detta
616 988 71 22 säsom
702 990 32 20 ett
749 988 123 28 ytterligare

54 1016 129 22 bemötande
205 1016 22 22 af
247 1016 49 22 herr
314 1016 116 22 Mechelins
447 1017 62 27 äsigt.
525 1028 27 4 —
567 1016 62 22 Hvad
644 1016 102 23 beträffar
760 1017 76 22 remiss
852 1016 22 22 af

55 1051 26 15 en
102 1045 91 27 petition
212 1045 32 21 till
259 1045 88 21 allmänt
361 1046 91 26 utskott,
469 1046 24 21 sä
508 1048 24 19 är
547 1046 69 22 denna
631 1046 104 27 rättighet
749 1046 125 26 visserligen

54 1074 23 22 af
90 1076 63 25 ingen
167 1074 102 22 bestridd.
298 1074 50 22 Men
362 1074 61 28 fräga
438 1075 145 27 uppkastades
598 1075 36 21 vid
650 1076 54 20 1872
720 1075 35 21 ärs
770 1074 103 28 landtdag

54 1103 104 21 huruvida
175 1104 31 21 ett
221 1103 88 21 allmänt
323 1103 85 22 utskott
423 1110 50 15 vore
489 1104 93 27 skyldigt
597 1105 32 20 att
645 1103 77 27 afgifva
729 1104 142 26 betänkande,

54 1132 44 21 ifall
118 1132 71 21 denna
204 1132 76 21 remiss
295 1132 47 21 frän
357 1133 32 20 ett
404 1132 65 22 ständ
483 1132 47 22 icke
546 1132 131 27 efterföljdes
693 1132 23 22 af
728 1132 76 22 remiss
817 1132 56 27 jem-

54 1160 34 22 väl
109 1160 47 22 frän
172 1160 26 22 de
214 1160 67 28 öfriga
296 1160 97 27 ständen,
410 1160 52 22 eller
478 1161 129 22 ätminstone
621 1161 47 21 frän
683 1161 102 22 ständens
801 1161 71 27 plura-

53 1189 54 21 litet.
138 1190 75 20 Denna
232 1189 61 27 fråga
308 1189 107 27 afgjordes
433 1191 60 25 1872,
510 1190 40 21 och
565 1190 42 21 den
622 1191 105 25 coutume,
744 1196 46 15 som
805 1196 28 15 nu
849 1191 24 20 är

54 1218 105 27 gällande,
184 1220 24 19 är
229 1218 48 22 icke
299 1218 7 21 i
321 1218 104 27 grundlag
440 1218 147 27 föreskrifven;
604 1218 41 22 den
661 1220 24 20 är
699 1218 44 22 helt
759 1218 72 22 enkelt
846 1225 26 15 en

55 1248 105 24 coutume,
182 1253 46 15 som
242 1247 7 20 i
264 1247 64 21 bästa
342 1246 37 22 fall
393 1247 47 21 icke
456 1247 77 21 strider
548 1249 45 19 mot
607 1247 111 27 grundlag.
733 1259 29 3 —
777 1248 41 26 Jag
833 1248 40 26 gör

53 1276 55 21 intet
122 1275 118 27 pästäende
255 1275 8 21 i
279 1276 41 21 den
335 1276 45 26 sak,
397 1282 45 15 som
458 1282 29 15 nu
501 1276 123 26 föreligger;
638 1276 37 26 jag
690 1276 39 21 har
745 1276 76 21 endast
835 1282 36 15 ve-

53 1304 32 22 lat
106 1304 69 21 uttala
197 1304 42 21 min
255 1304 57 27 äsigt
327 1304 40 22 och
383 1304 116 22 antecknar
513 1305 49 21 med
576 1304 135 27 beklagande
726 1304 42 22 den
783 1304 87 27 utgäng,

54 1339 46 15 som
116 1332 61 22 äfven
193 1333 69 21 denna
277 1333 34 21 del
327 1332 23 22 af
363 1333 41 21 den
419 1334 59 20 stora
492 1332 74 28 frägan
581 1333 47 21 fätt.

121 1362 55 21 Herr
198 1361 140 23 Mechelin:
368 1362 61 22 Hvad
449 1362 77 21 sakens
542 1362 81 26 utgäng
637 1362 137 26 vidkommer,
791 1362 24 20 sä
829 1361 43 21 kan

50 1390 38 26 jag
102 1390 48 21 icke
166 1392 64 19 annat
245 1392 27 18 än
287 1390 91 26 beklaga
393 1392 32 19 att
441 1391 41 20 den
497 1390 120 26 utredning,
633 1390 33 20 till
680 1390 63 21 hvars
758 1389 113 21 införskaf-

52 1418 64 21 fande
135 1418 37 26 jag
194 1418 28 26 pä
244 1419 45 20 sätt
311 1418 40 21 och
374 1418 31 22 vis
421 1420 38 24 tog
475 1418 118 26 initiativet,
609 1418 112 21 uteblifvit.
751 1418 49 21 Men
814 1418 58 21 hvad

52 1446 131 21 vidkommer
206 1446 27 21 de
248 1446 115 26 analogier,
379 1452 46 15 som
440 1446 88 21 friherre
543 1452 40 16 von
598 1446 58 21 Born
670 1446 37 21 vill
722 1446 66 26 draga
803 1452 25 15 ur
844 1448 25 18 51

54 1474 39 22 och
110 1476 26 20 52
152 1474 23 28 $$
190 1474 7 22 i
211 1474 24 22 L.
253 1475 30 26 O.,
301 1475 24 21 sä
339 1475 42 21 kan
395 1475 37 27 jag
446 1475 47 21 icke
508 1475 57 21 finna
580 1476 32 20 att
628 1474 81 22 sådana
723 1474 39 22 här
770 1480 50 16 vore
827 1474 43 21 till-

52 1504 106 27 lämpliga.
173 1503 34 22 Dä
214 1504 115 26 petitioner
344 1504 90 22 rörande
449 1504 106 22 allmänna
569 1503 72 27 frägor
656 1504 56 21 inom
727 1504 66 26 nägot
808 1503 63 22 ständ

52 1532 64 23 blifva
138 1532 115 28 förelagda,
277 1532 42 22 kan
341 1533 86 22 ständet
439 1532 84 29 jemväl,
540 1539 34 16 om
589 1532 36 23 det
641 1532 24 22 sä
679 1532 33 22 för
727 1532 53 28 godt
794 1532 74 27 finner,
