1064 1778
355 115 39 16 Den
413 113 23 18 17
452 115 106 18 December.
799 115 52 20 1499

64 175 115 28 olämpligt,
197 177 97 25 tvärtom,
311 177 67 27 något
391 176 33 23 för
439 177 185 22 nationalkänslan
639 177 140 27 smickrande,
790 178 44 22 ifall
845 185 36 16 en-

64 205 50 20 dast
136 205 82 20 sådana
239 205 127 28 elittrupper
383 206 69 21 skulle
467 206 7 21 i
489 206 89 22 Finland
593 206 64 22 blifva
671 207 130 26 uppställda.
830 208 52 21 Man

61 233 69 21 skulle
145 233 24 21 af
182 233 64 21 dessa
261 233 257 28 skarpskyttebataljoner
532 235 73 21 kunna
619 235 59 21 bilda
690 241 26 15 en
725 235 88 22 alldeles
821 236 59 27 sjelf-

62 261 85 26 ständig
164 261 39 21 kår
219 261 39 21 och
274 261 55 22 hade
345 263 68 20 tillika
429 263 143 22 efterkommit
586 263 148 27 ordalydelsen
750 264 22 21 af
786 264 41 21 den
842 265 37 20 nå-

61 289 49 27 diga
131 289 160 27 propositionen
312 291 8 20 i
343 291 69 21 denna
434 291 40 21 del.
505 292 41 21 För
568 293 33 20 att
622 291 131 22 förekomma
769 293 31 20 att
816 292 64 22 dessa

61 318 263 28 skarpskyttebataljoner,
340 321 52 19 utan
406 319 47 21 inre
469 320 110 27 organiskt
594 320 151 27 sammanhang
760 321 49 21 med
816 321 62 21 hvar-

59 347 72 26 andra,
155 347 47 21 icke
225 347 69 21 skulle
316 347 93 22 fördelas
432 348 28 26 på
478 350 15 20 t.
510 355 30 15 ex.
556 349 64 27 ryska
634 349 131 26 truppdelar,
782 349 41 21 den
839 356 40 14 ena

59 375 123 27 bataljonen
203 375 37 27 hit,
257 376 41 21 den
320 376 68 22 andra
402 376 37 27 dit,
454 383 51 15 vare
520 378 32 26 sig
565 377 43 21 fast
623 376 33 22 för
671 378 134 26 operationer
820 378 57 21 inom

58 404 79 27 landet,
154 405 24 21 så
192 404 56 23 hade
263 405 49 22 med
321 405 119 22 detsamma
447 405 82 23 kunnat
544 406 95 27 stadgas,
649 407 32 20 att
689 407 108 22 desamma
808 406 69 23 skulle

57 433 60 22 bilda
139 434 104 27 brigader,
266 434 72 22 såsom
354 434 143 23 förhållandet
512 438 24 19 är
550 435 7 22 i
573 435 112 28 Ryssland,
702 436 37 21 der
755 435 60 22 alltid
830 435 46 28 fyra

57 463 256 28 skarpskyttebataljoner
328 463 59 22 bilda
402 470 26 15 en
443 465 81 26 brigad.
553 464 35 21 Då
602 465 36 20 det
653 471 29 15 nu
696 465 55 21 varit
765 465 62 26 fråga
842 471 34 15 om

59 493 33 20 att
113 493 103 26 upprätta
238 499 26 15 en
287 492 88 27 gardes-
394 493 40 21 och
449 493 47 22 åtta
511 493 324 28 arméskarpskyttebataljoner,
851 493 26 22 så

57 521 55 21 hade
135 521 26 21 de
183 521 82 22 kunnat
280 523 109 20 motsvara
403 523 77 21 tvenne
496 522 105 27 brigader,
617 522 72 21 hvilka
703 523 82 21 kunnat
801 522 74 22 ställas

56 549 67 22 under
139 551 132 26 gemensamt
287 550 115 21 öfverbefäl
417 551 23 21 af
453 551 197 27 öfverinspektören
666 551 31 22 för
706 551 25 21 de
740 551 69 21 finska
816 553 59 25 trup-

55 585 72 20 perna.
158 579 75 21 Tillika
247 579 55 21 hade
317 579 7 21 i
339 579 133 28 paragrafen,
489 586 33 15 om
538 586 49 15 man
602 580 24 21 så
634 580 129 27 nödvändigt
774 580 101 26 önskade,

55 607 83 22 kunnat
149 607 138 22 öfverlemnas
296 608 23 21 åt
332 608 60 22 Hans
408 609 102 27 Majestät
525 610 33 20 att
572 608 101 22 förordna
687 615 34 15 om
732 609 144 26 uppsättande

58 635 23 22 af
99 636 78 27 jemväl
201 637 26 21 de
249 637 156 27 specialvapen,
425 637 71 22 hvilka
510 637 33 22 för
559 637 63 22 dessa
637 637 238 28 skarpskyttetruppers

56 665 151 28 uppträdande
222 665 8 22 i
244 665 40 22 fält
298 672 51 15 vore
365 666 144 27 erforderliga,
526 666 54 22 dock
596 668 32 20 att
643 666 68 22 under
727 666 91 21 fredstid
833 667 42 21 den

54 693 123 23 fastställda
199 695 73 21 aktiva
293 695 155 27 truppstyrkan
469 695 23 21 af
513 697 62 24 5,000
597 701 49 15 man
661 695 48 21 icke
725 695 148 22 öfverskrides.

54 723 42 27 Jag
110 723 39 22 har
165 724 55 21 dock
234 723 86 28 mycket
335 723 49 23 litet
398 724 57 27 hopp
471 730 35 15 om
522 725 32 20 att
569 726 32 20 ett
616 724 77 21 sädant
708 723 81 28 förslag
801 724 72 22 kunde

53 752 64 22 vinna
138 752 118 22 understöd
277 752 40 22 och
332 753 36 21 vill
384 753 84 21 derföre
484 753 122 21 alternativt
620 752 119 22 framställa
755 754 32 20 ett
801 755 71 25 annat,

55 781 81 22 hvilket
158 781 117 22 innehäller
298 782 77 21 endast
390 788 26 16 en
430 782 83 22 mindre
529 782 101 22 afvikelse
645 782 46 21 frän
706 782 118 22 utskottets
839 788 34 16 re-

56 810 93 26 daktion,
168 816 49 16 men
239 810 137 27 hvarigenom
398 810 76 27 frägan
496 817 34 15 om
546 810 172 28 organisationen
733 810 23 21 af
770 811 41 21 den
825 810 48 22 blif-

53 840 70 20 vande
145 839 105 21 militären
273 839 69 22 skulle
364 839 132 27 förtydligas.
526 840 43 21 Det
590 840 62 20 heter
667 839 105 27 nemligen
787 839 39 21 här
841 840 32 20 att

54 885 8 10 v
67 868 69 22 Under
157 868 90 21 fredstid
262 868 121 27 uppställer
398 868 206 22 Storfurstendömet
620 874 26 15 en
661 868 58 22 aktiv
734 868 139 27 truppstyrka

53 897 22 22 af
96 897 57 22 ända
168 897 32 21 till
215 896 106 23 femtusen
336 904 49 15 man
399 897 125 22 underbefäl
540 897 40 22 och
596 897 108 26 manskap,
719 897 111 22 fördelade
845 897 29 27 pä

56 926 57 22 olika
134 932 69 21 vapen
226 925 54 22 efter
294 926 66 21 behof
374 926 40 21 och
428 925 97 27 förlagda
539 927 7 20 i
561 927 63 20 länen
639 926 57 21 inom
709 925 80 27 landet,
807 926 65 27 enligt

53 955 67 22 sädan
136 955 135 27 dislokation,
288 961 46 16 som
350 955 28 27 pä
392 955 156 28 framställning
563 955 23 22 af
600 955 93 22 Senaten
707 955 77 22 varder
793 954 22 22 af
820 955 51 27 Kej-

53 991 62 15 saren
131 984 41 21 och
187 983 133 23 Storfursten
335 983 130 22 fastställd".
495 985 10 20 I
521 985 66 21 slutet
602 983 23 22 af
638 983 11 28 $
666 985 39 20 120
722 984 45 21 står
783 984 36 21 det
839 985 32 20 att

53 1031 9 9 v
66 1013 170 28 krigsministern
251 1013 40 22 har
306 1015 32 20 att
353 1013 113 26 föredraga
480 1013 82 22 sådana
578 1013 99 26 ärenden,
693 1019 47 15 som
755 1013 47 21 icke
817 1012 53 21 hän-

51 1043 46 21 föra
112 1043 33 25 sig
160 1042 33 21 till
207 1042 161 27 lagstiftningen
384 1042 52 21 eller
452 1042 40 22 den
508 1042 140 22 ekonomiska
656 1041 155 27 förvaltningen
820 1041 51 22 eller

51 1078 34 14 om
100 1071 82 21 hvilkas
197 1070 131 28 behandling
343 1070 84 22 landets
442 1070 150 27 författningar
606 1070 48 21 icke
670 1070 131 22 annorlunda
815 1070 56 22 före-

51 1099 103 27 skrifva;*
179 1099 40 21 och
242 1100 6 20 i
270 1099 10 28 $
304 1101 39 19 123
360 1102 24 18 är
399 1099 37 21 det
451 1100 63 26 sagdt
528 1101 32 19 att
577 1099 184 26 ,bestämmandet
776 1098 23 22 af
811 1100 60 25 trup-

50 1134 77 21 pernas
151 1128 123 26 utrustning
289 1128 40 21 och
344 1128 112 21 underhäll
472 1128 123 21 ankommer
610 1128 13 20 ä
636 1128 104 27 Kejsaren
756 1127 39 21 och
811 1127 60 21 Stor-

49 1157 82 21 fursten
141 1156 87 22 allena".
259 1157 50 21 Man
324 1156 71 22 kunde
410 1156 62 22 häraf
486 1157 65 27 draga
566 1156 42 22 den
622 1156 97 26 slutsats,
735 1157 32 21 att
783 1156 36 21 det
834 1162 37 15 an-

49 1186 96 21 kommer
156 1186 29 26 pä
191 1184 151 28 föredragning
358 1185 22 21 af
392 1185 172 27 krigsministern
579 1186 33 20 att
626 1185 118 21 bestämma
759 1191 34 15 om
809 1191 61 21 orga-

50 1214 121 22 nisationen
194 1214 23 22 af
237 1214 40 22 den
299 1214 71 21 finska
391 1214 112 22 militären.
533 1214 34 21 Dä
590 1213 78 22 sädant
685 1214 123 26 antagligen
822 1214 47 21 icke

49 1243 56 22 varit
120 1243 119 21 utskottets
254 1243 91 27 mening,
362 1242 24 22 sä
401 1243 69 21 skulle
483 1243 38 27 jag
535 1242 110 22 vördsamt
660 1242 79 22 föreslä
753 1244 33 19 att
801 1242 69 22 denna

49 1271 103 29 paragraf
165 1272 69 22 skulle
250 1272 168 21 äterremitteras
434 1272 32 21 till
481 1272 114 25 utskottet,
611 1270 33 23 för
659 1273 32 19 att
706 1271 7 21 i
729 1271 77 21 sädant
814 1270 55 28 syfte

51 1301 128 27 omarbetas,
199 1302 33 20 att
246 1301 49 21 hela
310 1301 49 21 dess
374 1300 68 22 första
457 1300 34 22 del
507 1300 68 22 skulle
590 1300 66 22 blifva
672 1300 126 22 oförändrad
814 1300 56 21 ända

49 1330 33 21 till
104 1329 63 23 ordet
190 1330 68 26 ,inom
280 1329 95 27 landet",
391 1336 49 15 men
455 1329 7 21 i
478 1329 72 22 stället
564 1328 33 22 för
612 1329 65 21 orden
694 1328 79 27 ,enligt
789 1328 78 22 sådan"

48 1359 33 22 till
97 1359 40 22 och
150 1358 50 23 med
216 1376 5 9 ,
222 1358 127 27 fastställd"
366 1358 70 22 skulle
452 1358 36 21 det
503 1358 51 21 heta
570 1358 139 27 ,truppernas
725 1357 145 27 organisation

51 1388 40 21 och
114 1387 129 22 dislokation
266 1387 119 22 fastställas
407 1387 22 22 af
442 1387 105 27 Kejsaren
562 1387 40 21 och
618 1386 132 22 Storfursten
763 1386 28 27 pä
805 1385 63 22 fram-

49 1416 102 26 ställning
173 1416 22 20 af
215 1416 100 20 Finlands
339 1415 86 21 Senat*.
455 1416 34 19 Då
511 1415 68 21 skulle
599 1415 102 25 förslaget
717 1421 34 13 om
765 1415 103 25 truppde-

49 1444 59 21 larne
127 1444 40 21 och
183 1443 55 21 huru
253 1443 27 21 de
295 1443 69 21 skulle
380 1444 167 20 sammansättas
562 1442 33 22 till
610 1444 69 20 större
694 1442 95 21 taktiska
804 1442 63 22 enhe-

49 1474 34 20 ter
105 1472 112 22 ankomma
238 1472 28 27 pä
290 1471 98 27 Senaten,
411 1471 89 22 hvarvid
521 1470 170 28 krigsministern
707 1470 76 22 endast
799 1470 69 22 skulle

50 1502 62 22 hafva
127 1503 32 20 att
175 1500 77 28 afgifva
266 1501 38 21 sitt
318 1501 118 22 utlåtande.

117 1532 56 22 Herr
188 1530 164 28 Lagerborg,
368 1530 90 22 Robert:
488 1529 42 23 Det
546 1535 62 23 synes
624 1536 51 16 vara
690 1535 26 16 en
731 1528 64 23 lucka
809 1529 7 21 i
830 1529 37 22 be-
