1067 1756
206 125 54 20 1644
510 126 39 17 Den
565 124 11 19 2
592 125 81 18 Januari.

246 190 32 20 att
293 189 88 22 ståndet
395 188 35 22 vid
444 188 157 27 behandlingen
617 188 23 21 af
653 188 55 26 Lag-
724 187 40 22 och
772 186 224 22 Ekonomiutskottets

177 217 285 28 sammanjemkningförslag
476 217 7 20 i
499 217 113 26 anledning
628 216 22 21 af
663 216 79 26 nådiga
756 215 160 28 propositionen
932 216 64 26 angå-

178 247 54 21 ende
246 246 124 27 förordning
385 251 34 16 om
434 245 125 28 näringarne
575 246 87 21 stannat
676 245 7 21 i
697 244 93 29 följande
804 244 82 22 beslut:

247 281 85 22 Momm.
350 282 56 20 1—4
421 279 124 23 föranledde
561 281 19 26 ej
596 280 33 21 till
644 279 76 28 åtgärd
734 279 46 22 från
796 279 97 22 ständets
909 278 53 22 sida.

246 310 64 21 Mom.
327 311 11 20 5
354 309 142 22 förkastades.

245 339 63 22 Mom.
326 340 12 20 6
353 337 124 22 föranledde
492 338 19 27 ej
527 337 32 22 till
575 337 81 28 åtgärd.

246 368 86 21 Momm.
349 368 69 20 7—15
434 367 131 26 godkändes.

248 397 85 21 Momn.
351 397 25 20 16
393 395 40 22 och
449 397 25 20 17
490 395 124 22 föranledde
630 395 18 27 ej
663 395 31 22 till
710 395 84 27 åtgärd.

246 425 85 22 Momm.
349 426 83 20 18—20
448 425 129 27 godkändes.

247 460 42 22 För
304 459 64 28 öfrigt
383 459 113 27 päkallade
514 459 26 22 de
556 459 12 21 &
588 459 39 21 sid.
652 460 26 20 14
700 459 98 21 anmälda
820 458 102 22 rättelser
936 459 8 20 i
960 459 40 21 den

178 489 70 22 finska
262 490 73 21 texten
351 487 22 23 af
386 488 240 27 författningsförslaget
640 487 47 22 icke
702 489 67 26 nägot
783 487 105 28 yttrande.

248 524 47 21 Den
302 525 27 19 22
336 523 126 22 December.
482 523 119 26 Föredrogs
609 523 77 26 utdrag
693 529 25 15 ur
725 522 194 27 Borgareständets
928 523 72 26 proto-

180 553 44 22 koll
231 552 33 22 för
273 552 41 21 den
324 553 25 20 18
361 552 7 21 i
378 552 68 21 denna
455 553 82 25 mänad,
546 551 137 27 hvarigenom
693 551 189 28 Borgareständet,
889 551 67 28 jemte
964 551 37 22 det

181 581 126 22 ständet
276 577 33 35 vid
313 581 157 26 behandlingen
478 581 22 21 af
507 582 154 20 sammansatta
668 581 55 26 Lag-
730 581 39 20 och
777 581 223 21 Ekonomiutskottets

180 609 294 28 sammanjemkningsförslag
482 610 7 21 i
497 609 73 27 frägan
579 609 110 27 angäende
696 609 124 27 förordning
832 616 35 15 om
874 609 127 27 näringarne

180 639 108 21 förkastat
303 638 67 27 sagde
385 638 81 27 förslag
481 639 70 20 sävidt
566 639 66 26 angår
647 638 11 27 $
675 640 25 19 10
716 638 40 21 och
774 638 8 27 $
798 640 21 19 13
836 644 62 15 mom.
906 633 14 37 5
934 638 13 21 i
959 637 42 22 för-

180 667 208 27 fattningsförslaget
402 670 56 19 samt
473 667 96 22 vidhällit
584 667 47 22 sina
648 667 73 21 beslut
734 667 8 21 i
758 667 64 22 dessa
844 667 66 26 delar,
933 667 69 27 inbju-

181 698 38 20 der
233 696 141 22 medständen
390 698 32 20 att
437 696 75 22 förena
527 696 33 27 sig
582 703 35 15 om
638 696 195 27 Borgareständets
856 696 72 22 beslut
942 696 8 21 i
966 696 36 21 de-

180 732 87 16 samma.

252 760 31 22 Pä
297 760 120 22 framställd
432 760 140 28 proposition,
584 760 71 22 beslöt
671 759 163 23 Bondeständet
848 761 38 26 att,
902 760 49 21 med
967 766 35 15 an-

184 790 92 27 tagande
292 789 22 21 af
327 789 153 27 inbjudningen
496 789 74 21 förena
584 790 33 26 sig
632 795 34 15 om
681 789 194 27 Borgareständets
891 789 71 22 beslut
972 789 32 21 uti

182 818 138 23 förenämnda
335 818 59 22 delar
409 818 22 22 af
445 818 140 28 lagförslaget
599 818 93 22 rörande
706 818 136 28 näringarne;

252 854 32 21 att
298 853 164 22 Bondeständet
476 853 103 28 handlagt
594 853 180 22 Statsutskottets
789 853 136 22 betänkande
939 854 64 26 angä-

184 882 54 23 ende
253 882 99 28 samtliga
368 882 26 22 de
409 882 35 22 vid
458 882 130 28 landtdagen
604 882 24 22 är
644 884 53 19 1877
714 881 126 28 ifrägasatta
856 883 75 26 anslag
949 884 55 20 samt

183 913 67 21 sättet
266 911 32 23 för
314 911 138 22 anskaffande
468 911 22 22 af
502 912 70 22 medel
586 912 33 21 till
635 911 115 27 desamma,
768 912 73 22 dervid
852 912 54 22 först
918 912 37 21 det
962 912 42 22 för-

183 941 47 27 slag
244 941 32 21 till
292 941 72 21 beslut
379 940 108 22 utskottet
502 942 14 20 å
531 941 38 21 sid.
588 942 26 20 30
624 940 23 22 af
659 940 147 22 betänkandet
816 940 120 27 framställt,
952 942 52 26 god-

182 970 82 21 kändes
281 969 23 22 af
316 969 168 22 Bondeständet.

250 1004 30 22 Af
294 1004 26 22 de
336 1004 69 21 under
420 1003 67 27 sagde
502 1005 96 21 moment
612 1002 112 29 befintliga
739 1004 161 28 anslagsposter
910 1005 94 26 godkän-

185 1034 37 20 des
246 1034 26 21 de
294 1033 68 21 under
384 1032 120 28 punkterne
528 1035 9 19 1
562 1032 40 22 och
622 1034 18 25 4,
664 1039 48 16 men
728 1033 27 22 de
770 1034 33 21 tre
819 1033 66 27 öfrige
901 1033 69 22 skulle
985 1034 22 21 af

181 1062 109 22 utskottet
312 1062 78 21 ändras
413 1061 40 23 och
475 1063 69 21 rättas
567 1062 8 21 i
598 1060 223 24 öfverensstämmelse
843 1062 48 22 med
907 1063 98 21 ständer-

182 1097 40 16 nas
236 1091 78 22 beslut.
704 1095 2 2 :

251 1125 29 22 Af
293 1126 26 21 de
334 1126 14 20 å
363 1125 39 21 sid.
426 1126 27 21 34
476 1125 132 22 framställda
630 1124 80 28 förslag
732 1126 33 21 till
786 1126 73 21 beslut
881 1127 125 26 godkändes

183 1154 68 22 första
265 1155 125 25 momentet,
405 1153 111 23 hvaremot
532 1154 66 21 andra
616 1154 41 21 och
679 1155 68 27 tredje
770 1156 122 20 momenten
915 1157 91 25 antogos

184 1183 97 25 sålunda,
298 1184 32 20 att
346 1182 27 22 då
387 1182 46 22 deri
447 1184 109 26 upptagne
572 1188 93 16 summor
680 1184 18 26 ej
715 1186 37 18 äro
768 1183 114 27 definitiva,
898 1184 109 22 utskottet

184 1211 130 22 anmodades
338 1210 46 22 deri
405 1211 69 22 införa
495 1212 26 21 de
543 1211 84 27 belopp,
648 1218 46 15 som
715 1212 126 27 betingades
865 1213 23 21 af
908 1212 98 22 ständer-

184 1246 39 16 nas
240 1240 76 22 beslut.

252 1275 76 26 Fjerde
343 1276 117 20 momentet
475 1274 95 27 gillades,
586 1274 66 22 likväl
667 1275 49 21 med
732 1275 36 22 det
783 1276 111 22 uttalande
910 1278 32 20 att
949 1277 57 22 Bon-

186 1303 115 20 deståndet
315 1302 33 21 för
364 1303 32 20 sin
410 1303 35 21 del
460 1303 68 20 finner
543 1303 97 26 lämpligt
655 1305 32 19 att
702 1303 23 21 af
737 1304 96 21 bankens
850 1305 156 26 odisponerade

184 1330 128 22 vinstmedel
334 1331 108 21 användes
464 1331 8 20 i
495 1331 40 21 den
561 1331 89 27 ordning
675 1332 108 21 utskottet
806 1331 112 29 föreslagit
942 1333 65 27 högst

185 1360 112 26 2,641,461
314 1359 61 22 mark
390 1361 27 20 90
432 1359 70 27 penni.

254 1394 123 22 Utskottets
393 1395 13 21 å
421 1394 39 22 sid.
477 1396 25 19 36
518 1393 134 23 framställda
665 1395 87 28 förslag,
768 1396 91 22 rörande
875 1397 26 22 de
924 1397 81 28 anslag,

186 1429 46 16 som
248 1423 60 22 skola
323 1424 69 21 under
407 1423 51 22 åren
483 1424 139 21 1878—1882
645 1424 47 21 från
714 1425 189 23 bränvinsskatten
926 1427 81 27 årligen

184 1453 59 27 utgå,
259 1452 124 28 godkändes
398 1453 32 21 till
446 1453 42 21 alla
504 1452 64 22 delar.

255 1487 137 22 Beträffande
410 1487 120 22 utskottets
552 1487 72 28 kalkyl
647 1488 58 22 öfver
726 1489 280 30 kommunikationsfonden,

187 1516 71 22 beslöt
272 1517 164 21 Bondeståndet
450 1518 33 20 att
498 1517 31 20 till
545 1517 108 22 utskottet
668 1518 158 23 återremittera
848 1520 66 26 sagde
935 1520 73 28 kalkyl

187 1545 49 23 med
252 1546 105 23 anmodan
372 1547 31 21 att
418 1545 107 23 inkomma
539 1546 49 22 med
602 1545 81 29 förslag
698 1547 54 22 huru
768 1548 114 27 utredning
892 1548 36 22 mä
935 1549 72 23 kunna
