1059 1770
211 136 54 20 1564
489 136 39 18 Den
546 135 24 18 19
586 136 105 17 December.

180 200 42 26 len,
239 201 37 20 äro
293 199 93 22 orsaken
400 198 32 22 till
448 200 32 20 att
496 198 26 22 de
536 204 64 15 norra
615 198 75 21 länens
713 198 91 26 räkning
819 198 6 20 i
840 196 162 29 hypoteksföre-

182 228 78 26 ningen
274 228 40 21 har
328 227 70 22 blifvit
413 227 25 21 så
452 229 47 19 stor
513 232 46 16 som
576 226 40 22 den
631 233 29 14 nu
676 228 29 24 är,
719 226 37 28 jag
771 226 64 22 likväl
858 226 62 22 äfven
934 225 69 22 måste

182 256 58 22 hålla
262 256 51 26 före,
330 258 33 19 att
384 256 58 21 inom
463 255 136 27 föreningens
622 255 146 27 organisation
791 255 40 21 och
846 255 7 21 i
868 254 135 28 föreningens

183 284 91 28 styrelse
296 284 122 28 betänkliga
440 284 79 22 brister
542 290 40 20 ega
604 290 52 14 rum.
687 284 49 21 Men
759 289 46 16 som
823 284 69 26 sagdt,
906 284 38 26 jag
959 285 45 19 tror

183 314 55 21 dock
253 314 33 21 att
308 314 41 21 den
372 313 83 27 uppgift
474 319 47 15 som
540 312 232 28 hypoteksföreningen
794 312 32 21 till
846 312 105 28 styrelsen
965 312 39 21 har

182 342 80 21 lemnat
285 342 73 21 derom
382 343 32 20 att
435 341 90 22 främsta
546 341 92 21 orsaken
661 341 32 21 till
715 340 134 27 föreningens
871 342 133 21 närvarande

183 370 105 22 obestånd
303 372 24 20 är
347 372 33 20 att
402 370 54 22 söka
477 370 33 22 uti
531 370 160 26 missväxterne,
707 372 24 19 är
746 370 81 26 ganska
841 370 70 27 rigtig.
928 381 27 4 —
970 370 34 21 Då

183 400 109 21 utskottet
314 401 64 25 säger
400 400 32 20 att
455 405 33 15 om
513 400 85 25 ,staten
620 398 54 22 skall
694 399 62 21 träda
772 398 89 22 emellan
877 398 40 22 och
934 399 70 21 betala

182 428 136 27 föreningens
333 428 108 25 förluster,
458 428 24 21 så
496 428 40 21 bör
551 426 61 23 äfven
627 426 38 22 full
687 427 83 22 visshet
792 427 67 22 finnas
883 428 73 21 derom
972 429 32 20 att

184 457 41 21 den
239 457 99 22 lemnade
353 456 85 28 hjelpen
454 456 40 22 blir
508 456 22 21 af
541 456 108 27 varaktigt
664 462 56 21 gagn
735 456 40 21 och
783 455 124 28 föreningen
918 456 86 27 bringas

183 485 8 22 i
206 492 27 15 en
247 485 92 28 tryggad
354 485 120 27 ställning",
490 485 69 22 måste
572 485 39 26 jag
627 485 70 21 deruti
713 485 57 26 gifva
784 485 107 22 utskottet
906 485 98 22 fullkom-

184 515 40 26 ligt
238 516 50 20 rätt.
318 515 50 21 Men
388 515 37 26 jag
448 520 62 15 anser
532 514 70 21 tillika
624 515 38 25 att,
679 513 27 22 då
721 514 109 21 utskottet
844 516 73 25 säger:
950 514 55 27 ,Det

184 543 56 21 hade
256 542 83 23 derföre
355 543 7 21 i
376 543 119 21 utskottets
510 543 65 21 tanke
590 542 55 21 varit
661 543 122 26 önskvärdt,
795 544 32 20 att
837 542 131 28 föreningen,
976 543 29 27 på

186 578 82 15 samma
290 572 56 26 gång
369 572 41 21 den
432 571 72 21 anhöll
527 578 34 14 om
583 570 124 27 understöd,
722 572 50 20 sökt
787 572 76 20 utreda
879 572 25 21 de
920 572 84 26 brister,

185 606 46 15 som
254 600 114 21 förefinnas
391 600 6 21 i
420 600 136 26 föreningens
578 600 143 26 organisation
744 600 40 21 och
799 600 134 27 förvaltning,
950 602 56 20 samt

185 629 115 21 framställt
314 630 92 26 utvägar
421 629 32 21 till
469 629 62 21 deras
547 628 195 28 undanrödjande*,
759 629 107 21 utskottet
880 630 8 20 i
902 630 44 21 viss
962 636 43 15 me-

184 658 51 26 ning
250 658 40 21 har
304 658 66 26 något
388 657 141 22 öfverskattat
551 657 119 27 inflytelsen
686 657 22 22 af
726 658 63 21 dessa
810 658 85 22 brister.
926 658 41 27 Jag
982 660 24 20 är

184 686 48 22 fullt
247 686 125 28 öfvertygad
388 686 72 22 derom
476 688 32 20 att
524 686 36 22 det
574 686 69 27 ligger
658 686 25 21 sä
698 687 84 27 mycket
797 686 150 28 iföreningens
956 689 50 25 eget

184 716 92 21 intresse
292 716 32 21 att
339 716 64 21 dessa
418 716 78 21 brister
511 715 35 21 mä
560 715 66 22 varda
641 714 104 28 afhjelpta
760 715 40 22 och
816 716 76 26 bragta
906 716 8 21 i
929 716 76 27 dagen,

185 746 33 19 att
232 750 48 16 man
296 744 66 22 borde
375 744 39 21 lita
430 744 71 27 derpä,
511 746 32 19 att
559 744 59 21 detta
634 744 6 20 i
656 744 41 21 den
704 746 109 20 närmaste
828 744 114 22 framtiden
951 745 55 21 skall

186 780 40 20 ega
240 780 53 20 rum,
310 773 123 27 isynnerhet
448 774 66 20 sedan
522 773 66 21 saken
597 780 29 14 nu
634 773 94 27 kommit,
738 773 25 21 sä
772 775 32 19 att
812 776 58 24 säga,
879 774 28 27 pä
916 774 90 28 dagord-

185 802 84 27 ningen.
299 802 42 27 Jag
355 802 80 21 tilläter
450 802 43 27 mig
504 802 65 22 ocksä
584 802 84 27 päpeka
684 803 32 20 att
732 808 25 15 en
772 803 77 27 mängd
859 803 85 27 brister,
961 810 46 14 som

185 831 127 22 förefunnits
323 831 6 21 i
338 830 135 28 föreningens
482 831 150 27 organisation,
646 831 68 21 under
730 832 26 20 de
766 838 76 15 senare
857 832 51 21 åren
916 832 7 21 i
932 832 75 27 sjelfva

185 860 75 22 verket
275 859 68 22 blifvit
358 860 32 21 till
404 862 45 19 stor
465 860 34 21 del
508 859 108 28 afhjelpta.
647 860 41 26 Jag
703 860 91 22 villicke
805 862 95 25 upptaga
910 861 96 22 ständets

186 888 32 21 tid
233 888 39 21 allt
286 888 33 21 för
333 888 69 27 länge,
419 895 48 14 men
480 889 38 26 jag
532 888 54 21 skall
601 888 56 21 blott
672 888 77 21 tillläta
757 889 43 26 mig
808 889 85 27 päpeka
901 890 71 21 säsom
981 896 26 15 en

186 917 22 21 af
222 916 26 22 de
264 917 53 21 allra
332 918 80 20 största
428 917 120 22 bristernai
559 916 134 27 föreningens
702 917 151 28 ursprungliga
861 918 147 27 organisation

187 945 47 27 den,
258 947 32 20 att
310 945 239 27 värderingsdistrikten
568 951 51 16 voro
636 946 24 21 sä
682 946 46 21 smä
751 947 33 20 att
806 946 124 27 föreningen
952 947 55 22 hade

186 974 32 22 uti
234 974 74 22 landet
321 974 96 27 omkring
434 976 40 20 100
490 975 52 21 eller
559 976 39 19 120
610 974 68 22 skilda
688 975 182 27 värderingsmän.
900 976 108 27 Mängden

187 1003 23 22 af
223 1003 65 22 dessa
302 1003 174 28 värderingsmän
491 1003 80 28 gjorde,
588 1004 32 20 att
635 1003 125 28 föreningen
774 1004 69 21 mäste
851 1004 32 22 till
892 1004 64 23 dessa
970 1005 38 22 be-

186 1032 118 27 fattningar
319 1033 79 26 antaga
412 1032 56 22 bäde
484 1032 82 21 sädana
581 1038 45 16 som
641 1032 71 21 kände
727 1033 39 26 till,
783 1033 54 21 huru
860 1040 26 14 en
908 1033 100 27 lägenhet

186 1060 68 22 borde
268 1061 109 26 värderas,
394 1061 40 21 och
450 1061 81 21 sädana
546 1067 46 15 som
607 1060 47 22 icke
670 1061 70 21 kände
756 1062 41 21 det.
828 1062 40 21 Tili
884 1062 52 28 följd
949 1062 61 22 deraf

186 1090 95 26 uppkom
296 1096 27 15 en
338 1090 78 26 mängd
432 1090 56 21 olika
503 1089 161 28 uppfattningar
678 1096 33 15 om
730 1090 221 27 värderingstariffens
966 1092 42 20 till-

186 1118 115 27 lämpning.
331 1118 76 22 Denna
422 1118 184 27 värderingstariff
619 1118 39 22 har
674 1119 66 27 enligt
754 1119 43 21 min
813 1120 57 26 äsigt
884 1120 56 21 varit
957 1126 51 21 gan-

188 1147 40 21 ska
244 1147 64 27 rigtig
322 1147 47 21 frän
384 1147 82 27 början.
496 1148 43 20 Det
554 1147 39 21 har
609 1147 67 21 ocksä
690 1148 57 20 visat
762 1148 32 27 sig
813 1148 91 22 faktiskt
918 1150 38 25 att,
974 1156 34 14 om

188 1175 41 21 den
244 1176 74 26 rigtigt
334 1175 124 27 tillämpats,
475 1176 24 20 sä
521 1175 63 23 hafva
607 1176 165 27 värderingarne
795 1176 121 27 ingalunda,
932 1178 76 20 ätmin-

188 1205 62 20 stone
265 1204 7 20 i
288 1204 64 21 södra
368 1204 62 21 delen
446 1204 22 21 af
481 1204 79 26 landet,
581 1204 68 21 blifvit
664 1204 32 22 för
718 1205 62 26 höga.
811 1206 75 21 Denna
908 1206 55 21 brist
985 1208 23 19 är

189 1232 55 21 dock
259 1238 88 15 numera
363 1232 96 27 afhjelpt,
471 1233 67 21 sedan
552 1232 124 27 föreningen
691 1234 75 20 endast
781 1234 39 20 har
829 1234 35 21 två
874 1234 134 27 värderings-

188 1262 49 20 män
252 1260 7 22 i
274 1260 73 28 hvarje
362 1260 45 27 län;
424 1260 40 22 och
479 1268 48 14 man
542 1261 39 21 har
596 1261 67 21 ocksä
678 1262 92 21 derefter
786 1263 44 21 sett
849 1264 32 20 att
900 1263 108 21 värderin-

188 1295 65 20 garne
268 1289 69 22 blifvit
347 1289 49 21 med
407 1290 48 21 vida
469 1291 70 20 större
551 1289 157 27 tillförlitlighet
720 1290 39 22 och
768 1292 68 20 större
849 1291 160 22 sakkännedom

188 1317 137 21 verkställda.
341 1328 28 3 —
384 1318 43 20 Det
442 1318 38 20 har
495 1318 55 20 varit
564 1318 36 20 vid
620 1318 107 21 särskilda
749 1318 178 27 bolagsstämmor
948 1319 62 27 fråga

189 1351 39 20 om,
245 1345 7 21 i
267 1345 86 22 hvilken
368 1345 94 27 riktning
478 1352 25 15 en
520 1345 66 22 delvis
602 1346 170 26 reorganisation
782 1347 22 21 af
810 1346 123 28 föreningen
942 1348 67 21 borde

189 1373 45 27 ske,
251 1380 49 15 men
314 1374 67 27 nägra
397 1373 108 22 definitiva
519 1374 71 21 beslut
605 1373 63 22 hafva
690 1375 72 21 derom
786 1377 57 20 ännu
858 1376 47 21 icke
927 1376 83 22 kunnat

188 1402 85 22 komma
289 1403 32 21 till
337 1403 69 22 ständ.
436 1403 62 22 Hvad
514 1402 100 23 beträffar
630 1403 40 22 den
686 1403 22 22 af
728 1404 50 22 herr
800 1404 150 28 Björkenheim
972 1412 34 15 an-

188 1432 84 21 märkta
287 1431 82 22 bristen
383 1431 28 28 pä
430 1432 91 22 intresse
543 1432 39 21 hos
605 1431 135 29 föreningens
765 1433 105 28 delegare,
893 1434 25 22 sä
940 1435 69 22 måste

189 1460 67 22 också
268 1461 37 27 jag
320 1461 114 22 instämma
448 1461 49 22 med
512 1461 49 22 herr
574 1461 151 27 Björkenheim
741 1462 51 27 deri,
809 1464 31 21 att
860 1463 102 22 intresset
976 1463 34 23 för

190 1489 138 28 deltagandet
350 1490 32 21 uti
404 1490 64 22 dessa
490 1490 179 27 bolagsstämmor
691 1491 56 22 visat
770 1492 32 27 sig
821 1492 37 22 bra
873 1499 43 21 nog
931 1493 77 28 slappt,

190 1525 49 15 men
252 1519 8 21 i
275 1519 69 21 likhet
358 1519 49 21 med
423 1525 26 15 en
464 1519 127 27 föregäende
608 1519 50 21 ärad
674 1520 73 26 talare,
764 1521 49 21 herr
822 1527 41 15 von
870 1521 138 27 Willebrand,

189 1547 39 23 har
244 1547 66 22 också
322 1548 37 27 jag
374 1548 60 21 hållit
449 1547 51 28 före,
517 1549 33 20 att
565 1554 26 16 en
607 1548 64 22 orsak
686 1549 46 21 häri
747 1549 74 22 består
836 1550 45 22 deri
896 1552 33 20 att
943 1551 66 21 man
995 1543 17 37 i
