1056 1814
369 137 39 19 Den
425 136 25 20 22
467 140 103 18 December.
794 138 51 21 1607

56 200 168 22 Bankutskottet
244 200 86 23 formelt
351 202 72 22 kunna
445 202 63 22 hafva
530 202 47 22 skäl
599 202 33 22 till
647 209 26 16 en
688 203 67 22 sådan
771 210 104 15 samman-

54 230 110 27 jemkning
179 236 47 15 som
239 230 41 21 här
294 232 25 20 är
332 230 110 28 framlagd,
459 231 79 22 tillåter
550 232 38 27 jag
607 232 43 26 mig
671 232 28 26 på
722 232 38 22 det
782 232 94 22 bestäm-

57 258 62 22 daste
135 258 95 29 afstyrka
245 258 58 22 bifall
319 259 33 21 till
366 260 118 22 utskottets
499 260 87 28 förslag.
616 260 195 28 Bankfullmäktige
820 261 56 21 hade

56 287 40 22 hos
118 288 168 21 Bankutskottet
307 288 115 22 framhållit
443 289 186 27 nödvändigheten
647 289 22 21 af
690 296 27 15 en
731 289 146 27 förändring
866 283 14 37 i

55 316 142 27 reglementet
212 316 86 26 derhän,
316 318 32 20 att
364 318 36 20 det
413 317 85 27 belopp,
508 318 100 22 hvarmed
617 318 190 22 sedelemissionen
819 318 56 27 finge

56 344 116 28 öfverstiga
187 345 41 21 den
242 345 122 22 metalliska
378 346 92 26 valutan,
493 345 33 23 för
548 353 27 15 en
597 346 141 28 öfvergående
760 347 32 21 tid
809 347 68 21 måtte

56 372 47 23 från
118 374 26 21 de
159 374 124 22 fastställda
298 375 28 21 20
339 374 124 28 miljonerna
478 374 21 22 få
514 375 61 27 höjas
591 375 32 21 till
639 376 32 20 ett
686 375 78 28 belopp
779 375 23 22 af
821 376 56 21 ända

56 402 32 22 till
104 404 25 20 25
146 403 103 27 miljoner.
279 403 181 22 Bankutskottets
475 404 111 27 pluralitet
606 404 51 22 fann
679 404 33 27 sig
733 404 48 22 icke
804 404 73 22 kunna

55 431 109 28 tillstyrka
187 438 27 16 en
236 432 67 22 sådan
326 432 81 26 åtgärd.
437 432 170 22 Bankutskottet
628 432 95 28 föreslog
746 433 77 22 endast
845 434 32 21 att

56 460 117 22 ständerna
194 461 68 21 måtte
284 460 74 22 bifalla
380 461 72 21 dertill
474 463 33 20 att
528 461 196 28 bankfullmäktige,
744 462 87 22 oafsedt
845 464 32 20 att

55 489 132 28 landtdagen
202 492 24 19 är
240 489 122 27 församlad,
378 490 70 22 skulle
463 496 51 16 vara
528 490 136 28 berättigade
686 492 32 20 att
732 491 96 27 begagna
844 491 33 27 sig

55 518 23 22 af
92 520 41 21 den
147 520 45 20 rätt
207 524 46 17 som
268 519 128 22 tillkommer
410 519 190 28 bankfullmäktige
616 520 32 21 att
668 520 89 21 emellan
777 520 100 22 landtda-

56 554 65 21 garne
136 548 40 21 hos
192 548 59 22 Hans
267 548 102 27 Majestät
386 547 80 23 föreslå
487 548 149 27 förändringar
650 549 7 20 i
672 549 204 27 bankreglementet.

56 577 41 27 Jag
112 577 58 22 tillät
184 577 43 26 mig
243 577 27 21 då
285 578 33 21 att
332 577 50 27 foga
396 583 26 15 en
437 578 133 21 reservation
588 577 33 22 till
642 577 181 22 Bankutskottets
839 578 37 21 be-

56 606 114 21 tänkande.
201 606 75 21 Denna
290 606 134 21 reservation
438 607 77 26 antogs
538 606 22 22 af
580 606 158 27 Ridderskapet
752 607 41 21 och
808 607 69 21 Adeln

57 635 39 21 och
111 634 173 27 Bondeståndet;
300 635 41 21 den
356 634 37 22 föll
408 635 7 20 i
428 635 163 22 Presteståndet
610 641 49 16 men
680 635 50 22 med
754 635 41 22 den
817 635 60 27 ringa

55 663 138 28 pluraliteten
215 663 22 22 af
258 669 27 15 en
306 664 54 21 röst.
389 663 31 21 På
443 663 27 22 de
493 663 47 22 skäl
560 669 46 16 som
628 664 36 20 vid
686 664 41 21 den
746 663 131 28 föregående

57 691 151 22 diskussionen
223 691 69 22 blifvit
308 691 22 22 af
343 691 43 28 mig
401 692 40 21 och
457 693 66 20 andra
538 692 132 27 framhällna,
687 693 40 21 och
744 693 30 27 pä
789 693 26 21 de
831 693 46 21 skäl

57 727 47 16 som
117 721 8 21 i
139 720 203 28 bankfullmäktiges
357 720 111 22 skrifvelse
482 721 56 27 ingä,
554 721 68 22 häller
634 721 38 27 jag
686 721 131 22 fortfarande
831 721 47 22 före

57 751 33 20 att
104 749 158 27 Ridderskapet
278 749 38 22 och
333 749 68 22 Adeln
415 749 49 22 icke
478 750 39 21 har
531 750 66 27 något
612 749 47 22 skäl
674 751 32 20 att
720 749 76 28 frångå
803 750 39 21 sitt
851 749 27 22 dä

56 778 83 22 fattade
154 778 77 22 beslut.
246 789 2 4 -
262 778 42 21 Det
320 779 23 20 är
358 778 105 27 nemligen
478 778 33 22 för
525 779 43 27 mig
584 778 39 22 allt
637 778 131 22 fortfarande
782 778 95 23 otvifvel-

56 808 70 27 aktigt
141 809 32 20 att
188 807 190 27 bankfullmäktige
394 807 61 22 skola
470 807 76 22 endast
560 807 7 22 i
582 809 92 25 yttersta
684 808 42 21 nöd
737 808 97 27 begagna
844 807 33 27 sig

58 836 22 22 af
93 837 41 21 den
149 837 43 20 rätt
208 837 48 21 dem
271 836 128 21 tillkommer
413 837 33 20 att
460 835 80 23 föreslä
554 836 148 27 förändringar
724 836 7 21 i
754 837 32 22 ett
807 837 70 26 regle-

56 867 72 20 mente
144 871 46 16 som
206 867 24 20 är
244 866 88 26 antaget
348 865 20 21 at
383 866 103 26 regenten
501 865 40 22 och
556 865 125 27 ständerna;
699 865 37 22 det
750 867 24 20 är
789 865 33 22 för
834 865 43 27 mig

57 894 38 22 allt
110 894 129 22 fortfarande
255 893 157 28 otvifvelaktigt
428 895 32 20 att
474 894 57 21 inom
547 894 69 22 denna
631 895 109 21 närmaste
754 894 86 22 framtid
851 900 26 16 en

56 923 56 22 våda
125 923 85 22 komme
226 924 32 20 att
272 922 33 22 för
320 922 160 22 affärsrörelsen
494 923 8 21 i
516 923 73 21 landet
610 923 81 27 uppstå
713 922 61 23 deraf
796 924 33 20 att
843 929 34 16 se-

58 952 220 22 delemissionsrätten
293 951 8 21 i
315 951 99 22 Finlands
430 951 58 22 bank
503 953 25 20 är
544 951 120 27 inskränkt,
686 952 28 27 pä
737 953 44 20 sätt
803 958 29 15 nu
853 953 25 20 är

56 981 66 22 fallet.
153 981 104 27 Slutligen
272 980 36 22 vill
320 980 38 28 jag
371 980 111 22 framhälla
497 981 72 21 säsom
584 979 50 23 stöd
648 979 33 23 för
692 980 69 22 denna
770 980 63 28 äsigt,
845 981 33 21 att

56 1010 68 22 under
140 1010 148 22 diskussionen
304 1009 57 23 inom
377 1008 26 23 de
418 1008 68 28 öfriga
501 1010 89 21 ständen
606 1009 99 27 samtliga
721 1009 26 22 de
768 1009 48 27 fyra
829 1016 48 20 per-

58 1045 68 21 soner,
144 1038 22 22 ät
180 1038 72 22 hvilka
266 1038 117 22 ständerna
396 1038 34 22 för
445 1038 42 22 den
501 1039 109 21 närmaste
629 1037 87 23 framtid
738 1038 140 22 öfverlemnat

56 1068 156 27 förvaltningen
228 1068 40 21 och
282 1066 114 28 uppsigten
412 1066 58 22 öfver
485 1067 99 22 Finlands
600 1067 63 26 bank,
686 1066 85 23 förenat
793 1067 34 27 sig
843 1073 33 15 om

58 1097 40 21 den
114 1096 22 22 af
149 1097 43 26 mig
207 1096 7 21 i
229 1096 43 22 min
286 1096 133 22 reservation
434 1095 124 23 framhällna
573 1095 150 29 grundsatsen.
752 1096 42 27 Jag
807 1096 70 22 måste

58 1125 62 22 äfven
134 1125 112 22 framhålla
261 1127 38 24 att,
316 1131 34 15 om
364 1125 181 22 Bankutskottets
560 1124 80 28 förslag
654 1131 31 15 nu
700 1124 22 22 af
738 1124 87 22 ståndet
840 1131 37 15 an-

58 1156 60 26 tages
134 1154 8 22 i
157 1154 51 22 elfte
223 1154 88 22 timman
326 1153 22 23 af
360 1153 142 27 landtdagens
519 1160 152 20 sammanvaro,
688 1154 24 21 sä
720 1154 89 22 innebär
817 1154 61 22 detta

57 1184 111 26 ingenting
182 1185 65 20 annat
262 1185 27 19 än
305 1184 32 20 ett
350 1185 34 25 nej
400 1183 29 27 pä
443 1182 203 28 bankfullmäktiges
662 1182 104 22 anhällan.
782 1194 28 4 —
825 1182 53 22 Förr

58 1214 27 20 än
100 1212 190 27 bankfullmäktige
306 1211 68 22 skulle
389 1212 77 26 kunna,
483 1212 66 21 sedan
565 1211 64 22 dessa
644 1211 73 22 beslut
731 1211 70 21 blifvit
808 1212 69 27 juste-

58 1241 58 26 rade,
132 1241 99 27 begagna
246 1240 33 28 sig
294 1240 23 22 af
330 1240 42 22 den
388 1240 48 22 dem
451 1240 128 22 tillerkända
593 1242 45 20 rätt
653 1242 32 19 att
708 1240 32 27 de,
756 1240 121 22 oberoende

59 1269 22 22 af
95 1271 32 20 att
142 1269 130 27 landtdagen
287 1272 24 18 är
326 1268 89 28 samlad,
431 1269 22 21 fä
467 1269 49 27 ingä
531 1270 49 21 med
601 1268 156 28 framställning
779 1275 34 15 om
835 1269 42 21 tör-

58 1298 90 28 ändring
170 1298 23 22 af
213 1298 204 27 bankreglementet,
433 1298 40 21 har
495 1298 129 27 landtdagen
646 1298 93 26 upphört
761 1299 33 19 att
808 1297 69 21 finnas

58 1328 40 26 till,
121 1327 40 22 och
183 1327 203 27 bankfullmäktiges
408 1328 45 20 rätt
474 1326 102 27 inträder,
591 1326 181 22 Bankutskottets
797 1325 81 28 förslag

58 1357 92 21 förutan.
166 1368 28 4 —
208 1356 42 26 Jag
272 1356 66 27 vägar
362 1355 110 22 vördsamt
493 1355 85 22 förorda
600 1357 32 19 att
655 1355 159 26 Ridderskapet
838 1355 41 21 och

59 1386 68 21 Adeln
149 1385 49 21 med
220 1384 113 28 afböjande
356 1384 22 21 af
398 1384 180 22 Bankutskottets
600 1383 81 27 förslag
695 1384 67 21 mätte
777 1382 101 23 vidblifva

60 1414 38 22 sitt
112 1413 57 22 förut
184 1413 82 22 fattade
281 1413 77 21 beslut.

127 1442 56 21 Herr
198 1443 182 25 Montgomery:
410 1440 42 27 Jag
466 1441 40 21 bör
520 1442 24 20 sä
558 1441 85 27 mycket
658 1440 67 21 hellre
738 1439 141 27 understödja

59 1471 49 21 herr
122 1470 162 27 Björkenheims
299 1469 87 26 förslag,
402 1475 46 15 som
464 1469 41 21 den
520 1469 82 26 ätgärd,
613 1469 86 21 hvilken
710 1468 169 21 Bankutskottet

58 1500 40 21 hos
114 1499 116 21 ständerna
244 1498 99 26 föreslog,
360 1497 66 27 enligt
440 1497 56 21 hvad
510 1498 50 20 herr
574 1497 150 27 Björkenheim
742 1497 82 27 antydt,
840 1503 39 14 nu-

58 1532 59 17 mera
146 1526 128 27 fullkomligt
304 1526 78 21 saknar
415 1526 118 27 betydelse.
564 1521 9 36 =
585 1525 171 22 Bankutskottet
788 1525 91 22 föreslår

59 1557 56 21 blott
130 1558 32 20 ett
177 1555 111 22 uttalande
303 1557 33 20 att
351 1555 188 27 bankfullmäktige
555 1555 69 22 skulle
640 1555 73 21 kunna
731 1554 67 22 redan
810 1554 69 22 under

790 1598 20 15 11
