1061 1784
392 120 40 18 Den
448 119 11 19 9
475 120 81 18 Januari.
806 119 54 21 1709

138 184 41 23 Vid
197 186 25 20 17
239 184 33 28 &n
288 185 85 27 yttrade

137 214 56 22 Herr
209 214 141 22 Mechelin:
380 214 41 27 Jag
443 220 63 15 anser
521 214 125 27 visserligen
661 214 170 28 Ridderskapets
848 215 40 22 och

70 243 80 21 Adelns
172 243 72 21 beslut
265 243 92 21 rörande
380 243 10 27 $
407 244 25 20 17
450 249 40 20 ega
505 242 107 23 företräde
627 243 86 22 framför
728 243 27 22 de
770 244 37 21 två
822 244 67 21 andra

71 272 109 26 ståndens,
200 278 47 15 men
263 271 153 28 Lagutskottet
430 271 39 22 har
485 273 51 20 utan
551 271 71 22 tvifvel
638 271 83 22 förfarit
737 271 55 23 efter
807 273 81 26 vanlig-

70 301 65 22 heten
158 301 75 27 riktigt
248 307 76 21 genom
339 303 33 19 att
386 301 83 26 grunda
484 300 318 28 sammanjemkningsförslaget
816 302 29 26 på
860 302 26 21 de

70 331 77 21 tvenne
163 330 67 21 andra
245 329 102 22 ståndens
363 329 71 22 beslut
451 329 39 22 och
504 335 36 16 ser
552 330 38 27 jag
602 329 48 22 icke
665 330 66 27 något
747 330 86 22 absolut
841 331 46 21 hin-

69 359 43 27 der,
129 359 98 22 hvarföre
242 359 48 22 icke
305 358 102 28 förslaget
421 359 7 21 i
444 359 69 22 denna
529 358 34 22 del
578 359 72 22 kunde
666 359 130 27 godkännas.

138 389 98 21 Friherre
259 387 101 28 Wrede,
384 387 93 28 August:
507 388 42 27 Jag
570 387 36 22 vill
619 388 56 22 blott
690 389 103 21 anmärka
808 390 33 20 att
856 390 32 21 ett

69 417 78 22 sådant
162 417 73 22 beslut
249 416 46 23 icke
312 417 68 22 skulle
396 417 188 22 öfverensstämma
599 417 49 22 med
662 417 169 28 Ridderskapets
848 418 40 23 och

70 447 80 22 Adelns
167 447 71 22 beslut
252 446 7 21 i
275 446 10 28 $
301 448 19 19 3.

137 475 146 28 Proposition:

139 505 65 26 »Den,
221 511 46 15 som
283 504 124 28 godkänner
417 504 164 27 Lagutskottets
591 505 295 28 sammanjemkningsförslag

69 534 134 22 beträffande
218 533 11 28 $
246 535 25 20 17
288 533 22 22 af
323 533 160 28 ifrågavarande
498 533 217 28 författningsförslag
731 540 73 16 svarar
816 535 32 28 ja;

135 563 74 22 vinner
223 563 41 28 nej,
280 563 108 22 förkastas
403 563 165 27 Lagutskottets
582 563 81 26 förslag
678 563 110 27 angående
797 563 89 23 berörde

67 592 121 28 paragraf".

137 622 82 22 Genom
235 621 69 23 denna
319 621 143 28 propositions
477 621 131 22 besvarande
623 621 50 22 med
688 621 156 28 öfvervägande
852 623 33 27 nej

67 657 37 15 var
119 650 320 28 sammanjemkningsförslaget
453 650 121 22 förkastadt
588 651 90 21 rörande
694 650 10 28 $
721 653 33 19 17.

136 680 41 22 Om
191 680 11 28 $
219 682 24 20 19
259 680 85 27 yttrade

133 710 57 22 Herr
204 709 140 22 Mechelin:
374 708 153 28 Lagutskottet
541 709 39 21 har
594 709 111 22 betraktat
712 708 173 24 Bondeständets

66 739 72 21 beslut
159 740 32 20 att
205 738 96 22 förkasta
315 738 49 22 hela
379 737 138 28 lagförslaget
532 738 71 22 säsom
618 738 85 27 sädant,
719 740 33 20 att
768 738 36 23 det
819 739 66 22 borde

67 768 76 22 citeras
167 768 103 21 särskildt
291 767 8 21 i
321 766 101 22 afseende
445 767 13 21 &
476 767 11 27 &
504 768 32 26 19,
553 767 39 22 och
608 768 33 20 att
657 767 37 22 det
709 767 91 22 sålunda
815 768 70 22 skulle

65 796 68 22 finnas
158 799 32 19 tre
213 797 74 21 ständs
310 796 109 27 pluralitet
441 796 34 22 för
496 796 148 22 uteslutandet
659 796 22 22 af
695 796 70 22 denna
779 796 105 28 paragraf.

65 826 42 27 Jag
121 826 43 21 kan
179 826 49 22 icke
243 825 48 22 fullt
307 825 47 22 dela
370 825 60 21 detta
445 826 45 20 sätt
505 826 32 20 att
551 825 101 22 betrakta
665 825 81 27 frägan,
762 827 23 26 ty
793 826 29 21 dä
828 826 57 22 Bon-

66 855 115 21 deständet
203 854 106 22 förkastat
331 854 49 22 hela
402 854 62 21 detta
485 852 85 29 förslag,
594 854 24 21 sä
640 854 62 27 följer
717 854 61 22 deraf
791 855 47 21 icke
854 856 32 20 att

64 884 170 27 Bondeständet,
255 884 73 22 derest
343 883 37 22 det
395 883 76 22 skridit
486 883 32 22 till
534 883 197 28 detaljgranskning
746 883 23 22 af
782 883 103 28 förslaget

65 914 40 21 och
121 913 82 28 antagit
219 913 124 26 detsamma,
358 913 70 21 skulle
448 912 163 28 nödvändigtvis
627 912 63 22 hafva
703 913 108 22 förkastat
825 912 11 28 $
852 915 32 20 19.

65 943 49 22 Men
130 943 121 21 oberoende
266 942 61 22 deraf
341 948 62 22 synes
419 941 44 28 mig
478 944 32 19 att
525 941 158 28 Ridderskapet
698 942 40 21 och
753 942 69 22 Adeln
836 943 49 21 icke

63 972 40 22 har
126 972 48 22 skäl
197 973 32 20 att
243 971 76 28 frångå
334 971 32 22 sin
382 971 62 28 äsigt,
461 972 32 21 att
508 971 11 28 $
534 972 25 20 19
576 971 39 22 bör
630 971 6 21 i
651 971 63 27 lagen
728 971 76 27 finnas,
820 971 64 22 efter-

64 1008 46 15 som
125 1001 159 28 Ridderskapet
299 1000 40 23 och
355 1000 68 22 Adeln
439 1000 34 22 vid
489 1000 157 27 behandlingen
662 999 22 23 af
698 1001 60 21 detta
767 1000 116 28 lagförslag

64 1031 125 28 allvarligen
205 1031 68 21 tillika
289 1030 93 22 önskade
399 1031 32 20 att
446 1030 62 27 lagen
524 1029 34 22 mä
572 1030 86 21 komma
672 1029 32 22 till
719 1030 69 22 ständ.
819 1030 65 22 Päde

65 1061 52 26 skäl,
139 1061 37 27 jag
199 1060 67 22 under
281 1060 41 21 den
338 1059 105 22 allmänna
459 1059 101 22 debatten
575 1059 121 27 framställt,
711 1059 64 22 utber
788 1059 37 28 jag
839 1059 44 28 mig

63 1089 22 22 få
100 1089 108 28 tillstyrka
223 1091 32 20 att
271 1089 158 27 Ridderskapet
445 1088 39 22 och
499 1088 68 22 Adeln
582 1088 49 22 ville
646 1087 102 23 vidblifva
763 1089 39 21 sitt
812 1089 72 22 beslut

65 1119 72 21 derom
161 1119 32 21 att
215 1118 11 28 $
251 1120 31 24 19,
306 1118 67 21 sådan
396 1117 42 22 den
453 1119 24 19 är
491 1117 23 22 af
527 1117 108 22 utskottet
648 1116 128 28 föreslagen,
792 1117 70 22 skulle
876 1117 7 21 i

64 1147 137 28 lagförslaget
216 1147 55 27 ingä.

132 1177 56 21 Herr
201 1175 206 27 Nordenskiöld,
423 1175 46 21 Nils
485 1175 61 22 Karl:
578 1174 42 28 Jag
635 1174 84 23 förenar
734 1175 44 27 mig
793 1181 34 16 om
835 1175 49 22 herr

64 1205 118 23 Mechelins
198 1207 87 20 senaste
299 1204 99 28 yttrande
414 1204 39 22 och
470 1205 53 21 hans
538 1204 68 22 under
621 1204 40 22 den
677 1204 107 22 allmänna
799 1204 84 22 diskus-

65 1235 74 22 sionen
162 1234 75 28 gjorda
259 1234 80 27 förslag
360 1235 33 20 att
407 1234 88 27 inbjuda
510 1234 140 22 medständen
665 1235 33 20 att
712 1232 74 24 förena
801 1234 33 27 sig
849 1240 34 15 om

64 1264 37 21 det
117 1264 22 22 af
153 1263 158 27 Ridderskapet
326 1263 40 21 och
380 1262 70 22 Adeln
464 1262 82 22 fattade
561 1262 78 22 beslut.

131 1292 56 22 Herr
202 1292 189 26 Montgomery:
421 1291 42 27 Jag
477 1291 63 21 utber
554 1291 44 26 mig
613 1291 55 21 blott
683 1292 33 20 att
730 1291 22 21 få
760 1290 73 23 förena
840 1291 43 27 mig

65 1322 72 21 derom
160 1322 33 20 att
207 1320 159 27 Ridderskapet
381 1320 40 22 och
437 1320 68 22 Adeln
519 1320 48 22 icke
582 1320 70 22 skulle
667 1320 76 26 frängä
758 1320 39 21 sitt
811 1320 72 22 beslut

63 1350 8 22 i
86 1350 101 22 afseende
203 1350 13 20 å
230 1349 132 27 paragrafen.

131 1379 56 21 Herr
209 1378 74 22 Rein:
314 1378 41 26 Jag
376 1377 39 22 ber
430 1377 67 22 också
512 1378 32 21 att
558 1376 22 22 få
594 1377 8 21 i
617 1377 69 21 denna
701 1376 35 23 del
750 1376 74 23 förena
839 1377 44 27 mig

63 1408 48 20 med
126 1408 50 20 herr
190 1406 111 25 Mechelin,
319 1406 89 21 emedan
420 1406 39 26 jag
473 1412 63 15 anser
551 1407 33 19 att
599 1405 22 21 af
633 1406 137 25 paragrafens
786 1405 96 21 bibehål-

62 1436 64 21 lande
142 1435 49 21 hela
206 1434 114 26 förslagets
337 1434 40 21 öde
392 1436 23 19 är
430 1434 114 21 beroende.

132 1463 145 28 Proposition:

133 1492 142 27 »Godkänner
291 1491 158 27 Ridderskapet
465 1491 40 21 och
523 1490 67 22 Adeln
606 1490 166 28 Lagutskottets
787 1490 94 28 uppfatt-

63 1522 49 27 ning
128 1523 33 20 att
176 1520 10 29 $
204 1523 25 19 19
245 1522 39 21 bör
299 1527 25 15 ur
339 1519 239 28 författningsförslaget
591 1519 41 22 N:o
650 1522 8 18 1
674 1520 63 27 utgå;

132 1550 74 22 vinner
228 1550 41 27 nej,
292 1549 149 22 underkännes
465 1548 118 23 utskottets
602 1548 135 27 uppfattning
752 1548 74 22 härom
841 1548 40 23 och
