<?xml version="1.0" encoding="UTF-8"?>
<alto xmlns="http://www.loc.gov/standards/alto/ns-v3#" xmlns:xlink="http://www.w3.org/1999/xlink" xmlns:xsi="http://www.w3.org/2001/XMLSchema-instance" xsi:schemaLocation="http://www.loc.gov/standards/alto/ns-v3# http://www.loc.gov/alto/v3/alto-3-0.xsd">
	<Description>
		<MeasurementUnit>pixel</MeasurementUnit>
		<sourceImageInformation>
			<fileName>/tmp/tess_mdvo_jrs_input.PNG</fileName>
		</sourceImageInformation>
		<OCRProcessing ID="OCR_0">
			<ocrProcessingStep>
				<processingSoftware>
					<softwareName>tesseract 5.3.4</softwareName>
				</processingSoftware>
			</ocrProcessingStep>
		</OCRProcessing>
	</Description>
	<Layout>
		<Page WIDTH="1053" HEIGHT="1781" PHYSICAL_IMG_NR="0" ID="page_0">
			<PrintSpace HPOS="0" VPOS="0" WIDTH="1053" HEIGHT="1781">
				<ComposedBlock ID="cblock_0" HPOS="201" VPOS="133" WIDTH="464" HEIGHT="23">
					<TextBlock ID="block_0" HPOS="201" VPOS="133" WIDTH="464" HEIGHT="23">
						<TextLine ID="line_0" HPOS="201" VPOS="133" WIDTH="464" HEIGHT="23">
							<String ID="string_0" HPOS="201" VPOS="135" WIDTH="54" HEIGHT="21" WC="0.96" CONTENT="1670"/><SP WIDTH="248" VPOS="135" HPOS="255"/>
							<String ID="string_1" HPOS="503" VPOS="136" WIDTH="39" HEIGHT="17" WC="0.96" CONTENT="Den"/><SP WIDTH="15" VPOS="136" HPOS="542"/>
							<String ID="string_2" HPOS="557" VPOS="133" WIDTH="11" HEIGHT="19" WC="0.95" CONTENT="5"/><SP WIDTH="16" VPOS="133" HPOS="568"/>
							<String ID="string_3" HPOS="584" VPOS="135" WIDTH="81" HEIGHT="18" WC="0.95" CONTENT="Januari."/>
						</TextLine>
					</TextBlock>
				</ComposedBlock>
				<ComposedBlock ID="cblock_1" HPOS="167" VPOS="196" WIDTH="830" HEIGHT="1377">
					<TextBlock ID="block_1" HPOS="167" VPOS="196" WIDTH="821" HEIGHT="144">
						<TextLine ID="line_1" HPOS="167" VPOS="196" WIDTH="820" HEIGHT="28">
							<String ID="string_4" HPOS="167" VPOS="199" WIDTH="59" HEIGHT="22" WC="0.96" CONTENT="bifall"/><SP WIDTH="23" VPOS="199" HPOS="226"/>
							<String ID="string_5" HPOS="249" VPOS="199" WIDTH="32" HEIGHT="21" WC="0.92" CONTENT="till"/><SP WIDTH="22" VPOS="199" HPOS="281"/>
							<String ID="string_6" HPOS="303" VPOS="198" WIDTH="221" HEIGHT="22" WC="0.90" CONTENT="knektekontraktens"/><SP WIDTH="23" VPOS="198" HPOS="524"/>
							<String ID="string_7" HPOS="547" VPOS="197" WIDTH="149" HEIGHT="27" WC="0.90" CONTENT="upphäfvande"/><SP WIDTH="16" VPOS="197" HPOS="696"/>
							<String ID="string_8" HPOS="712" VPOS="197" WIDTH="70" HEIGHT="22" WC="0.93" CONTENT="skulle"/><SP WIDTH="13" VPOS="197" HPOS="782"/>
							<String ID="string_9" HPOS="795" VPOS="197" WIDTH="89" HEIGHT="25" WC="0.92" CONTENT="lemnas,"/><SP WIDTH="15" VPOS="197" HPOS="884"/>
							<String ID="string_10" HPOS="899" VPOS="196" WIDTH="39" HEIGHT="21" WC="0.93" CONTENT="har"/><SP WIDTH="15" VPOS="196" HPOS="938"/>
							<String ID="string_11" HPOS="953" VPOS="197" WIDTH="34" HEIGHT="20" WC="0.91" CONTENT="ut-"/>
						</TextLine>
						<TextLine ID="line_2" HPOS="168" VPOS="225" WIDTH="819" HEIGHT="29">
							<String ID="string_12" HPOS="168" VPOS="228" WIDTH="82" HEIGHT="21" WC="0.96" CONTENT="skottet"/><SP WIDTH="15" VPOS="228" HPOS="250"/>
							<String ID="string_13" HPOS="265" VPOS="227" WIDTH="69" HEIGHT="22" WC="0.96" CONTENT="funnit"/><SP WIDTH="15" VPOS="227" HPOS="334"/>
							<String ID="string_14" HPOS="349" VPOS="228" WIDTH="32" HEIGHT="20" WC="0.96" CONTENT="att"/><SP WIDTH="15" VPOS="228" HPOS="381"/>
							<String ID="string_15" HPOS="396" VPOS="226" WIDTH="73" HEIGHT="28" WC="0.96" CONTENT="frågan"/><SP WIDTH="17" VPOS="226" HPOS="469"/>
							<String ID="string_16" HPOS="486" VPOS="233" WIDTH="34" HEIGHT="14" WC="0.96" CONTENT="om"/><SP WIDTH="14" VPOS="233" HPOS="520"/>
							<String ID="string_17" HPOS="534" VPOS="227" WIDTH="92" HEIGHT="21" WC="0.93" CONTENT="berörda"/><SP WIDTH="10" VPOS="227" HPOS="626"/>
							<String ID="string_18" HPOS="636" VPOS="226" WIDTH="193" HEIGHT="21" WC="0.91" CONTENT="knektekontrakts"/><SP WIDTH="9" VPOS="226" HPOS="829"/>
							<String ID="string_19" HPOS="838" VPOS="225" WIDTH="149" HEIGHT="27" WC="0.91" CONTENT="upphäfvande"/>
						</TextLine>
						<TextLine ID="line_3" HPOS="167" VPOS="253" WIDTH="820" HEIGHT="29">
							<String ID="string_20" HPOS="167" VPOS="257" WIDTH="40" HEIGHT="22" WC="0.96" CONTENT="bör"/><SP WIDTH="15" VPOS="257" HPOS="207"/>
							<String ID="string_21" HPOS="222" VPOS="262" WIDTH="63" HEIGHT="15" WC="0.96" CONTENT="anses"/><SP WIDTH="15" VPOS="262" HPOS="285"/>
							<String ID="string_22" HPOS="300" VPOS="255" WIDTH="64" HEIGHT="22" WC="0.96" CONTENT="hafva"/><SP WIDTH="13" VPOS="255" HPOS="364"/>
							<String ID="string_23" HPOS="377" VPOS="255" WIDTH="34" HEIGHT="22" WC="0.96" CONTENT="för"/><SP WIDTH="15" VPOS="255" HPOS="411"/>
							<String ID="string_24" HPOS="426" VPOS="256" WIDTH="69" HEIGHT="21" WC="0.96" CONTENT="denna"/><SP WIDTH="15" VPOS="256" HPOS="495"/>
							<String ID="string_25" HPOS="510" VPOS="255" WIDTH="56" HEIGHT="27" WC="0.95" CONTENT="gång"/><SP WIDTH="15" VPOS="255" HPOS="566"/>
							<String ID="string_26" HPOS="581" VPOS="254" WIDTH="88" HEIGHT="22" WC="0.95" CONTENT="förfallit"/><SP WIDTH="15" VPOS="254" HPOS="669"/>
							<String ID="string_27" HPOS="684" VPOS="255" WIDTH="40" HEIGHT="21" WC="0.93" CONTENT="och"/><SP WIDTH="15" VPOS="255" HPOS="724"/>
							<String ID="string_28" HPOS="739" VPOS="254" WIDTH="56" HEIGHT="28" WC="0.92" CONTENT="förty"/><SP WIDTH="14" VPOS="254" HPOS="795"/>
							<String ID="string_29" HPOS="809" VPOS="254" WIDTH="90" HEIGHT="22" WC="0.92" CONTENT="beslutit"/><SP WIDTH="15" VPOS="254" HPOS="899"/>
							<String ID="string_30" HPOS="914" VPOS="255" WIDTH="33" HEIGHT="20" WC="0.91" CONTENT="att"/><SP WIDTH="7" VPOS="255" HPOS="947"/>
							<String ID="string_31" HPOS="954" VPOS="253" WIDTH="33" HEIGHT="21" WC="0.86" CONTENT="till"/>
						</TextLine>
						<TextLine ID="line_4" HPOS="167" VPOS="282" WIDTH="821" HEIGHT="30">
							<String ID="string_32" HPOS="167" VPOS="285" WIDTH="250" HEIGHT="27" WC="0.90" CONTENT="Expeditionsutskottet"/><SP WIDTH="22" VPOS="285" HPOS="417"/>
							<String ID="string_33" HPOS="439" VPOS="284" WIDTH="128" HEIGHT="21" WC="0.91" CONTENT="öfverlemna"/><SP WIDTH="22" VPOS="284" HPOS="567"/>
							<String ID="string_34" HPOS="589" VPOS="283" WIDTH="153" HEIGHT="27" WC="0.91" CONTENT="handlingarne"/><SP WIDTH="22" VPOS="283" HPOS="742"/>
							<String ID="string_35" HPOS="764" VPOS="283" WIDTH="8" HEIGHT="21" WC="0.96" CONTENT="i"/><SP WIDTH="16" VPOS="283" HPOS="772"/>
							<String ID="string_36" HPOS="788" VPOS="283" WIDTH="95" HEIGHT="26" WC="0.93" CONTENT="ärendet,"/><SP WIDTH="15" VPOS="283" HPOS="883"/>
							<String ID="string_37" HPOS="898" VPOS="282" WIDTH="90" HEIGHT="22" WC="0.92" CONTENT="hvarom"/>
						</TextLine>
						<TextLine ID="line_5" HPOS="168" VPOS="312" WIDTH="616" HEIGHT="28">
							<String ID="string_38" HPOS="168" VPOS="313" WIDTH="109" HEIGHT="22" WC="0.96" CONTENT="utskottet"/><SP WIDTH="15" VPOS="313" HPOS="277"/>
							<String ID="string_39" HPOS="292" VPOS="313" WIDTH="55" HEIGHT="21" WC="0.96" CONTENT="dock"/><SP WIDTH="15" VPOS="313" HPOS="347"/>
							<String ID="string_40" HPOS="362" VPOS="314" WIDTH="54" HEIGHT="20" WC="0.96" CONTENT="trott"/><SP WIDTH="15" VPOS="314" HPOS="416"/>
							<String ID="string_41" HPOS="431" VPOS="313" WIDTH="32" HEIGHT="27" WC="0.96" CONTENT="sig"/><SP WIDTH="15" VPOS="313" HPOS="463"/>
							<String ID="string_42" HPOS="478" VPOS="313" WIDTH="52" HEIGHT="21" WC="0.96" CONTENT="böra"/><SP WIDTH="16" VPOS="313" HPOS="530"/>
							<String ID="string_43" HPOS="546" VPOS="312" WIDTH="91" HEIGHT="22" WC="0.96" CONTENT="stånden"/><SP WIDTH="16" VPOS="312" HPOS="637"/>
							<String ID="string_44" HPOS="653" VPOS="313" WIDTH="131" HEIGHT="20" WC="0.96" CONTENT="underrätta."/>
						</TextLine>
					</TextBlock>
					<TextBlock ID="block_2" HPOS="168" VPOS="340" WIDTH="823" HEIGHT="173">
						<TextLine ID="line_6" HPOS="237" VPOS="340" WIDTH="751" HEIGHT="28">
							<String ID="string_45" HPOS="237" VPOS="342" WIDTH="50" HEIGHT="21" WC="0.89" CONTENT="Med"/><SP WIDTH="4" VPOS="342" HPOS="287"/>
							<String ID="string_46" HPOS="291" VPOS="336" WIDTH="10" HEIGHT="36" WC="0.64" CONTENT="&#39;"/><SP WIDTH="9" VPOS="336" HPOS="301"/>
							<String ID="string_47" HPOS="310" VPOS="341" WIDTH="99" HEIGHT="27" WC="0.91" CONTENT="anlednig"/><SP WIDTH="22" VPOS="341" HPOS="409"/>
							<String ID="string_48" HPOS="431" VPOS="341" WIDTH="23" HEIGHT="22" WC="0.96" CONTENT="af"/><SP WIDTH="18" VPOS="341" HPOS="454"/>
							<String ID="string_49" HPOS="472" VPOS="341" WIDTH="69" HEIGHT="22" WC="0.96" CONTENT="denna"/><SP WIDTH="15" VPOS="341" HPOS="541"/>
							<String ID="string_50" HPOS="556" VPOS="342" WIDTH="153" HEIGHT="21" WC="0.93" CONTENT="sammansatta"/><SP WIDTH="14" VPOS="342" HPOS="709"/>
							<String ID="string_51" HPOS="723" VPOS="341" WIDTH="55" HEIGHT="27" WC="0.92" CONTENT="Lag-"/><SP WIDTH="16" VPOS="341" HPOS="778"/>
							<String ID="string_52" HPOS="794" VPOS="341" WIDTH="40" HEIGHT="21" WC="0.93" CONTENT="och"/><SP WIDTH="15" VPOS="341" HPOS="834"/>
							<String ID="string_53" HPOS="849" VPOS="340" WIDTH="139" HEIGHT="22" WC="0.92" CONTENT="Ekonomiut-"/>
						</TextLine>
						<TextLine ID="line_7" HPOS="168" VPOS="369" WIDTH="821" HEIGHT="28">
							<String ID="string_54" HPOS="168" VPOS="371" WIDTH="95" HEIGHT="22" WC="0.91" CONTENT="skottets"/><SP WIDTH="16" VPOS="371" HPOS="263"/>
							<String ID="string_55" HPOS="279" VPOS="370" WIDTH="112" HEIGHT="22" WC="0.96" CONTENT="skrifvelse"/><SP WIDTH="14" VPOS="370" HPOS="391"/>
							<String ID="string_56" HPOS="405" VPOS="370" WIDTH="71" HEIGHT="22" WC="0.93" CONTENT="beslöt"/><SP WIDTH="15" VPOS="370" HPOS="476"/>
							<String ID="string_57" HPOS="491" VPOS="369" WIDTH="163" HEIGHT="23" WC="0.91" CONTENT="Bondeståndet"/><SP WIDTH="15" VPOS="369" HPOS="654"/>
							<String ID="string_58" HPOS="669" VPOS="375" WIDTH="76" HEIGHT="22" WC="0.93" CONTENT="genom"/><SP WIDTH="16" VPOS="375" HPOS="745"/>
							<String ID="string_59" HPOS="761" VPOS="370" WIDTH="125" HEIGHT="26" WC="0.92" CONTENT="deputation"/><SP WIDTH="15" VPOS="370" HPOS="886"/>
							<String ID="string_60" HPOS="901" VPOS="369" WIDTH="88" HEIGHT="27" WC="0.96" CONTENT="inbjuda"/>
						</TextLine>
						<TextLine ID="line_8" HPOS="168" VPOS="397" WIDTH="823" HEIGHT="30">
							<String ID="string_61" HPOS="168" VPOS="399" WIDTH="159" HEIGHT="28" WC="0.91" CONTENT="Ridderskapet"/><SP WIDTH="8" VPOS="399" HPOS="327"/>
							<String ID="string_62" HPOS="335" VPOS="399" WIDTH="40" HEIGHT="21" WC="0.93" CONTENT="och"/><SP WIDTH="8" VPOS="399" HPOS="375"/>
							<String ID="string_63" HPOS="383" VPOS="399" WIDTH="68" HEIGHT="21" WC="0.92" CONTENT="Adeln"/><SP WIDTH="9" VPOS="399" HPOS="451"/>
							<String ID="string_64" HPOS="460" VPOS="401" WIDTH="56" HEIGHT="19" WC="0.93" CONTENT="samt"/><SP WIDTH="7" VPOS="401" HPOS="516"/>
							<String ID="string_65" HPOS="523" VPOS="399" WIDTH="183" HEIGHT="27" WC="0.92" CONTENT="Borgareståndet"/><SP WIDTH="8" VPOS="399" HPOS="706"/>
							<String ID="string_66" HPOS="714" VPOS="401" WIDTH="38" HEIGHT="23" WC="0.96" CONTENT="att,"/><SP WIDTH="8" VPOS="401" HPOS="752"/>
							<String ID="string_67" HPOS="760" VPOS="398" WIDTH="50" HEIGHT="22" WC="0.93" CONTENT="med"/><SP WIDTH="15" VPOS="398" HPOS="810"/>
							<String ID="string_68" HPOS="825" VPOS="398" WIDTH="129" HEIGHT="27" WC="0.91" CONTENT="frångående"/><SP WIDTH="15" VPOS="398" HPOS="954"/>
							<String ID="string_69" HPOS="969" VPOS="397" WIDTH="22" HEIGHT="22" WC="0.96" CONTENT="af"/>
						</TextLine>
						<TextLine ID="line_9" HPOS="169" VPOS="427" WIDTH="820" HEIGHT="27">
							<String ID="string_70" HPOS="169" VPOS="429" WIDTH="62" HEIGHT="21" WC="0.96" CONTENT="deras"/><SP WIDTH="24" VPOS="429" HPOS="231"/>
							<String ID="string_71" HPOS="255" VPOS="428" WIDTH="57" HEIGHT="22" WC="0.95" CONTENT="förra"/><SP WIDTH="21" VPOS="428" HPOS="312"/>
							<String ID="string_72" HPOS="333" VPOS="428" WIDTH="72" HEIGHT="21" WC="0.95" CONTENT="beslut"/><SP WIDTH="14" VPOS="428" HPOS="405"/>
							<String ID="string_73" HPOS="419" VPOS="427" WIDTH="133" HEIGHT="22" WC="0.93" CONTENT="beträffande"/><SP WIDTH="16" VPOS="427" HPOS="552"/>
							<String ID="string_74" HPOS="568" VPOS="428" WIDTH="161" HEIGHT="21" WC="0.91" CONTENT="slutmomentet"/><SP WIDTH="13" VPOS="428" HPOS="729"/>
							<String ID="string_75" HPOS="742" VPOS="427" WIDTH="8" HEIGHT="21" WC="0.96" CONTENT="i"/><SP WIDTH="16" VPOS="427" HPOS="750"/>
							<String ID="string_76" HPOS="766" VPOS="428" WIDTH="154" HEIGHT="21" WC="0.93" CONTENT="sammansatta"/><SP WIDTH="14" VPOS="428" HPOS="920"/>
							<String ID="string_77" HPOS="934" VPOS="427" WIDTH="55" HEIGHT="27" WC="0.91" CONTENT="Lag-"/>
						</TextLine>
						<TextLine ID="line_10" HPOS="168" VPOS="455" WIDTH="822" HEIGHT="28">
							<String ID="string_78" HPOS="168" VPOS="457" WIDTH="40" HEIGHT="22" WC="0.93" CONTENT="och"/><SP WIDTH="14" VPOS="457" HPOS="208"/>
							<String ID="string_79" HPOS="222" VPOS="457" WIDTH="223" HEIGHT="21" WC="0.92" CONTENT="Ekonomiutskottets"/><SP WIDTH="15" VPOS="457" HPOS="445"/>
							<String ID="string_80" HPOS="460" VPOS="456" WIDTH="124" HEIGHT="22" WC="0.91" CONTENT="förenämda"/><SP WIDTH="15" VPOS="456" HPOS="584"/>
							<String ID="string_81" HPOS="599" VPOS="455" WIDTH="301" HEIGHT="28" WC="0.89" CONTENT="sammanjemkningsförslag,"/><SP WIDTH="15" VPOS="455" HPOS="900"/>
							<String ID="string_82" HPOS="915" VPOS="455" WIDTH="75" HEIGHT="22" WC="0.96" CONTENT="förena"/>
						</TextLine>
						<TextLine ID="line_11" HPOS="171" VPOS="485" WIDTH="721" HEIGHT="28">
							<String ID="string_83" HPOS="171" VPOS="486" WIDTH="33" HEIGHT="27" WC="0.96" CONTENT="sig"/><SP WIDTH="14" VPOS="486" HPOS="204"/>
							<String ID="string_84" HPOS="218" VPOS="491" WIDTH="35" HEIGHT="16" WC="0.96" CONTENT="om"/><SP WIDTH="16" VPOS="491" HPOS="253"/>
							<String ID="string_85" HPOS="269" VPOS="485" WIDTH="37" HEIGHT="22" WC="0.96" CONTENT="det"/><SP WIDTH="15" VPOS="485" HPOS="306"/>
							<String ID="string_86" HPOS="321" VPOS="485" WIDTH="50" HEIGHT="26" WC="0.93" CONTENT="slut,"/><SP WIDTH="16" VPOS="485" HPOS="371"/>
							<String ID="string_87" HPOS="387" VPOS="485" WIDTH="59" HEIGHT="21" WC="0.92" CONTENT="hvari"/><SP WIDTH="14" VPOS="485" HPOS="446"/>
							<String ID="string_88" HPOS="460" VPOS="485" WIDTH="86" HEIGHT="22" WC="0.92" CONTENT="Preste-"/><SP WIDTH="16" VPOS="485" HPOS="546"/>
							<String ID="string_89" HPOS="562" VPOS="485" WIDTH="40" HEIGHT="21" WC="0.93" CONTENT="och"/><SP WIDTH="15" VPOS="485" HPOS="602"/>
							<String ID="string_90" HPOS="617" VPOS="485" WIDTH="167" HEIGHT="21" WC="0.92" CONTENT="Bondestånden"/><SP WIDTH="16" VPOS="485" HPOS="784"/>
							<String ID="string_91" HPOS="800" VPOS="485" WIDTH="92" HEIGHT="20" WC="0.94" CONTENT="stannat."/>
						</TextLine>
					</TextBlock>
					<TextBlock ID="block_3" HPOS="170" VPOS="513" WIDTH="822" HEIGHT="86">
						<TextLine ID="line_12" HPOS="237" VPOS="513" WIDTH="755" HEIGHT="27">
							<String ID="string_92" HPOS="237" VPOS="514" WIDTH="41" HEIGHT="21" WC="0.96" CONTENT="Om"/><SP WIDTH="7" VPOS="514" HPOS="278"/>
							<String ID="string_93" HPOS="285" VPOS="515" WIDTH="59" HEIGHT="20" WC="0.92" CONTENT="detta"/><SP WIDTH="7" VPOS="515" HPOS="344"/>
							<String ID="string_94" HPOS="351" VPOS="513" WIDTH="171" HEIGHT="22" WC="0.91" CONTENT="Bondeståndets"/><SP WIDTH="8" VPOS="513" HPOS="522"/>
							<String ID="string_95" HPOS="530" VPOS="514" WIDTH="72" HEIGHT="21" WC="0.96" CONTENT="beslut"/><SP WIDTH="8" VPOS="514" HPOS="602"/>
							<String ID="string_96" HPOS="610" VPOS="513" WIDTH="68" HEIGHT="22" WC="0.96" CONTENT="skulle"/><SP WIDTH="8" VPOS="513" HPOS="678"/>
							<String ID="string_97" HPOS="686" VPOS="513" WIDTH="32" HEIGHT="22" WC="0.96" CONTENT="för"/><SP WIDTH="8" VPOS="513" HPOS="718"/>
							<String ID="string_98" HPOS="726" VPOS="513" WIDTH="64" HEIGHT="27" WC="0.93" CONTENT="öfrigt"/><SP WIDTH="6" VPOS="513" HPOS="790"/>
							<String ID="string_99" HPOS="796" VPOS="513" WIDTH="196" HEIGHT="27" WC="0.90" CONTENT="protokollsutdrag"/>
						</TextLine>
						<TextLine ID="line_13" HPOS="170" VPOS="541" WIDTH="821" HEIGHT="28">
							<String ID="string_100" HPOS="170" VPOS="543" WIDTH="32" HEIGHT="21" WC="0.92" CONTENT="till"/><SP WIDTH="23" VPOS="543" HPOS="202"/>
							<String ID="string_101" HPOS="225" VPOS="542" WIDTH="142" HEIGHT="22" WC="0.91" CONTENT="medstånden"/><SP WIDTH="22" VPOS="542" HPOS="367"/>
							<String ID="string_102" HPOS="389" VPOS="544" WIDTH="57" HEIGHT="20" WC="0.96" CONTENT="samt"/><SP WIDTH="22" VPOS="544" HPOS="446"/>
							<String ID="string_103" HPOS="468" VPOS="544" WIDTH="154" HEIGHT="20" WC="0.92" CONTENT="sammansatta"/><SP WIDTH="21" VPOS="544" HPOS="622"/>
							<String ID="string_104" HPOS="643" VPOS="542" WIDTH="55" HEIGHT="27" WC="0.92" CONTENT="Lag-"/><SP WIDTH="22" VPOS="542" HPOS="698"/>
							<String ID="string_105" HPOS="720" VPOS="542" WIDTH="40" HEIGHT="21" WC="0.93" CONTENT="och"/><SP WIDTH="19" VPOS="542" HPOS="760"/>
							<String ID="string_106" HPOS="779" VPOS="541" WIDTH="212" HEIGHT="22" WC="0.92" CONTENT="Ekonomiutskottet"/>
						</TextLine>
						<TextLine ID="line_14" HPOS="171" VPOS="571" WIDTH="145" HEIGHT="28">
							<String ID="string_107" HPOS="171" VPOS="571" WIDTH="145" HEIGHT="28" WC="0.78" CONTENT="expedieras”."/>
						</TextLine>
					</TextBlock>
					<TextBlock ID="block_4" HPOS="171" VPOS="599" WIDTH="820" HEIGHT="137">
						<TextLine ID="line_15" HPOS="238" VPOS="599" WIDTH="751" HEIGHT="28">
							<String ID="string_108" HPOS="238" VPOS="600" WIDTH="56" HEIGHT="21" WC="0.96" CONTENT="Herr"/><SP WIDTH="15" VPOS="600" HPOS="294"/>
							<String ID="string_109" HPOS="309" VPOS="606" WIDTH="40" HEIGHT="15" WC="0.92" CONTENT="von"/><SP WIDTH="15" VPOS="606" HPOS="349"/>
							<String ID="string_110" HPOS="364" VPOS="599" WIDTH="110" HEIGHT="22" WC="0.91" CONTENT="Alfthan"/><SP WIDTH="14" VPOS="599" HPOS="474"/>
							<String ID="string_111" HPOS="488" VPOS="599" WIDTH="66" HEIGHT="22" WC="0.92" CONTENT="utbad"/><SP WIDTH="16" VPOS="599" HPOS="554"/>
							<String ID="string_112" HPOS="570" VPOS="599" WIDTH="33" HEIGHT="28" WC="0.96" CONTENT="sig"/><SP WIDTH="15" VPOS="599" HPOS="603"/>
							<String ID="string_113" HPOS="618" VPOS="599" WIDTH="63" HEIGHT="22" WC="0.96" CONTENT="ordet"/><SP WIDTH="15" VPOS="599" HPOS="681"/>
							<String ID="string_114" HPOS="696" VPOS="599" WIDTH="40" HEIGHT="22" WC="0.96" CONTENT="och"/><SP WIDTH="14" VPOS="599" HPOS="736"/>
							<String ID="string_115" HPOS="750" VPOS="599" WIDTH="95" HEIGHT="28" WC="0.96" CONTENT="yttrade:"/><SP WIDTH="30" VPOS="599" HPOS="845"/>
							<String ID="string_116" HPOS="875" VPOS="599" WIDTH="34" HEIGHT="22" WC="0.93" CONTENT="Då"/><SP WIDTH="14" VPOS="599" HPOS="909"/>
							<String ID="string_117" HPOS="923" VPOS="599" WIDTH="66" HEIGHT="21" WC="0.96" CONTENT="redan"/>
						</TextLine>
						<TextLine ID="line_16" HPOS="172" VPOS="627" WIDTH="816" HEIGHT="28">
							<String ID="string_118" HPOS="172" VPOS="630" WIDTH="31" HEIGHT="20" WC="0.96" CONTENT="ett"/><SP WIDTH="23" VPOS="630" HPOS="203"/>
							<String ID="string_119" HPOS="226" VPOS="630" WIDTH="65" HEIGHT="20" WC="0.96" CONTENT="annat"/><SP WIDTH="22" VPOS="630" HPOS="291"/>
							<String ID="string_120" HPOS="313" VPOS="629" WIDTH="69" HEIGHT="25" WC="0.96" CONTENT="stånd,"/><SP WIDTH="24" VPOS="629" HPOS="382"/>
							<String ID="string_121" HPOS="406" VPOS="635" WIDTH="34" HEIGHT="15" WC="0.96" CONTENT="om"/><SP WIDTH="22" VPOS="635" HPOS="440"/>
							<String ID="string_122" HPOS="462" VPOS="629" WIDTH="48" HEIGHT="21" WC="0.96" CONTENT="icke"/><SP WIDTH="18" VPOS="629" HPOS="510"/>
							<String ID="string_123" HPOS="528" VPOS="629" WIDTH="42" HEIGHT="25" WC="0.95" CONTENT="två,"/><SP WIDTH="17" VPOS="629" HPOS="570"/>
							<String ID="string_124" HPOS="587" VPOS="628" WIDTH="82" HEIGHT="26" WC="0.96" CONTENT="antagit"/><SP WIDTH="15" VPOS="628" HPOS="669"/>
							<String ID="string_125" HPOS="684" VPOS="628" WIDTH="104" HEIGHT="27" WC="0.96" CONTENT="förslaget"/><SP WIDTH="14" VPOS="628" HPOS="788"/>
							<String ID="string_126" HPOS="802" VPOS="635" WIDTH="34" HEIGHT="14" WC="0.96" CONTENT="om"/><SP WIDTH="16" VPOS="635" HPOS="836"/>
							<String ID="string_127" HPOS="852" VPOS="629" WIDTH="33" HEIGHT="20" WC="0.96" CONTENT="att"/><SP WIDTH="14" VPOS="629" HPOS="885"/>
							<String ID="string_128" HPOS="899" VPOS="627" WIDTH="32" HEIGHT="22" WC="0.93" CONTENT="till"/><SP WIDTH="15" VPOS="627" HPOS="931"/>
							<String ID="string_129" HPOS="946" VPOS="627" WIDTH="42" HEIGHT="22" WC="0.91" CONTENT="för-"/>
						</TextLine>
						<TextLine ID="line_17" HPOS="171" VPOS="656" WIDTH="820" HEIGHT="28">
							<String ID="string_130" HPOS="171" VPOS="658" WIDTH="70" HEIGHT="21" WC="0.96" CONTENT="stärkt"/><SP WIDTH="21" VPOS="658" HPOS="241"/>
							<String ID="string_131" HPOS="262" VPOS="657" WIDTH="87" HEIGHT="21" WC="0.96" CONTENT="utskott"/><SP WIDTH="21" VPOS="657" HPOS="349"/>
							<String ID="string_132" HPOS="370" VPOS="657" WIDTH="110" HEIGHT="22" WC="0.96" CONTENT="remittera"/><SP WIDTH="22" VPOS="657" HPOS="480"/>
							<String ID="string_133" HPOS="502" VPOS="658" WIDTH="69" HEIGHT="21" WC="0.92" CONTENT="denna"/><SP WIDTH="15" VPOS="658" HPOS="571"/>
							<String ID="string_134" HPOS="586" VPOS="657" WIDTH="87" HEIGHT="26" WC="0.92" CONTENT="tvistiga"/><SP WIDTH="16" VPOS="657" HPOS="673"/>
							<String ID="string_135" HPOS="689" VPOS="657" WIDTH="34" HEIGHT="22" WC="0.96" CONTENT="del"/><SP WIDTH="16" VPOS="657" HPOS="723"/>
							<String ID="string_136" HPOS="739" VPOS="657" WIDTH="23" HEIGHT="21" WC="0.96" CONTENT="af"/><SP WIDTH="12" VPOS="657" HPOS="762"/>
							<String ID="string_137" HPOS="774" VPOS="657" WIDTH="80" HEIGHT="27" WC="0.95" CONTENT="frågan,"/><SP WIDTH="16" VPOS="657" HPOS="854"/>
							<String ID="string_138" HPOS="870" VPOS="662" WIDTH="63" HEIGHT="22" WC="0.96" CONTENT="synes"/><SP WIDTH="16" VPOS="662" HPOS="933"/>
							<String ID="string_139" HPOS="949" VPOS="656" WIDTH="42" HEIGHT="27" WC="0.96" CONTENT="mig"/>
						</TextLine>
						<TextLine ID="line_18" HPOS="171" VPOS="685" WIDTH="820" HEIGHT="28">
							<String ID="string_140" HPOS="171" VPOS="688" WIDTH="34" HEIGHT="19" WC="0.93" CONTENT="att"/><SP WIDTH="13" VPOS="688" HPOS="205"/>
							<String ID="string_141" HPOS="218" VPOS="686" WIDTH="175" HEIGHT="21" WC="0.91" CONTENT="Bondeståndets"/><SP WIDTH="16" VPOS="686" HPOS="393"/>
							<String ID="string_142" HPOS="409" VPOS="685" WIDTH="124" HEIGHT="28" WC="0.91" CONTENT="inbjudning"/><SP WIDTH="15" VPOS="685" HPOS="533"/>
							<String ID="string_143" HPOS="548" VPOS="685" WIDTH="47" HEIGHT="22" WC="0.96" CONTENT="icke"/><SP WIDTH="16" VPOS="685" HPOS="595"/>
							<String ID="string_144" HPOS="611" VPOS="686" WIDTH="66" HEIGHT="21" WC="0.96" CONTENT="borde"/><SP WIDTH="15" VPOS="686" HPOS="677"/>
							<String ID="string_145" HPOS="692" VPOS="685" WIDTH="34" HEIGHT="22" WC="0.96" CONTENT="till"/><SP WIDTH="14" VPOS="685" HPOS="726"/>
							<String ID="string_146" HPOS="740" VPOS="685" WIDTH="72" HEIGHT="28" WC="0.95" CONTENT="någon"/><SP WIDTH="14" VPOS="685" HPOS="812"/>
							<String ID="string_147" HPOS="826" VPOS="685" WIDTH="73" HEIGHT="22" WC="0.96" CONTENT="vidare"/><SP WIDTH="16" VPOS="685" HPOS="899"/>
							<String ID="string_148" HPOS="915" VPOS="685" WIDTH="76" HEIGHT="26" WC="0.96" CONTENT="åtgärd"/>
						</TextLine>
						<TextLine ID="line_19" HPOS="171" VPOS="715" WIDTH="116" HEIGHT="21">
							<String ID="string_149" HPOS="171" VPOS="715" WIDTH="116" HEIGHT="21" WC="0.96" CONTENT="föranleda."/>
						</TextLine>
					</TextBlock>
					<TextBlock ID="block_5" HPOS="173" VPOS="742" WIDTH="824" HEIGHT="831">
						<TextLine ID="line_20" HPOS="239" VPOS="742" WIDTH="752" HEIGHT="28">
							<String ID="string_150" HPOS="239" VPOS="743" WIDTH="56" HEIGHT="21" WC="0.95" CONTENT="Herr"/><SP WIDTH="21" VPOS="743" HPOS="295"/>
							<String ID="string_151" HPOS="316" VPOS="749" WIDTH="42" HEIGHT="15" WC="0.95" CONTENT="von"/><SP WIDTH="21" VPOS="749" HPOS="358"/>
							<String ID="string_152" HPOS="379" VPOS="743" WIDTH="149" HEIGHT="21" WC="0.96" CONTENT="Bonsdorff:"/><SP WIDTH="31" VPOS="743" HPOS="528"/>
							<String ID="string_153" HPOS="559" VPOS="743" WIDTH="42" HEIGHT="20" WC="0.96" CONTENT="För"/><SP WIDTH="21" VPOS="743" HPOS="601"/>
							<String ID="string_154" HPOS="622" VPOS="742" WIDTH="43" HEIGHT="21" WC="0.95" CONTENT="min"/><SP WIDTH="19" VPOS="742" HPOS="665"/>
							<String ID="string_155" HPOS="684" VPOS="743" WIDTH="34" HEIGHT="21" WC="0.96" CONTENT="del"/><SP WIDTH="16" VPOS="743" HPOS="718"/>
							<String ID="string_156" HPOS="734" VPOS="743" WIDTH="68" HEIGHT="21" WC="0.95" CONTENT="skulle"/><SP WIDTH="13" VPOS="743" HPOS="802"/>
							<String ID="string_157" HPOS="815" VPOS="743" WIDTH="38" HEIGHT="27" WC="0.96" CONTENT="jag"/><SP WIDTH="15" VPOS="743" HPOS="853"/>
							<String ID="string_158" HPOS="868" VPOS="743" WIDTH="47" HEIGHT="21" WC="0.93" CONTENT="åter"/><SP WIDTH="14" VPOS="743" HPOS="915"/>
							<String ID="string_159" HPOS="929" VPOS="742" WIDTH="62" HEIGHT="21" WC="0.90" CONTENT="vörd-"/>
						</TextLine>
						<TextLine ID="line_21" HPOS="173" VPOS="771" WIDTH="818" HEIGHT="28">
							<String ID="string_160" HPOS="173" VPOS="773" WIDTH="56" HEIGHT="20" WC="0.93" CONTENT="samt"/><SP WIDTH="13" VPOS="773" HPOS="229"/>
							<String ID="string_161" HPOS="242" VPOS="771" WIDTH="120" HEIGHT="26" WC="0.92" CONTENT="hemställa,"/><SP WIDTH="18" VPOS="771" HPOS="362"/>
							<String ID="string_162" HPOS="380" VPOS="777" WIDTH="33" HEIGHT="15" WC="0.96" CONTENT="om"/><SP WIDTH="15" VPOS="777" HPOS="413"/>
							<String ID="string_163" HPOS="428" VPOS="771" WIDTH="47" HEIGHT="22" WC="0.93" CONTENT="icke"/><SP WIDTH="15" VPOS="771" HPOS="475"/>
							<String ID="string_164" HPOS="490" VPOS="771" WIDTH="173" HEIGHT="22" WC="0.92" CONTENT="Bondeståndets"/><SP WIDTH="16" VPOS="771" HPOS="663"/>
							<String ID="string_165" HPOS="679" VPOS="771" WIDTH="125" HEIGHT="28" WC="0.91" CONTENT="inbjudning"/><SP WIDTH="14" VPOS="771" HPOS="804"/>
							<String ID="string_166" HPOS="818" VPOS="771" WIDTH="72" HEIGHT="22" WC="0.96" CONTENT="kunde"/><SP WIDTH="15" VPOS="771" HPOS="890"/>
							<String ID="string_167" HPOS="905" VPOS="771" WIDTH="23" HEIGHT="21" WC="0.93" CONTENT="af"/><SP WIDTH="12" VPOS="771" HPOS="928"/>
							<String ID="string_168" HPOS="940" VPOS="771" WIDTH="51" HEIGHT="20" WC="0.92" CONTENT="Rid-"/>
						</TextLine>
						<TextLine ID="line_22" HPOS="173" VPOS="798" WIDTH="820" HEIGHT="29">
							<String ID="string_169" HPOS="173" VPOS="801" WIDTH="117" HEIGHT="26" WC="0.92" CONTENT="derskapet"/><SP WIDTH="22" VPOS="801" HPOS="290"/>
							<String ID="string_170" HPOS="312" VPOS="800" WIDTH="40" HEIGHT="21" WC="0.93" CONTENT="och"/><SP WIDTH="22" VPOS="800" HPOS="352"/>
							<String ID="string_171" HPOS="374" VPOS="800" WIDTH="69" HEIGHT="21" WC="0.92" CONTENT="Adeln"/><SP WIDTH="22" VPOS="800" HPOS="443"/>
							<String ID="string_172" HPOS="465" VPOS="801" WIDTH="95" HEIGHT="25" WC="0.93" CONTENT="antagas."/><SP WIDTH="29" VPOS="801" HPOS="560"/>
							<String ID="string_173" HPOS="589" VPOS="800" WIDTH="11" HEIGHT="21" WC="0.96" CONTENT="I"/><SP WIDTH="23" VPOS="800" HPOS="600"/>
							<String ID="string_174" HPOS="623" VPOS="800" WIDTH="61" HEIGHT="21" WC="0.96" CONTENT="detta"/><SP WIDTH="22" VPOS="800" HPOS="684"/>
							<String ID="string_175" HPOS="706" VPOS="800" WIDTH="102" HEIGHT="21" WC="0.96" CONTENT="afseende"/><SP WIDTH="14" VPOS="800" HPOS="808"/>
							<String ID="string_176" HPOS="822" VPOS="801" WIDTH="38" HEIGHT="20" WC="0.96" CONTENT="ber"/><SP WIDTH="12" VPOS="801" HPOS="860"/>
							<String ID="string_177" HPOS="872" VPOS="799" WIDTH="37" HEIGHT="28" WC="0.96" CONTENT="jag"/><SP WIDTH="16" VPOS="799" HPOS="909"/>
							<String ID="string_178" HPOS="925" VPOS="801" WIDTH="32" HEIGHT="20" WC="0.96" CONTENT="att"/><SP WIDTH="14" VPOS="801" HPOS="957"/>
							<String ID="string_179" HPOS="971" VPOS="798" WIDTH="22" HEIGHT="22" WC="0.97" CONTENT="få"/>
						</TextLine>
						<TextLine ID="line_23" HPOS="177" VPOS="827" WIDTH="816" HEIGHT="28">
							<String ID="string_180" HPOS="177" VPOS="829" WIDTH="112" HEIGHT="21" WC="0.96" CONTENT="framhålla"/><SP WIDTH="14" VPOS="829" HPOS="289"/>
							<String ID="string_181" HPOS="303" VPOS="829" WIDTH="8" HEIGHT="20" WC="0.96" CONTENT="i"/><SP WIDTH="14" VPOS="829" HPOS="311"/>
							<String ID="string_182" HPOS="325" VPOS="828" WIDTH="88" HEIGHT="21" WC="0.92" CONTENT="korthet"/><SP WIDTH="14" VPOS="828" HPOS="413"/>
							<String ID="string_183" HPOS="427" VPOS="829" WIDTH="67" HEIGHT="26" WC="0.96" CONTENT="några"/><SP WIDTH="16" VPOS="829" HPOS="494"/>
							<String ID="string_184" HPOS="510" VPOS="829" WIDTH="187" HEIGHT="26" WC="0.96" CONTENT="omständigheter,"/><SP WIDTH="15" VPOS="829" HPOS="697"/>
							<String ID="string_185" HPOS="712" VPOS="835" WIDTH="46" HEIGHT="15" WC="0.96" CONTENT="som"/><SP WIDTH="15" VPOS="835" HPOS="758"/>
							<String ID="string_186" HPOS="773" VPOS="829" WIDTH="66" HEIGHT="21" WC="0.96" CONTENT="redan"/><SP WIDTH="16" VPOS="829" HPOS="839"/>
							<String ID="string_187" HPOS="855" VPOS="829" WIDTH="66" HEIGHT="20" WC="0.96" CONTENT="delvis"/><SP WIDTH="10" VPOS="829" HPOS="921"/>
							<String ID="string_188" HPOS="931" VPOS="827" WIDTH="62" HEIGHT="22" WC="0.96" CONTENT="torde"/>
						</TextLine>
						<TextLine ID="line_24" HPOS="175" VPOS="856" WIDTH="818" HEIGHT="29">
							<String ID="string_189" HPOS="175" VPOS="857" WIDTH="22" HEIGHT="22" WC="0.96" CONTENT="af"/><SP WIDTH="12" VPOS="857" HPOS="197"/>
							<String ID="string_190" HPOS="209" VPOS="858" WIDTH="44" HEIGHT="27" WC="0.93" CONTENT="mig"/><SP WIDTH="14" VPOS="858" HPOS="253"/>
							<String ID="string_191" HPOS="267" VPOS="856" WIDTH="64" HEIGHT="22" WC="0.96" CONTENT="hafva"/><SP WIDTH="14" VPOS="856" HPOS="331"/>
							<String ID="string_192" HPOS="345" VPOS="856" WIDTH="69" HEIGHT="22" WC="0.96" CONTENT="blifvit"/><SP WIDTH="14" VPOS="856" HPOS="414"/>
							<String ID="string_193" HPOS="428" VPOS="856" WIDTH="55" HEIGHT="22" WC="0.93" CONTENT="inför"/><SP WIDTH="15" VPOS="856" HPOS="483"/>
							<String ID="string_194" HPOS="498" VPOS="857" WIDTH="86" HEIGHT="22" WC="0.95" CONTENT="ståndet"/><SP WIDTH="16" VPOS="857" HPOS="584"/>
							<String ID="string_195" HPOS="600" VPOS="857" WIDTH="94" HEIGHT="22" WC="0.96" CONTENT="anförda."/><SP WIDTH="30" VPOS="857" HPOS="694"/>
							<String ID="string_196" HPOS="724" VPOS="858" WIDTH="64" HEIGHT="21" WC="0.96" CONTENT="Först"/><SP WIDTH="7" VPOS="858" HPOS="788"/>
							<String ID="string_197" HPOS="795" VPOS="857" WIDTH="41" HEIGHT="22" WC="0.96" CONTENT="och"/><SP WIDTH="6" VPOS="857" HPOS="836"/>
							<String ID="string_198" HPOS="842" VPOS="857" WIDTH="77" HEIGHT="21" WC="0.96" CONTENT="främst"/><SP WIDTH="7" VPOS="857" HPOS="919"/>
							<String ID="string_199" HPOS="926" VPOS="856" WIDTH="67" HEIGHT="22" WC="0.96" CONTENT="borde"/>
						</TextLine>
						<TextLine ID="line_25" HPOS="173" VPOS="885" WIDTH="820" HEIGHT="28">
							<String ID="string_200" HPOS="173" VPOS="886" WIDTH="102" HEIGHT="21" WC="0.96" CONTENT="afseende"/><SP WIDTH="24" VPOS="886" HPOS="275"/>
							<String ID="string_201" HPOS="299" VPOS="885" WIDTH="67" HEIGHT="22" WC="0.93" CONTENT="fästas"/><SP WIDTH="23" VPOS="885" HPOS="366"/>
							<String ID="string_202" HPOS="389" VPOS="885" WIDTH="73" HEIGHT="22" WC="0.92" CONTENT="dervid"/><SP WIDTH="24" VPOS="885" HPOS="462"/>
							<String ID="string_203" HPOS="486" VPOS="887" WIDTH="32" HEIGHT="20" WC="0.96" CONTENT="att"/><SP WIDTH="21" VPOS="887" HPOS="518"/>
							<String ID="string_204" HPOS="539" VPOS="885" WIDTH="161" HEIGHT="27" WC="0.96" CONTENT="ifrågavarande"/><SP WIDTH="20" VPOS="885" HPOS="700"/>
							<String ID="string_205" HPOS="720" VPOS="886" WIDTH="103" HEIGHT="21" WC="0.96" CONTENT="kontrakt"/><SP WIDTH="22" VPOS="886" HPOS="823"/>
							<String ID="string_206" HPOS="845" VPOS="888" WIDTH="23" HEIGHT="19" WC="0.96" CONTENT="är"/><SP WIDTH="22" VPOS="888" HPOS="868"/>
							<String ID="string_207" HPOS="890" VPOS="885" WIDTH="103" HEIGHT="28" WC="0.96" CONTENT="ingånget"/>
						</TextLine>
						<TextLine ID="line_26" HPOS="174" VPOS="913" WIDTH="819" HEIGHT="28">
							<String ID="string_208" HPOS="174" VPOS="915" WIDTH="90" HEIGHT="22" WC="0.96" CONTENT="emellan"/><SP WIDTH="16" VPOS="915" HPOS="264"/>
							<String ID="string_209" HPOS="280" VPOS="915" WIDTH="104" HEIGHT="26" WC="0.96" CONTENT="styrelsen"/><SP WIDTH="16" VPOS="915" HPOS="384"/>
							<String ID="string_210" HPOS="400" VPOS="915" WIDTH="40" HEIGHT="20" WC="0.96" CONTENT="och"/><SP WIDTH="15" VPOS="915" HPOS="440"/>
							<String ID="string_211" HPOS="455" VPOS="913" WIDTH="160" HEIGHT="28" WC="0.93" CONTENT="ifrågavarande"/><SP WIDTH="16" VPOS="913" HPOS="615"/>
							<String ID="string_212" HPOS="631" VPOS="914" WIDTH="126" HEIGHT="27" WC="0.92" CONTENT="socknebor,"/><SP WIDTH="16" VPOS="914" HPOS="757"/>
							<String ID="string_213" HPOS="773" VPOS="915" WIDTH="36" HEIGHT="21" WC="0.96" CONTENT="vid"/><SP WIDTH="14" VPOS="915" HPOS="809"/>
							<String ID="string_214" HPOS="823" VPOS="915" WIDTH="66" HEIGHT="21" WC="0.96" CONTENT="slutet"/><SP WIDTH="15" VPOS="915" HPOS="889"/>
							<String ID="string_215" HPOS="904" VPOS="914" WIDTH="23" HEIGHT="21" WC="0.93" CONTENT="af"/><SP WIDTH="13" VPOS="914" HPOS="927"/>
							<String ID="string_216" HPOS="940" VPOS="914" WIDTH="53" HEIGHT="27" WC="0.93" CONTENT="sjut-"/>
						</TextLine>
						<TextLine ID="line_27" HPOS="174" VPOS="943" WIDTH="821" HEIGHT="26">
							<String ID="string_217" HPOS="174" VPOS="943" WIDTH="182" HEIGHT="22" WC="0.92" CONTENT="tonhundratalet."/><SP WIDTH="29" VPOS="943" HPOS="356"/>
							<String ID="string_218" HPOS="385" VPOS="943" WIDTH="10" HEIGHT="20" WC="0.92" CONTENT="I"/><SP WIDTH="24" VPOS="943" HPOS="395"/>
							<String ID="string_219" HPOS="419" VPOS="943" WIDTH="115" HEIGHT="21" WC="0.95" CONTENT="allmänhet"/><SP WIDTH="21" VPOS="943" HPOS="534"/>
							<String ID="string_220" HPOS="555" VPOS="943" WIDTH="62" HEIGHT="21" WC="0.96" CONTENT="torde"/><SP WIDTH="19" VPOS="943" HPOS="617"/>
							<String ID="string_221" HPOS="636" VPOS="943" WIDTH="37" HEIGHT="21" WC="0.96" CONTENT="det"/><SP WIDTH="15" VPOS="943" HPOS="673"/>
							<String ID="string_222" HPOS="688" VPOS="950" WIDTH="63" HEIGHT="15" WC="0.96" CONTENT="anses"/><SP WIDTH="16" VPOS="950" HPOS="751"/>
							<String ID="string_223" HPOS="767" VPOS="944" WIDTH="68" HEIGHT="21" WC="0.96" CONTENT="strida"/><SP WIDTH="14" VPOS="944" HPOS="835"/>
							<String ID="string_224" HPOS="849" VPOS="945" WIDTH="45" HEIGHT="20" WC="0.96" CONTENT="mot"/><SP WIDTH="15" VPOS="945" HPOS="894"/>
							<String ID="string_225" HPOS="909" VPOS="943" WIDTH="86" HEIGHT="26" WC="0.96" CONTENT="vanliga"/>
						</TextLine>
						<TextLine ID="line_28" HPOS="175" VPOS="971" WIDTH="818" HEIGHT="28">
							<String ID="string_226" HPOS="175" VPOS="971" WIDTH="203" HEIGHT="28" WC="0.92" CONTENT="rättsgrundsatser,"/><SP WIDTH="25" VPOS="971" HPOS="378"/>
							<String ID="string_227" HPOS="403" VPOS="973" WIDTH="31" HEIGHT="20" WC="0.96" CONTENT="att"/><SP WIDTH="16" VPOS="973" HPOS="434"/>
							<String ID="string_228" HPOS="450" VPOS="978" WIDTH="76" HEIGHT="21" WC="0.96" CONTENT="genom"/><SP WIDTH="14" VPOS="978" HPOS="526"/>
							<String ID="string_229" HPOS="540" VPOS="971" WIDTH="162" HEIGHT="28" WC="0.96" CONTENT="lagstiftningen"/><SP WIDTH="15" VPOS="971" HPOS="702"/>
							<String ID="string_230" HPOS="717" VPOS="973" WIDTH="119" HEIGHT="20" WC="0.96" CONTENT="bestämma"/><SP WIDTH="15" VPOS="973" HPOS="836"/>
							<String ID="string_231" HPOS="851" VPOS="974" WIDTH="33" HEIGHT="20" WC="0.96" CONTENT="att"/><SP WIDTH="15" VPOS="974" HPOS="884"/>
							<String ID="string_232" HPOS="899" VPOS="978" WIDTH="27" HEIGHT="15" WC="0.93" CONTENT="en"/><SP WIDTH="14" VPOS="978" HPOS="926"/>
							<String ID="string_233" HPOS="940" VPOS="972" WIDTH="53" HEIGHT="21" WC="0.93" CONTENT="kon-"/>
						</TextLine>
						<TextLine ID="line_29" HPOS="174" VPOS="999" WIDTH="820" HEIGHT="28">
							<String ID="string_234" HPOS="174" VPOS="1001" WIDTH="87" HEIGHT="22" WC="0.91" CONTENT="trahent"/><SP WIDTH="16" VPOS="1001" HPOS="261"/>
							<String ID="string_235" HPOS="277" VPOS="1000" WIDTH="55" HEIGHT="22" WC="0.96" CONTENT="skall"/><SP WIDTH="15" VPOS="1000" HPOS="332"/>
							<String ID="string_236" HPOS="347" VPOS="999" WIDTH="22" HEIGHT="22" WC="0.93" CONTENT="få"/><SP WIDTH="15" VPOS="999" HPOS="369"/>
							<String ID="string_237" HPOS="384" VPOS="999" WIDTH="73" HEIGHT="28" WC="0.92" CONTENT="afgöra"/><SP WIDTH="15" VPOS="999" HPOS="457"/>
							<String ID="string_238" HPOS="472" VPOS="1000" WIDTH="59" HEIGHT="22" WC="0.96" CONTENT="öfver"/><SP WIDTH="15" VPOS="1000" HPOS="531"/>
							<String ID="string_239" HPOS="546" VPOS="1001" WIDTH="41" HEIGHT="21" WC="0.96" CONTENT="den"/><SP WIDTH="15" VPOS="1001" HPOS="587"/>
							<String ID="string_240" HPOS="602" VPOS="1001" WIDTH="77" HEIGHT="21" WC="0.96" CONTENT="andras"/><SP WIDTH="17" VPOS="1001" HPOS="679"/>
							<String ID="string_241" HPOS="696" VPOS="1001" WIDTH="61" HEIGHT="21" WC="0.93" CONTENT="öden."/><SP WIDTH="30" VPOS="1001" HPOS="757"/>
							<String ID="string_242" HPOS="787" VPOS="1001" WIDTH="158" HEIGHT="26" WC="0.90" CONTENT="Ridderskapet"/><SP WIDTH="8" VPOS="1001" HPOS="945"/>
							<String ID="string_243" HPOS="953" VPOS="1000" WIDTH="41" HEIGHT="22" WC="0.96" CONTENT="och"/>
						</TextLine>
						<TextLine ID="line_30" HPOS="174" VPOS="1028" WIDTH="821" HEIGHT="28">
							<String ID="string_244" HPOS="174" VPOS="1029" WIDTH="69" HEIGHT="22" WC="0.92" CONTENT="Adeln"/><SP WIDTH="22" VPOS="1029" HPOS="243"/>
							<String ID="string_245" HPOS="265" VPOS="1029" WIDTH="39" HEIGHT="21" WC="0.96" CONTENT="har"/><SP WIDTH="23" VPOS="1029" HPOS="304"/>
							<String ID="string_246" HPOS="327" VPOS="1029" WIDTH="117" HEIGHT="21" WC="0.93" CONTENT="emellertid"/><SP WIDTH="21" VPOS="1029" HPOS="444"/>
							<String ID="string_247" HPOS="465" VPOS="1029" WIDTH="98" HEIGHT="26" WC="0.89" CONTENT="beslutit,"/><SP WIDTH="22" VPOS="1029" HPOS="563"/>
							<String ID="string_248" HPOS="585" VPOS="1030" WIDTH="32" HEIGHT="20" WC="0.96" CONTENT="att"/><SP WIDTH="20" VPOS="1030" HPOS="617"/>
							<String ID="string_249" HPOS="637" VPOS="1029" WIDTH="22" HEIGHT="21" WC="0.96" CONTENT="åt"/><SP WIDTH="14" VPOS="1029" HPOS="659"/>
							<String ID="string_250" HPOS="673" VPOS="1030" WIDTH="112" HEIGHT="26" WC="0.96" CONTENT="styrelsen,"/><SP WIDTH="15" VPOS="1030" HPOS="785"/>
							<String ID="string_251" HPOS="800" VPOS="1035" WIDTH="45" HEIGHT="16" WC="0.96" CONTENT="som"/><SP WIDTH="15" VPOS="1035" HPOS="845"/>
							<String ID="string_252" HPOS="860" VPOS="1030" WIDTH="7" HEIGHT="21" WC="0.96" CONTENT="i"/><SP WIDTH="16" VPOS="1030" HPOS="867"/>
							<String ID="string_253" HPOS="883" VPOS="1029" WIDTH="60" HEIGHT="21" WC="0.96" CONTENT="detta"/><SP WIDTH="14" VPOS="1029" HPOS="943"/>
							<String ID="string_254" HPOS="957" VPOS="1028" WIDTH="38" HEIGHT="22" WC="0.96" CONTENT="fall"/>
						</TextLine>
						<TextLine ID="line_31" HPOS="175" VPOS="1057" WIDTH="819" HEIGHT="27">
							<String ID="string_255" HPOS="175" VPOS="1058" WIDTH="58" HEIGHT="22" WC="0.93" CONTENT="varit"/><SP WIDTH="13" VPOS="1058" HPOS="233"/>
							<String ID="string_256" HPOS="246" VPOS="1057" WIDTH="137" HEIGHT="27" WC="0.92" CONTENT="kontrahent,"/><SP WIDTH="16" VPOS="1057" HPOS="383"/>
							<String ID="string_257" HPOS="399" VPOS="1057" WIDTH="129" HEIGHT="22" WC="0.91" CONTENT="öfverlemna"/><SP WIDTH="14" VPOS="1057" HPOS="528"/>
							<String ID="string_258" HPOS="542" VPOS="1059" WIDTH="33" HEIGHT="20" WC="0.93" CONTENT="att"/><SP WIDTH="15" VPOS="1059" HPOS="575"/>
							<String ID="string_259" HPOS="590" VPOS="1057" WIDTH="73" HEIGHT="27" WC="0.92" CONTENT="afgöra"/><SP WIDTH="14" VPOS="1057" HPOS="663"/>
							<String ID="string_260" HPOS="677" VPOS="1058" WIDTH="56" HEIGHT="21" WC="0.96" CONTENT="huru"/><SP WIDTH="15" VPOS="1058" HPOS="733"/>
							<String ID="string_261" HPOS="748" VPOS="1060" WIDTH="56" HEIGHT="20" WC="0.93" CONTENT="stort"/><SP WIDTH="14" VPOS="1060" HPOS="804"/>
							<String ID="string_262" HPOS="818" VPOS="1058" WIDTH="176" HEIGHT="22" WC="0.91" CONTENT="tunnlandtal"/><SP WIDTH="-36" VPOS="1058" HPOS="994"/>
							<String ID="string_263" HPOS="958" VPOS="1053" WIDTH="39" HEIGHT="35" WC="0.96" CONTENT="vid"/>
						</TextLine>
						<TextLine ID="line_32" HPOS="177" VPOS="1086" WIDTH="817" HEIGHT="28">
							<String ID="string_264" HPOS="177" VPOS="1088" WIDTH="37" HEIGHT="21" WC="0.93" CONTENT="det"/><SP WIDTH="22" VPOS="1088" HPOS="214"/>
							<String ID="string_265" HPOS="236" VPOS="1086" WIDTH="108" HEIGHT="22" WC="0.92" CONTENT="definitiva"/><SP WIDTH="23" VPOS="1086" HPOS="344"/>
							<String ID="string_266" HPOS="367" VPOS="1086" WIDTH="120" HEIGHT="22" WC="0.92" CONTENT="storskiftet"/><SP WIDTH="21" VPOS="1086" HPOS="487"/>
							<String ID="string_267" HPOS="508" VPOS="1086" WIDTH="36" HEIGHT="21" WC="0.93" CONTENT="mä"/><SP WIDTH="21" VPOS="1086" HPOS="544"/>
							<String ID="string_268" HPOS="565" VPOS="1086" WIDTH="99" HEIGHT="27" WC="0.90" CONTENT="tilläggas"/><SP WIDTH="22" VPOS="1086" HPOS="664"/>
							<String ID="string_269" HPOS="686" VPOS="1087" WIDTH="126" HEIGHT="21" WC="0.92" CONTENT="mantalet"/><SP WIDTH="-9" VPOS="1087" HPOS="812"/>
							<String ID="string_270" HPOS="803" VPOS="1082" WIDTH="12" HEIGHT="36" WC="0.93" CONTENT="i"/><SP WIDTH="19" VPOS="1082" HPOS="815"/>
							<String ID="string_271" HPOS="834" VPOS="1086" WIDTH="160" HEIGHT="28" WC="0.89" CONTENT="ifrägavarande"/>
						</TextLine>
						<TextLine ID="line_33" HPOS="177" VPOS="1114" WIDTH="817" HEIGHT="28">
							<String ID="string_272" HPOS="177" VPOS="1115" WIDTH="89" HEIGHT="22" WC="0.91" CONTENT="trakter."/><SP WIDTH="31" VPOS="1115" HPOS="266"/>
							<String ID="string_273" HPOS="297" VPOS="1115" WIDTH="47" HEIGHT="26" WC="0.95" CONTENT="För"/><SP WIDTH="9" VPOS="1115" HPOS="344"/>
							<String ID="string_274" HPOS="353" VPOS="1115" WIDTH="43" HEIGHT="21" WC="0.96" CONTENT="min"/><SP WIDTH="16" VPOS="1115" HPOS="396"/>
							<String ID="string_275" HPOS="412" VPOS="1115" WIDTH="35" HEIGHT="21" WC="0.96" CONTENT="del"/><SP WIDTH="14" VPOS="1115" HPOS="447"/>
							<String ID="string_276" HPOS="461" VPOS="1121" WIDTH="64" HEIGHT="15" WC="0.96" CONTENT="anser"/><SP WIDTH="12" VPOS="1121" HPOS="525"/>
							<String ID="string_277" HPOS="537" VPOS="1115" WIDTH="37" HEIGHT="27" WC="0.96" CONTENT="jag"/><SP WIDTH="16" VPOS="1115" HPOS="574"/>
							<String ID="string_278" HPOS="590" VPOS="1116" WIDTH="32" HEIGHT="20" WC="0.93" CONTENT="att"/><SP WIDTH="15" VPOS="1116" HPOS="622"/>
							<String ID="string_279" HPOS="637" VPOS="1115" WIDTH="47" HEIGHT="22" WC="0.92" CONTENT="icke"/><SP WIDTH="16" VPOS="1115" HPOS="684"/>
							<String ID="string_280" HPOS="700" VPOS="1122" WIDTH="38" HEIGHT="14" WC="0.96" CONTENT="ens"/><SP WIDTH="15" VPOS="1122" HPOS="738"/>
							<String ID="string_281" HPOS="753" VPOS="1116" WIDTH="7" HEIGHT="21" WC="0.93" CONTENT="i"/><SP WIDTH="16" VPOS="1116" HPOS="760"/>
							<String ID="string_282" HPOS="776" VPOS="1115" WIDTH="100" HEIGHT="22" WC="0.93" CONTENT="afseende"/><SP WIDTH="14" VPOS="1115" HPOS="876"/>
							<String ID="string_283" HPOS="890" VPOS="1116" WIDTH="13" HEIGHT="20" WC="0.93" CONTENT="ä"/><SP WIDTH="15" VPOS="1116" HPOS="903"/>
							<String ID="string_284" HPOS="918" VPOS="1114" WIDTH="76" HEIGHT="28" WC="0.93" CONTENT="styrel-"/>
						</TextLine>
						<TextLine ID="line_34" HPOS="177" VPOS="1143" WIDTH="818" HEIGHT="28">
							<String ID="string_285" HPOS="177" VPOS="1150" WIDTH="38" HEIGHT="16" WC="0.91" CONTENT="sen"/><SP WIDTH="22" VPOS="1150" HPOS="215"/>
							<String ID="string_286" HPOS="237" VPOS="1144" WIDTH="110" HEIGHT="26" WC="0.91" CONTENT="undantag"/><SP WIDTH="21" VPOS="1144" HPOS="347"/>
							<String ID="string_287" HPOS="368" VPOS="1144" WIDTH="66" HEIGHT="21" WC="0.93" CONTENT="borde"/><SP WIDTH="23" VPOS="1144" HPOS="434"/>
							<String ID="string_288" HPOS="457" VPOS="1145" WIDTH="63" HEIGHT="26" WC="0.92" CONTENT="göras"/><SP WIDTH="22" VPOS="1145" HPOS="520"/>
							<String ID="string_289" HPOS="542" VPOS="1144" WIDTH="8" HEIGHT="21" WC="0.93" CONTENT="i"/><SP WIDTH="18" VPOS="1144" HPOS="550"/>
							<String ID="string_290" HPOS="568" VPOS="1143" WIDTH="100" HEIGHT="23" WC="0.91" CONTENT="afseende"/><SP WIDTH="16" VPOS="1143" HPOS="668"/>
							<String ID="string_291" HPOS="684" VPOS="1144" WIDTH="12" HEIGHT="22" WC="0.90" CONTENT="&amp;"/><SP WIDTH="16" VPOS="1144" HPOS="696"/>
							<String ID="string_292" HPOS="712" VPOS="1144" WIDTH="40" HEIGHT="22" WC="0.93" CONTENT="den"/><SP WIDTH="15" VPOS="1144" HPOS="752"/>
							<String ID="string_293" HPOS="767" VPOS="1144" WIDTH="124" HEIGHT="27" WC="0.90" CONTENT="rättsgrund"/><SP WIDTH="16" VPOS="1144" HPOS="891"/>
							<String ID="string_294" HPOS="907" VPOS="1146" WIDTH="33" HEIGHT="19" WC="0.92" CONTENT="att"/><SP WIDTH="15" VPOS="1146" HPOS="940"/>
							<String ID="string_295" HPOS="955" VPOS="1150" WIDTH="40" HEIGHT="15" WC="0.96" CONTENT="ena"/>
						</TextLine>
						<TextLine ID="line_35" HPOS="176" VPOS="1172" WIDTH="817" HEIGHT="29">
							<String ID="string_296" HPOS="176" VPOS="1174" WIDTH="77" HEIGHT="27" WC="0.92" CONTENT="parten"/><SP WIDTH="21" VPOS="1174" HPOS="253"/>
							<String ID="string_297" HPOS="274" VPOS="1173" WIDTH="48" HEIGHT="21" WC="0.91" CONTENT="icke"/><SP WIDTH="19" VPOS="1173" HPOS="322"/>
							<String ID="string_298" HPOS="341" VPOS="1172" WIDTH="33" HEIGHT="21" WC="0.92" CONTENT="fär"/><SP WIDTH="15" VPOS="1172" HPOS="374"/>
							<String ID="string_299" HPOS="389" VPOS="1172" WIDTH="73" HEIGHT="27" WC="0.93" CONTENT="afgöra"/><SP WIDTH="15" VPOS="1172" HPOS="462"/>
							<String ID="string_300" HPOS="477" VPOS="1172" WIDTH="58" HEIGHT="22" WC="0.96" CONTENT="öfver"/><SP WIDTH="15" VPOS="1172" HPOS="535"/>
							<String ID="string_301" HPOS="550" VPOS="1173" WIDTH="40" HEIGHT="21" WC="0.96" CONTENT="den"/><SP WIDTH="16" VPOS="1173" HPOS="590"/>
							<String ID="string_302" HPOS="606" VPOS="1173" WIDTH="77" HEIGHT="21" WC="0.93" CONTENT="andras"/><SP WIDTH="17" VPOS="1173" HPOS="683"/>
							<String ID="string_303" HPOS="700" VPOS="1172" WIDTH="62" HEIGHT="22" WC="0.93" CONTENT="öden."/><SP WIDTH="29" VPOS="1172" HPOS="762"/>
							<String ID="string_304" HPOS="791" VPOS="1173" WIDTH="73" HEIGHT="27" WC="0.93" CONTENT="Enligt"/><SP WIDTH="14" VPOS="1173" HPOS="864"/>
							<String ID="string_305" HPOS="878" VPOS="1173" WIDTH="43" HEIGHT="21" WC="0.93" CONTENT="min"/><SP WIDTH="16" VPOS="1173" HPOS="921"/>
							<String ID="string_306" HPOS="937" VPOS="1173" WIDTH="56" HEIGHT="27" WC="0.93" CONTENT="äsigt"/>
						</TextLine>
						<TextLine ID="line_36" HPOS="178" VPOS="1200" WIDTH="817" HEIGHT="28">
							<String ID="string_307" HPOS="178" VPOS="1204" WIDTH="24" HEIGHT="19" WC="0.95" CONTENT="är"/><SP WIDTH="22" VPOS="1204" HPOS="202"/>
							<String ID="string_308" HPOS="224" VPOS="1202" WIDTH="37" HEIGHT="20" WC="0.92" CONTENT="det"/><SP WIDTH="23" VPOS="1202" HPOS="261"/>
							<String ID="string_309" HPOS="284" VPOS="1201" WIDTH="60" HEIGHT="21" WC="0.92" CONTENT="äfven"/><SP WIDTH="23" VPOS="1201" HPOS="344"/>
							<String ID="string_310" HPOS="367" VPOS="1200" WIDTH="32" HEIGHT="22" WC="0.93" CONTENT="för"/><SP WIDTH="22" VPOS="1200" HPOS="399"/>
							<String ID="string_311" HPOS="421" VPOS="1202" WIDTH="106" HEIGHT="26" WC="0.91" CONTENT="styrelsen"/><SP WIDTH="18" VPOS="1202" HPOS="527"/>
							<String ID="string_312" HPOS="545" VPOS="1200" WIDTH="135" HEIGHT="28" WC="0.93" CONTENT="erforderligt"/><SP WIDTH="15" VPOS="1200" HPOS="680"/>
							<String ID="string_313" HPOS="695" VPOS="1202" WIDTH="41" HEIGHT="21" WC="0.93" CONTENT="och"/><SP WIDTH="15" VPOS="1202" HPOS="736"/>
							<String ID="string_314" HPOS="751" VPOS="1202" WIDTH="196" HEIGHT="21" WC="0.92" CONTENT="tillfredsställande"/><SP WIDTH="16" VPOS="1202" HPOS="947"/>
							<String ID="string_315" HPOS="963" VPOS="1202" WIDTH="32" HEIGHT="21" WC="0.97" CONTENT="att"/>
						</TextLine>
						<TextLine ID="line_37" HPOS="177" VPOS="1229" WIDTH="818" HEIGHT="27">
							<String ID="string_316" HPOS="177" VPOS="1231" WIDTH="32" HEIGHT="21" WC="0.96" CONTENT="uti"/><SP WIDTH="15" VPOS="1231" HPOS="209"/>
							<String ID="string_317" HPOS="224" VPOS="1230" WIDTH="70" HEIGHT="22" WC="0.93" CONTENT="denna"/><SP WIDTH="14" VPOS="1230" HPOS="294"/>
							<String ID="string_318" HPOS="308" VPOS="1229" WIDTH="61" HEIGHT="27" WC="0.96" CONTENT="fråga"/><SP WIDTH="13" VPOS="1229" HPOS="369"/>
							<String ID="string_319" HPOS="382" VPOS="1229" WIDTH="64" HEIGHT="22" WC="0.96" CONTENT="hafva"/><SP WIDTH="16" VPOS="1229" HPOS="446"/>
							<String ID="string_320" HPOS="462" VPOS="1230" WIDTH="48" HEIGHT="22" WC="0.93" CONTENT="stöd"/><SP WIDTH="15" VPOS="1230" HPOS="510"/>
							<String ID="string_321" HPOS="525" VPOS="1230" WIDTH="32" HEIGHT="21" WC="0.96" CONTENT="uti"/><SP WIDTH="15" VPOS="1230" HPOS="557"/>
							<String ID="string_322" HPOS="572" VPOS="1230" WIDTH="125" HEIGHT="22" WC="0.96" CONTENT="ständernas"/><SP WIDTH="15" VPOS="1230" HPOS="697"/>
							<String ID="string_323" HPOS="712" VPOS="1230" WIDTH="72" HEIGHT="22" WC="0.96" CONTENT="beslut"/><SP WIDTH="12" VPOS="1230" HPOS="784"/>
							<String ID="string_324" HPOS="796" VPOS="1230" WIDTH="8" HEIGHT="22" WC="0.93" CONTENT="i"/><SP WIDTH="15" VPOS="1230" HPOS="804"/>
							<String ID="string_325" HPOS="819" VPOS="1230" WIDTH="101" HEIGHT="22" WC="0.93" CONTENT="afseende"/><SP WIDTH="16" VPOS="1230" HPOS="920"/>
							<String ID="string_326" HPOS="936" VPOS="1231" WIDTH="12" HEIGHT="20" WC="0.92" CONTENT="å"/><SP WIDTH="11" VPOS="1231" HPOS="948"/>
							<String ID="string_327" HPOS="959" VPOS="1230" WIDTH="36" HEIGHT="22" WC="0.96" CONTENT="det"/>
						</TextLine>
						<TextLine ID="line_38" HPOS="178" VPOS="1258" WIDTH="817" HEIGHT="28">
							<String ID="string_328" HPOS="178" VPOS="1258" WIDTH="108" HEIGHT="22" WC="0.95" CONTENT="definitiva"/><SP WIDTH="15" VPOS="1258" HPOS="286"/>
							<String ID="string_329" HPOS="301" VPOS="1258" WIDTH="126" HEIGHT="26" WC="0.96" CONTENT="storskiftet,"/><SP WIDTH="16" VPOS="1258" HPOS="427"/>
							<String ID="string_330" HPOS="443" VPOS="1260" WIDTH="23" HEIGHT="26" WC="0.96" CONTENT="ty"/><SP WIDTH="15" VPOS="1260" HPOS="466"/>
							<String ID="string_331" HPOS="481" VPOS="1265" WIDTH="76" HEIGHT="15" WC="0.96" CONTENT="annars"/><SP WIDTH="15" VPOS="1265" HPOS="557"/>
							<String ID="string_332" HPOS="572" VPOS="1259" WIDTH="67" HEIGHT="27" WC="0.96" CONTENT="ligger"/><SP WIDTH="16" VPOS="1259" HPOS="639"/>
							<String ID="string_333" HPOS="655" VPOS="1259" WIDTH="41" HEIGHT="21" WC="0.93" CONTENT="den"/><SP WIDTH="14" VPOS="1259" HPOS="696"/>
							<String ID="string_334" HPOS="710" VPOS="1258" WIDTH="102" HEIGHT="28" WC="0.93" CONTENT="farhägan"/><SP WIDTH="14" VPOS="1258" HPOS="812"/>
							<String ID="string_335" HPOS="826" VPOS="1261" WIDTH="53" HEIGHT="19" WC="0.94" CONTENT="nära"/><SP WIDTH="7" VPOS="1261" HPOS="879"/>
							<String ID="string_336" HPOS="886" VPOS="1259" WIDTH="32" HEIGHT="21" WC="0.96" CONTENT="till"/><SP WIDTH="8" VPOS="1259" HPOS="918"/>
							<String ID="string_337" HPOS="926" VPOS="1259" WIDTH="69" HEIGHT="21" WC="0.96" CONTENT="hands"/>
						</TextLine>
						<TextLine ID="line_39" HPOS="178" VPOS="1287" WIDTH="818" HEIGHT="27">
							<String ID="string_338" HPOS="178" VPOS="1289" WIDTH="33" HEIGHT="19" WC="0.93" CONTENT="att"/><SP WIDTH="22" VPOS="1289" HPOS="211"/>
							<String ID="string_339" HPOS="233" VPOS="1287" WIDTH="165" HEIGHT="27" WC="0.92" CONTENT="sockneboerna,"/><SP WIDTH="21" VPOS="1287" HPOS="398"/>
							<String ID="string_340" HPOS="419" VPOS="1294" WIDTH="34" HEIGHT="14" WC="0.94" CONTENT="om"/><SP WIDTH="15" VPOS="1294" HPOS="453"/>
							<String ID="string_341" HPOS="468" VPOS="1287" WIDTH="26" HEIGHT="22" WC="0.96" CONTENT="de"/><SP WIDTH="15" VPOS="1287" HPOS="494"/>
							<String ID="string_342" HPOS="509" VPOS="1288" WIDTH="47" HEIGHT="20" WC="0.96" CONTENT="icke"/><SP WIDTH="15" VPOS="1288" HPOS="556"/>
							<String ID="string_343" HPOS="571" VPOS="1287" WIDTH="58" HEIGHT="21" WC="0.96" CONTENT="finna"/><SP WIDTH="14" VPOS="1287" HPOS="629"/>
							<String ID="string_344" HPOS="643" VPOS="1288" WIDTH="32" HEIGHT="26" WC="0.95" CONTENT="sig"/><SP WIDTH="15" VPOS="1288" HPOS="675"/>
							<String ID="string_345" HPOS="690" VPOS="1287" WIDTH="171" HEIGHT="22" WC="0.95" CONTENT="tillfredsställda"/><SP WIDTH="15" VPOS="1287" HPOS="861"/>
							<String ID="string_346" HPOS="876" VPOS="1288" WIDTH="49" HEIGHT="21" WC="0.96" CONTENT="med"/><SP WIDTH="15" VPOS="1288" HPOS="925"/>
							<String ID="string_347" HPOS="940" VPOS="1288" WIDTH="56" HEIGHT="21" WC="0.96" CONTENT="hvad"/>
						</TextLine>
						<TextLine ID="line_40" HPOS="178" VPOS="1314" WIDTH="819" HEIGHT="28">
							<String ID="string_348" HPOS="178" VPOS="1316" WIDTH="105" HEIGHT="26" WC="0.96" CONTENT="styrelsen"/><SP WIDTH="14" VPOS="1316" HPOS="283"/>
							<String ID="string_349" HPOS="297" VPOS="1316" WIDTH="7" HEIGHT="20" WC="0.96" CONTENT="i"/><SP WIDTH="14" VPOS="1316" HPOS="304"/>
							<String ID="string_350" HPOS="318" VPOS="1314" WIDTH="113" HEIGHT="23" WC="0.96" CONTENT="framtiden"/><SP WIDTH="14" VPOS="1314" HPOS="431"/>
							<String ID="string_351" HPOS="445" VPOS="1315" WIDTH="132" HEIGHT="22" WC="0.95" CONTENT="beträffande"/><SP WIDTH="14" VPOS="1315" HPOS="577"/>
							<String ID="string_352" HPOS="591" VPOS="1322" WIDTH="28" HEIGHT="14" WC="0.96" CONTENT="nu"/><SP WIDTH="16" VPOS="1322" HPOS="619"/>
							<String ID="string_353" HPOS="635" VPOS="1316" WIDTH="7" HEIGHT="20" WC="0.96" CONTENT="i"/><SP WIDTH="14" VPOS="1316" HPOS="642"/>
							<String ID="string_354" HPOS="656" VPOS="1316" WIDTH="60" HEIGHT="26" WC="0.96" CONTENT="fråga"/><SP WIDTH="14" VPOS="1316" HPOS="716"/>
							<String ID="string_355" HPOS="730" VPOS="1317" WIDTH="92" HEIGHT="20" WC="0.96" CONTENT="varande"/><SP WIDTH="16" VPOS="1317" HPOS="822"/>
							<String ID="string_356" HPOS="838" VPOS="1315" WIDTH="159" HEIGHT="27" WC="0.96" CONTENT="omständighet"/>
						</TextLine>
						<TextLine ID="line_41" HPOS="179" VPOS="1343" WIDTH="816" HEIGHT="27">
							<String ID="string_357" HPOS="179" VPOS="1343" WIDTH="66" HEIGHT="27" WC="0.91" CONTENT="afgör,"/><SP WIDTH="16" VPOS="1343" HPOS="245"/>
							<String ID="string_358" HPOS="261" VPOS="1344" WIDTH="62" HEIGHT="20" WC="0.96" CONTENT="skola"/><SP WIDTH="14" VPOS="1344" HPOS="323"/>
							<String ID="string_359" HPOS="337" VPOS="1349" WIDTH="52" HEIGHT="15" WC="0.96" CONTENT="anse"/><SP WIDTH="15" VPOS="1349" HPOS="389"/>
							<String ID="string_360" HPOS="404" VPOS="1343" WIDTH="105" HEIGHT="27" WC="0.96" CONTENT="styrelsen"/><SP WIDTH="15" VPOS="1343" HPOS="509"/>
							<String ID="string_361" HPOS="524" VPOS="1343" WIDTH="62" HEIGHT="21" WC="0.94" CONTENT="hafva"/><SP WIDTH="14" VPOS="1343" HPOS="586"/>
							<String ID="string_362" HPOS="600" VPOS="1344" WIDTH="89" HEIGHT="20" WC="0.96" CONTENT="handlat"/><SP WIDTH="14" VPOS="1344" HPOS="689"/>
							<String ID="string_363" HPOS="703" VPOS="1344" WIDTH="99" HEIGHT="26" WC="0.94" CONTENT="partiskt."/><SP WIDTH="31" VPOS="1344" HPOS="802"/>
							<String ID="string_364" HPOS="833" VPOS="1344" WIDTH="39" HEIGHT="20" WC="0.96" CONTENT="Om"/><SP WIDTH="9" VPOS="1344" HPOS="872"/>
							<String ID="string_365" HPOS="881" VPOS="1344" WIDTH="46" HEIGHT="21" WC="0.93" CONTENT="åter"/><SP WIDTH="9" VPOS="1344" HPOS="927"/>
							<String ID="string_366" HPOS="936" VPOS="1345" WIDTH="59" HEIGHT="19" WC="0.92" CONTENT="stän-"/>
						</TextLine>
						<TextLine ID="line_42" HPOS="179" VPOS="1370" WIDTH="816" HEIGHT="29">
							<String ID="string_367" HPOS="179" VPOS="1372" WIDTH="66" HEIGHT="20" WC="0.96" CONTENT="derna"/><SP WIDTH="9" VPOS="1372" HPOS="245"/>
							<String ID="string_368" HPOS="254" VPOS="1371" WIDTH="76" HEIGHT="21" WC="0.95" CONTENT="äfven"/><SP WIDTH="-7" VPOS="1371" HPOS="330"/>
							<String ID="string_369" HPOS="323" VPOS="1366" WIDTH="10" HEIGHT="37" WC="0.95" CONTENT="i"/><SP WIDTH="11" VPOS="1366" HPOS="333"/>
							<String ID="string_370" HPOS="344" VPOS="1370" WIDTH="100" HEIGHT="22" WC="0.92" CONTENT="afseende"/><SP WIDTH="9" VPOS="1370" HPOS="444"/>
							<String ID="string_371" HPOS="453" VPOS="1372" WIDTH="13" HEIGHT="20" WC="0.91" CONTENT="å"/><SP WIDTH="8" VPOS="1372" HPOS="466"/>
							<String ID="string_372" HPOS="474" VPOS="1372" WIDTH="36" HEIGHT="21" WC="0.96" CONTENT="det"/><SP WIDTH="8" VPOS="1372" HPOS="510"/>
							<String ID="string_373" HPOS="518" VPOS="1371" WIDTH="108" HEIGHT="22" WC="0.96" CONTENT="definitiva"/><SP WIDTH="14" VPOS="1371" HPOS="626"/>
							<String ID="string_374" HPOS="640" VPOS="1372" WIDTH="122" HEIGHT="21" WC="0.96" CONTENT="storskiftet"/><SP WIDTH="13" VPOS="1372" HPOS="762"/>
							<String ID="string_375" HPOS="775" VPOS="1372" WIDTH="84" HEIGHT="27" WC="0.96" CONTENT="ingripa"/><SP WIDTH="14" VPOS="1372" HPOS="859"/>
							<String ID="string_376" HPOS="873" VPOS="1373" WIDTH="7" HEIGHT="19" WC="0.96" CONTENT="i"/><SP WIDTH="16" VPOS="1373" HPOS="880"/>
							<String ID="string_377" HPOS="896" VPOS="1372" WIDTH="99" HEIGHT="21" WC="0.96" CONTENT="afseende"/>
						</TextLine>
						<TextLine ID="line_43" HPOS="180" VPOS="1399" WIDTH="815" HEIGHT="29">
							<String ID="string_378" HPOS="180" VPOS="1400" WIDTH="13" HEIGHT="21" WC="0.89" CONTENT="å"/><SP WIDTH="14" VPOS="1400" HPOS="193"/>
							<String ID="string_379" HPOS="207" VPOS="1399" WIDTH="166" HEIGHT="27" WC="0.89" CONTENT="tunnlandtalet,"/><SP WIDTH="16" VPOS="1399" HPOS="373"/>
							<String ID="string_380" HPOS="389" VPOS="1400" WIDTH="24" HEIGHT="21" WC="0.96" CONTENT="så"/><SP WIDTH="15" VPOS="1400" HPOS="413"/>
							<String ID="string_381" HPOS="428" VPOS="1400" WIDTH="39" HEIGHT="21" WC="0.96" CONTENT="har"/><SP WIDTH="14" VPOS="1400" HPOS="467"/>
							<String ID="string_382" HPOS="481" VPOS="1400" WIDTH="126" HEIGHT="28" WC="0.96" CONTENT="regeringen"/><SP WIDTH="12" VPOS="1400" HPOS="607"/>
							<String ID="string_383" HPOS="619" VPOS="1400" WIDTH="25" HEIGHT="28" WC="0.96" CONTENT="ju"/><SP WIDTH="15" VPOS="1400" HPOS="644"/>
							<String ID="string_384" HPOS="659" VPOS="1401" WIDTH="100" HEIGHT="27" WC="0.96" CONTENT="trygghet"/><SP WIDTH="14" VPOS="1401" HPOS="759"/>
							<String ID="string_385" HPOS="773" VPOS="1400" WIDTH="33" HEIGHT="22" WC="0.96" CONTENT="för"/><SP WIDTH="15" VPOS="1400" HPOS="806"/>
							<String ID="string_386" HPOS="821" VPOS="1403" WIDTH="32" HEIGHT="19" WC="0.96" CONTENT="att"/><SP WIDTH="15" VPOS="1403" HPOS="853"/>
							<String ID="string_387" HPOS="868" VPOS="1401" WIDTH="48" HEIGHT="22" WC="0.96" CONTENT="icke"/><SP WIDTH="16" VPOS="1401" HPOS="916"/>
							<String ID="string_388" HPOS="932" VPOS="1407" WIDTH="63" HEIGHT="15" WC="0.96" CONTENT="anses"/>
						</TextLine>
						<TextLine ID="line_44" HPOS="177" VPOS="1428" WIDTH="819" HEIGHT="29">
							<String ID="string_389" HPOS="177" VPOS="1428" WIDTH="65" HEIGHT="22" WC="0.96" CONTENT="hafva"/><SP WIDTH="21" VPOS="1428" HPOS="242"/>
							<String ID="string_390" HPOS="263" VPOS="1428" WIDTH="89" HEIGHT="22" WC="0.96" CONTENT="handlat"/><SP WIDTH="21" VPOS="1428" HPOS="352"/>
							<String ID="string_391" HPOS="373" VPOS="1429" WIDTH="98" HEIGHT="27" WC="0.95" CONTENT="partiskt."/><SP WIDTH="31" VPOS="1429" HPOS="471"/>
							<String ID="string_392" HPOS="502" VPOS="1430" WIDTH="42" HEIGHT="21" WC="0.96" CONTENT="För"/><SP WIDTH="23" VPOS="1430" HPOS="544"/>
							<String ID="string_393" HPOS="567" VPOS="1430" WIDTH="37" HEIGHT="20" WC="0.96" CONTENT="det"/><SP WIDTH="14" VPOS="1430" HPOS="604"/>
							<String ID="string_394" HPOS="618" VPOS="1429" WIDTH="66" HEIGHT="22" WC="0.96" CONTENT="andra"/><SP WIDTH="15" VPOS="1429" HPOS="684"/>
							<String ID="string_395" HPOS="699" VPOS="1430" WIDTH="38" HEIGHT="21" WC="0.96" CONTENT="ber"/><SP WIDTH="12" VPOS="1430" HPOS="737"/>
							<String ID="string_396" HPOS="749" VPOS="1430" WIDTH="38" HEIGHT="27" WC="0.96" CONTENT="jag"/><SP WIDTH="15" VPOS="1430" HPOS="787"/>
							<String ID="string_397" HPOS="802" VPOS="1431" WIDTH="32" HEIGHT="21" WC="0.96" CONTENT="att"/><SP WIDTH="14" VPOS="1431" HPOS="834"/>
							<String ID="string_398" HPOS="848" VPOS="1429" WIDTH="22" HEIGHT="22" WC="0.96" CONTENT="få"/><SP WIDTH="13" VPOS="1429" HPOS="870"/>
							<String ID="string_399" HPOS="883" VPOS="1430" WIDTH="113" HEIGHT="22" WC="0.96" CONTENT="framhålla"/>
						</TextLine>
						<TextLine ID="line_45" HPOS="178" VPOS="1457" WIDTH="818" HEIGHT="29">
							<String ID="string_400" HPOS="178" VPOS="1457" WIDTH="117" HEIGHT="22" WC="0.91" CONTENT="huruledes"/><SP WIDTH="24" VPOS="1457" HPOS="295"/>
							<String ID="string_401" HPOS="319" VPOS="1458" WIDTH="36" HEIGHT="22" WC="0.96" CONTENT="det"/><SP WIDTH="15" VPOS="1458" HPOS="355"/>
							<String ID="string_402" HPOS="370" VPOS="1464" WIDTH="62" HEIGHT="21" WC="0.96" CONTENT="synes"/><SP WIDTH="16" VPOS="1464" HPOS="432"/>
							<String ID="string_403" HPOS="448" VPOS="1457" WIDTH="44" HEIGHT="28" WC="0.96" CONTENT="mig"/><SP WIDTH="14" VPOS="1457" HPOS="492"/>
							<String ID="string_404" HPOS="506" VPOS="1464" WIDTH="52" HEIGHT="16" WC="0.96" CONTENT="vara"/><SP WIDTH="14" VPOS="1464" HPOS="558"/>
							<String ID="string_405" HPOS="572" VPOS="1458" WIDTH="81" HEIGHT="27" WC="0.93" CONTENT="ganska"/><SP WIDTH="15" VPOS="1458" HPOS="653"/>
							<String ID="string_406" HPOS="668" VPOS="1458" WIDTH="156" HEIGHT="28" WC="0.90" CONTENT="inkonseqvent"/><SP WIDTH="15" VPOS="1458" HPOS="824"/>
							<String ID="string_407" HPOS="839" VPOS="1460" WIDTH="38" HEIGHT="25" WC="0.96" CONTENT="att,"/><SP WIDTH="17" VPOS="1460" HPOS="877"/>
							<String ID="string_408" HPOS="894" VPOS="1460" WIDTH="27" HEIGHT="20" WC="0.93" CONTENT="då"/><SP WIDTH="14" VPOS="1460" HPOS="921"/>
							<String ID="string_409" HPOS="935" VPOS="1465" WIDTH="61" HEIGHT="21" WC="0.92" CONTENT="rege-"/>
						</TextLine>
						<TextLine ID="line_46" HPOS="178" VPOS="1486" WIDTH="818" HEIGHT="29">
							<String ID="string_410" HPOS="178" VPOS="1487" WIDTH="74" HEIGHT="27" WC="0.96" CONTENT="ringen"/><SP WIDTH="21" VPOS="1487" HPOS="252"/>
							<String ID="string_411" HPOS="273" VPOS="1486" WIDTH="130" HEIGHT="22" WC="0.96" CONTENT="framställer"/><SP WIDTH="22" VPOS="1486" HPOS="403"/>
							<String ID="string_412" HPOS="425" VPOS="1487" WIDTH="133" HEIGHT="28" WC="0.96" CONTENT="proposition"/><SP WIDTH="22" VPOS="1487" HPOS="558"/>
							<String ID="string_413" HPOS="580" VPOS="1487" WIDTH="41" HEIGHT="22" WC="0.96" CONTENT="och"/><SP WIDTH="22" VPOS="1487" HPOS="621"/>
							<String ID="string_414" HPOS="643" VPOS="1487" WIDTH="90" HEIGHT="23" WC="0.96" CONTENT="sålunda"/><SP WIDTH="20" VPOS="1487" HPOS="733"/>
							<String ID="string_415" HPOS="753" VPOS="1488" WIDTH="37" HEIGHT="22" WC="0.96" CONTENT="vill"/><SP WIDTH="13" VPOS="1488" HPOS="790"/>
							<String ID="string_416" HPOS="803" VPOS="1488" WIDTH="60" HEIGHT="27" WC="0.96" CONTENT="fråga"/><SP WIDTH="16" VPOS="1488" HPOS="863"/>
							<String ID="string_417" HPOS="879" VPOS="1488" WIDTH="117" HEIGHT="22" WC="0.96" CONTENT="ständerna"/>
						</TextLine>
						<TextLine ID="line_47" HPOS="179" VPOS="1516" WIDTH="818" HEIGHT="28">
							<String ID="string_418" HPOS="179" VPOS="1522" WIDTH="35" HEIGHT="16" WC="0.91" CONTENT="om"/><SP WIDTH="22" VPOS="1522" HPOS="214"/>
							<String ID="string_419" HPOS="236" VPOS="1516" WIDTH="157" HEIGHT="22" WC="0.88" CONTENT="tunnlandtalet"/><SP WIDTH="14" VPOS="1516" HPOS="393"/>
							<String ID="string_420" HPOS="407" VPOS="1516" WIDTH="60" HEIGHT="22" WC="0.96" CONTENT="såväl"/><SP WIDTH="14" VPOS="1516" HPOS="467"/>
							<String ID="string_421" HPOS="481" VPOS="1516" WIDTH="8" HEIGHT="22" WC="0.96" CONTENT="i"/><SP WIDTH="14" VPOS="1516" HPOS="489"/>
							<String ID="string_422" HPOS="503" VPOS="1516" WIDTH="100" HEIGHT="22" WC="0.93" CONTENT="afseende"/><SP WIDTH="16" VPOS="1516" HPOS="603"/>
							<String ID="string_423" HPOS="619" VPOS="1517" WIDTH="12" HEIGHT="21" WC="0.91" CONTENT="å"/><SP WIDTH="16" VPOS="1517" HPOS="631"/>
							<String ID="string_424" HPOS="647" VPOS="1517" WIDTH="37" HEIGHT="21" WC="0.93" CONTENT="det"/><SP WIDTH="14" VPOS="1517" HPOS="684"/>
							<String ID="string_425" HPOS="698" VPOS="1517" WIDTH="141" HEIGHT="27" WC="0.92" CONTENT="provisionela"/><SP WIDTH="14" VPOS="1517" HPOS="839"/>
							<String ID="string_426" HPOS="853" VPOS="1516" WIDTH="144" HEIGHT="22" WC="0.96" CONTENT="förhållandet"/>
						</TextLine>
						<TextLine ID="line_48" HPOS="179" VPOS="1544" WIDTH="817" HEIGHT="29">
							<String ID="string_427" HPOS="179" VPOS="1551" WIDTH="46" HEIGHT="15" WC="0.96" CONTENT="som"/><SP WIDTH="16" VPOS="1551" HPOS="225"/>
							<String ID="string_428" HPOS="241" VPOS="1545" WIDTH="37" HEIGHT="21" WC="0.96" CONTENT="det"/><SP WIDTH="13" VPOS="1545" HPOS="278"/>
							<String ID="string_429" HPOS="291" VPOS="1544" WIDTH="113" HEIGHT="28" WC="0.90" CONTENT="definitiva,"/><SP WIDTH="16" VPOS="1544" HPOS="404"/>
							<String ID="string_430" HPOS="420" VPOS="1546" WIDTH="116" HEIGHT="21" WC="0.96" CONTENT="ständerna"/><SP WIDTH="14" VPOS="1546" HPOS="536"/>
							<String ID="string_431" HPOS="550" VPOS="1545" WIDTH="45" HEIGHT="22" WC="0.96" CONTENT="visa"/><SP WIDTH="16" VPOS="1545" HPOS="595"/>
							<String ID="string_432" HPOS="611" VPOS="1546" WIDTH="69" HEIGHT="21" WC="0.94" CONTENT="denna"/><SP WIDTH="14" VPOS="1546" HPOS="680"/>
							<String ID="string_433" HPOS="694" VPOS="1546" WIDTH="133" HEIGHT="27" WC="0.96" CONTENT="proposition"/><SP WIDTH="15" VPOS="1546" HPOS="827"/>
							<String ID="string_434" HPOS="842" VPOS="1545" WIDTH="55" HEIGHT="22" WC="0.96" CONTENT="ifrån"/><SP WIDTH="15" VPOS="1545" HPOS="897"/>
							<String ID="string_435" HPOS="912" VPOS="1547" WIDTH="33" HEIGHT="26" WC="0.96" CONTENT="sig"/><SP WIDTH="11" VPOS="1547" HPOS="945"/>
							<String ID="string_436" HPOS="956" VPOS="1546" WIDTH="40" HEIGHT="21" WC="0.96" CONTENT="och"/>
						</TextLine>
					</TextBlock>
				</ComposedBlock>
			</PrintSpace>
		</Page>
	</Layout>
</alto>
