1073 1789
246 119 54 20 1450
458 117 3 3 |
522 120 40 17 Den
581 118 24 19 15
621 119 104 18 December.

283 182 41 22 Till
345 181 128 28 behandling
488 181 109 27 föredrogs
613 181 54 22 härä
681 182 153 21 sammansatta
848 181 56 27 Lag-
920 180 40 22 och
976 180 56 21 Eko-

215 211 176 22 nomiutskottets
407 209 296 28 sammanjemkningsförslag
717 210 8 21 i
740 209 113 27 anledning
869 209 22 22 af
897 209 79 27 nädiga
982 215 50 20 pro-

215 240 121 27 positionen
352 245 34 16 om
401 239 159 27 tingsgästning

283 268 78 23 Grefve
384 268 122 27 Armfelt,
526 267 90 28 August,
633 267 72 22 anhöll
721 269 32 20 att
768 267 89 22 emedan
872 266 161 29 propositionen

216 304 35 15 om
265 299 138 26 permanenta
418 297 116 22 domstolar
549 296 48 22 icke
612 297 75 21 vunnit
702 296 103 22 ständens
820 296 64 27 bifall,
902 296 60 22 detta
977 302 55 16 sam-

215 327 121 28 manjemkn
343 326 120 27 ngsförslag
479 325 68 22 skulle
562 325 22 22 af
598 325 87 22 ståndet
699 325 113 22 förkastas.

283 355 97 22 Friherre
389 361 40 16 von
436 355 75 27 Born,
520 354 29 22 V:
565 355 41 27 Jag
613 354 86 22 förenar
706 355 43 27 mig
756 355 33 21 till
801 354 41 22 alla
851 354 60 22 delar
919 360 34 15 om
962 353 71 29 grefve

215 384 100 23 Armfelts
339 384 56 27 åsigt
417 384 40 22 och
479 385 51 26 tror,
554 385 33 20 att
603 383 40 22 den
659 383 129 27 diskussion,
805 389 45 16 som
865 383 58 22 förut
938 383 7 21 i
960 383 74 27 frågan

215 413 114 28 försiggått
343 413 28 28 på
385 413 60 22 detta
459 420 52 20 rum,
526 419 46 16 mer
587 415 27 20 än
629 413 34 21 väl
678 413 112 22 innehållit
804 413 65 22 motiv
884 412 33 22 för
932 418 26 16 en
967 412 67 22 sådan

217 443 55 26 åsigt
286 443 47 21 från
348 441 167 28 Ridderskapets
531 442 40 22 och
585 442 80 21 Adelns
679 443 52 21 sida.

283 471 56 22 Herr
360 470 191 28 Björkenheim,
574 470 90 22 Robert:
681 471 71 21 Också
764 470 39 28 jag
816 471 39 21 ber
869 471 33 21 att
915 470 8 21 i
939 470 96 27 enlighet

216 500 49 22 med
280 500 89 22 friherre
383 506 41 16 von
439 500 57 21 Born
511 499 140 28 understödja
666 499 71 28 grefve
751 499 102 22 Armfelts
868 498 86 28 förslag.

284 529 97 21 Friherre
396 535 40 15 von
452 528 84 28 Troil,
553 528 20 22 S.
591 528 44 22 W.:
660 528 43 22 Det
710 528 56 22 hade
773 528 125 27 visserligen
906 528 55 22 varit
969 528 65 21 önsk-

215 557 40 28 ligt
269 559 33 21 att
317 558 41 21 den
373 557 22 22 af
407 557 158 29 Ridderskapet
579 557 41 22 och
635 557 68 22 Adeln
718 559 94 25 antagna
822 556 168 28 bestämningen,
1002 558 32 20 att

217 587 185 27 tingsgästningen
418 586 68 22 skulle
501 586 22 22 fä
536 586 58 22 lösas
609 586 8 21 i
626 587 118 27 penningar
753 586 54 22 efter
815 586 57 22 ärets
881 586 153 27 markegängs-

215 616 52 27 pris,
289 616 68 21 redan
379 622 29 15 nu
423 616 55 21 hade
491 615 68 22 blifvit
574 615 104 27 gällande,
695 622 48 15 men
759 615 27 22 dä
800 615 74 27 frägan
889 615 91 21 rörande
995 615 39 21 hä-

215 645 157 21 radsrätternas
388 644 179 27 omorganisation
583 644 24 22 sä
621 647 53 19 nära
688 646 24 20 är
727 644 106 22 beroende
849 644 23 21 af
884 643 73 28 frägan
969 644 64 26 angä-

216 674 53 22 ende
292 673 163 28 tingsgästning,
479 675 31 20 att
529 680 49 15 man
592 673 29 27 pä
636 675 45 20 sätt
696 673 40 21 och
751 673 32 22 vis
799 673 48 21 icke
862 672 39 22 har
915 673 67 27 nägot
997 679 36 15 an-

215 705 38 19 nat
267 702 57 22 band
338 703 28 26 pä
381 702 26 22 de
423 702 69 27 stånd,
506 708 46 16 som
567 708 7 15 i
589 702 100 22 afseende
700 702 9 22 ä
720 702 177 22 häradsrätterna
904 704 56 20 mest
970 701 64 22 hafva

214 730 116 28 tredskats,
347 732 25 21 sä
385 733 24 19 är
421 731 38 27 jag
473 731 65 22 ocksä
552 730 48 22 med
617 737 34 15 om
666 732 33 20 att
713 730 45 22 läta
772 730 74 28 frägan
861 730 33 22 för
902 731 70 22 denna
979 730 55 28 gäng

214 760 89 22 förfalla.

283 789 10 21 I
309 788 94 28 enlighet
417 788 50 22 med
481 788 57 22 hvad
553 788 91 22 sålunda
658 790 85 26 yttrats,
752 788 134 28 uppställdes
902 788 54 22 efter
970 788 62 22 hvar-

217 818 66 22 andra
304 817 93 28 följande
419 818 158 26 propositioner
593 823 34 16 om
643 818 26 21 de
685 818 56 22 olika
756 819 121 21 momenten
892 818 7 21 i
914 817 119 22 utskottets

217 846 303 28 sammanjemkningsförslag,
536 846 107 28 nemligen

284 876 42 27 1:0)
345 875 141 27 ,,Godkänner
494 875 161 27 Ridderskapet
670 875 39 21 och
724 875 69 22 Adeln
808 877 155 20 sammansatta
977 875 56 27 Lag-

215 904 40 22 och
276 904 224 22 Ekonomiutskottets
522 903 140 23 förevarande
685 904 295 28 sammanjemkningsförslag
996 905 36 21 be-

215 932 103 23 träffande
333 932 12 28 $
361 934 21 25 1;

282 962 74 21 vinner
370 961 42 28 nej,
427 960 106 23 förkastas
549 962 91 22 berörde
655 961 101 28 förslag*.

282 990 164 28 Propositionen
460 990 129 23 besvarades
604 991 50 21 med
669 990 156 29 öfvervägande
839 991 41 28 nej.

282 1019 44 28 2:0)
343 1020 66 27 ,Den,
426 1026 46 15 som
487 1020 123 27 godkänner
625 1022 153 20 sammansatta
792 1020 55 28 Lag-
863 1020 40 23 och
918 1020 115 23 Ekonomi-

215 1049 118 22 utskottets
348 1049 301 27 sammanjemkningsförslag,
664 1050 91 21 rörande
770 1049 11 28 $
797 1051 11 20 3
824 1049 166 28 iförfattningen
998 1056 34 15 om

216 1077 163 28 tingsgästning,
395 1083 74 17 svarar
481 1077 34 28 ja;

282 1107 74 28 vinner
370 1107 41 27 nej,
427 1106 107 22 förkastas
549 1107 91 22 nämnde
655 1107 100 28 förslag".

283 1135 67 22 Äfven
366 1135 68 22 denna
448 1135 133 28 proposition
595 1136 130 22 besvarades
741 1136 49 22 med
805 1135 93 29 afgjordt
912 1136 41 28 nej.

283 1165 42 26 3:0)
349 1165 53 26 Den,
423 1171 46 15 som
484 1165 124 26 godkänner
623 1167 154 20 sammansatta
791 1165 55 27 Lag-
862 1165 40 22 och
916 1165 115 22 Ekonomi-

215 1193 117 22 utskottets.
355 1193 297 28 sammanjemkningsförslag
669 1194 90 21 rörande
774 1194 111 27 ingressen
900 1194 32 21 till
946 1194 85 22 författ-

214 1222 78 28 ningen
307 1221 110 28 angående
431 1222 163 27 tingsgästning,
610 1228 74 16 svarar
695 1223 36 27 ja;

282 1251 74 21 vinner
369 1251 40 26 nej,
425 1250 107 23 förkastas
547 1251 92 21 nämnde
653 1251 87 27 förslag.

283 1279 46 22 Och
345 1285 46 16 som
406 1278 62 22 äfven
483 1279 70 22 denna
566 1280 134 27 proposition
714 1281 129 21 besvarades
859 1280 49 22 med
922 1281 41 27 nej,
975 1281 56 22 hade

213 1307 87 22 ståndet
319 1307 32 22 till
366 1308 42 21 alla
424 1308 58 21 delar
496 1309 121 21 underkänt
631 1309 160 27 ifrågavarande
806 1309 224 28 sammanjemknings-

213 1336 85 27 förslag.

281 1391 119 28 Föredrogs
409 1392 178 23 Statsutskottets
596 1393 119 27 bordlagda
721 1394 310 28 sammanjemkningsförslag
1024 1387 11 39 i

215 1421 113 27 anledning
343 1421 23 22 af
377 1421 78 27 nådiga
462 1422 161 27 propositionen
631 1422 110 28 angående
749 1423 280 28 stämpelpappersafgiften.

280 1451 98 21 Friherre
386 1457 41 15 von
441 1451 80 27 Born,
537 1451 31 26 V.,
579 1457 45 16 som
632 1451 6 22 i
647 1452 70 21 denna
723 1451 60 28 fråga
791 1452 66 22 utbad
866 1452 33 28 sig
909 1453 67 27 ordet,
986 1455 43 26 ytt-

212 1479 61 22 rade:
289 1479 41 26 Jag
345 1479 36 22 vill
395 1479 34 22 väl
443 1479 33 22 för
490 1480 43 21 min
549 1480 34 21 del
597 1480 47 22 icke
659 1481 69 26 pästä,
745 1483 32 20 att
793 1482 59 21 detta
867 1482 162 28 sammanjemk-

213 1507 141 28 ningsförslag
368 1514 50 16 vore
434 1508 23 21 af
469 1509 107 21 utskottet
591 1509 88 27 oriktigt
686 1510 126 28 uppgjordt;
828 1511 37 21 det
873 1511 74 27 tyckes
955 1511 74 22 nemli-

213 1543 40 21 gen
261 1536 62 23 hafva
337 1536 69 23 blifvit
421 1537 39 22 sed
475 1539 37 25 att,
530 1538 37 21 der
582 1539 78 21 tvenne
675 1538 75 22 ständs
759 1539 71 21 beslut
838 1538 192 24 öfverensstämma
