1056 1811
364 119 39 18 Den
420 118 25 19 19
460 120 105 18 December.
792 120 52 20 1561

55 179 103 27 fördelad,
175 182 32 20 att
222 181 84 22 således
323 181 41 22 alla
380 182 99 27 delegare
493 182 8 21 i
517 182 25 22 de
562 184 32 20 tre
616 183 69 27 länen,
709 189 47 16 som
770 183 7 22 i
793 185 81 20 största

56 209 60 21 skala
130 208 123 23 framkallat
267 209 101 23 förluster
383 210 32 22 för
429 211 131 27 föreningen,
577 212 61 21 skola
652 212 50 21 med
716 212 50 21 hela
784 213 32 20 sin
831 212 43 21 för-

55 237 115 28 mögenhet
192 238 60 27 först,
269 239 70 22 såvidt
360 239 40 22 den
424 240 71 21 dertill
517 240 81 26 räcker,
614 240 93 22 betäcka
729 240 42 21 den
789 240 84 27 förlust,

56 271 46 16 som
124 267 104 26 uppstått,
245 267 40 22 och
307 269 33 20 att
361 267 53 22 först
436 268 93 22 derefter
551 268 114 27 delegarne
682 269 8 20 i
705 269 66 22 andra
785 269 36 21 län
837 271 37 20 äro

56 295 97 27 skyldiga
168 297 32 19 att
214 295 90 27 bidraga
319 296 32 20 till
365 296 144 22 betäckandet
531 297 23 21 af
573 297 57 21 hvad
653 303 45 15 som
721 297 91 22 sålunda
826 297 47 22 icke

55 322 69 22 blifvit
139 324 74 21 betalt.
243 324 32 21 En
292 324 67 22 sådan
374 324 65 27 liqvid
455 325 68 21 skulle
538 325 29 27 på
586 327 45 19 sätt
649 326 108 22 utskottet
775 325 100 27 framlagt

55 351 33 22 för
104 352 113 28 delegarne
232 353 8 21 i
254 353 58 21 vissa
325 354 36 20 län
376 353 95 23 medföra
486 360 25 16 en
526 354 159 27 kapitalförlust
699 354 23 22 af
735 354 57 22 ända
807 355 31 21 till
847 356 27 20 88

57 381 26 25 9/0
100 380 22 22 af
136 381 37 21 det
187 382 84 27 belopp,
287 381 33 22 för
334 382 81 22 hvilket
431 382 26 22 de
471 383 70 27 ingått
555 383 8 21 i
578 382 130 28 föreningen,
725 383 40 22 och
781 383 26 22 de
819 383 56 21 hade

57 410 87 21 dermed
159 410 64 27 ingen
238 411 84 26 garanti
336 410 34 22 för
384 412 32 20 att
432 412 61 21 deras
509 411 145 28 uppoffringar
669 412 40 22 och
733 412 62 22 deras
809 412 66 22 förlu-

57 439 45 20 ster
118 438 122 27 derigenom
256 439 65 22 också
336 445 50 16 vore
401 439 49 22 slut.
480 441 33 20 En
528 440 68 21 sådan
606 440 78 21 förlust
694 446 50 16 vore
752 440 33 22 för
793 441 82 26 många,

57 467 81 21 kanske
153 467 33 22 för
201 468 27 21 de
242 467 64 22 flesta
322 468 112 27 delegarne
450 469 7 20 i
473 469 63 21 dessa
550 468 162 27 ifrågavarande
727 469 96 26 nordliga
840 469 36 21 län

56 495 92 28 liktydig
169 497 49 20 med
240 496 126 22 ekonomisk
387 497 53 26 ruin,
465 497 39 22 och
526 496 33 23 för
578 497 73 22 landet
666 504 50 15 vore
732 499 41 20 den
787 497 90 28 liktydig

57 525 49 20 med
121 526 33 19 att
168 525 46 21 från
229 525 85 22 landets
330 525 149 27 modernäring
492 526 128 27 jordbruket
634 526 111 27 frånskilja
753 527 122 25 elementer,

58 559 46 16 som
120 553 105 27 svårligen
240 554 72 21 kunna
328 554 38 22 der
380 554 112 22 undvaras.
522 555 42 26 Jag
579 556 24 19 är
619 554 83 22 derföre
722 555 23 21 af
765 555 40 22 den
821 555 56 27 äsigt

58 583 32 20 att
106 582 37 22 det
158 582 107 22 allmänna
279 589 35 20 nu,
332 583 27 21 då
374 583 65 21 saken
454 583 24 22 så
492 583 101 22 förhåller
608 583 39 27 sig,
663 584 68 21 måste
742 584 63 21 träda
812 584 65 21 emel-

56 610 43 22 lan.
128 610 50 22 Men
194 611 28 21 då
234 612 38 26 jag
287 612 83 21 således
386 612 63 27 yrkar
463 612 28 27 på
507 613 32 20 att
560 612 145 26 uppoffringar
725 612 47 22 från
794 613 83 21 statens

58 639 47 22 sida
127 640 62 21 skola
211 641 69 26 göras,
303 640 34 22 för
359 641 32 20 att
405 640 52 22 reda
472 642 24 20 ut
511 641 41 21 den
567 640 63 22 svåra
646 640 107 28 ställning,
769 641 8 21 i
791 640 86 22 hvilken

57 668 231 28 hypoteksföreningen
302 669 94 26 kommit,
413 670 24 21 så
453 671 38 25 gör
505 670 36 26 jag
557 670 37 21 det
608 669 69 22 under
696 670 125 27 uttryckligt
834 669 43 22 för-

58 697 78 27 behåll,
152 699 34 20 att
199 698 74 27 hvarje
289 698 82 26 åtgärd,
388 704 46 15 som
448 698 73 21 härtill
543 698 72 28 syftar,
632 698 67 22 måtte
714 698 115 22 inskränka
845 698 33 28 sig

58 726 138 22 uteslutande
218 726 31 22 till
273 727 134 27 delegarne
400 722 13 37 i
423 727 65 21 dessa
509 727 162 27 ifrågavarande
694 729 75 20 trenne
787 727 42 26 län,
841 729 38 22 att

58 761 49 15 man
122 755 86 22 således
221 756 81 21 lemnar
316 756 129 27 fullkomligt
459 762 26 15 ur
500 756 55 27 sigte
570 756 73 27 hvarje
660 756 75 27 åtgärd
757 756 33 21 för
811 756 66 27 hypo-

59 784 173 27 teksföreningen
247 785 7 21 i
270 785 49 21 dess
334 784 79 27 helhet,
429 785 40 21 och
484 784 137 22 uteslutande
637 785 137 27 sysselsätter
789 785 33 26 sig
829 785 49 21 med

58 813 56 21 hvad
130 818 46 16 som
192 816 22 18 är
230 815 33 19 att
278 815 52 25 göra
340 813 33 22 för
388 815 32 19 att
435 813 82 27 skydda
533 813 63 22 dessa
611 813 97 27 nordliga
717 815 75 20 trenne
801 814 35 21 län
845 813 33 21 för

60 848 26 16 en
101 842 25 21 så
141 842 49 22 svår
204 842 118 26 kalamitet,
338 848 46 16 som
399 849 28 15 nu
443 842 45 21 står
502 842 33 22 för
551 842 83 22 dörren.
664 842 46 21 Den
733 842 76 27 åtgärd
832 848 46 15 som

59 870 23 22 af
94 871 109 21 utskottet
217 870 96 28 föreslås,
330 877 62 16 anser
405 871 38 27 jag
457 870 33 22 för
505 871 42 21 min
563 871 34 21 del
613 877 52 15 vara
683 871 135 27 synnerligen
833 871 45 21 väl-

59 900 96 27 betänkt,
172 900 41 21 och
225 900 39 27 jag
278 906 64 15 anser
356 901 32 20 att
403 900 109 21 utskottet
527 906 76 21 genom
617 899 160 28 framläggande
796 900 22 21 af
832 900 46 21 det-

60 935 81 16 samma
155 929 39 21 har
210 929 56 27 gjort
281 929 34 27 sig
330 929 22 21 af
366 929 115 21 ständerna
498 929 33 21 väl
550 928 94 28 förtjent.
674 927 205 29 Hypoteksförenin-

60 964 41 21 gen
116 958 68 21 måste
200 958 158 27 reorganiseras
374 958 7 21 i
395 957 75 28 grund,
489 957 78 27 förrän,
584 957 66 27 enligt
672 957 42 22 min
736 957 142 28 uppfattning,

60 987 66 26 något
141 987 118 21 understöd
274 987 40 21 bör
328 986 80 22 lemnas
425 987 128 21 densamma.
584 986 41 21 Om
640 993 49 14 man
699 993 29 14 nu
738 986 69 21 skulle
816 986 64 21 efter-

61 1016 81 21 skänka
158 1015 36 22 det
209 1015 161 28 ifrågavarande
384 1015 59 22 lånet
457 1015 29 27 på
499 1017 91 25 600,000
605 1015 66 26 mark,
688 1015 24 21 så
726 1021 51 16 vore
793 1014 87 22 dermed

60 1045 47 21 icke
123 1050 60 16 mera
198 1047 26 19 än
239 1044 81 22 hälften
336 1044 23 22 af
372 1045 36 21 det
423 1045 108 21 närmaste
546 1043 102 22 behofvet
665 1043 59 28 fyldt.
755 1043 53 22 Lika
823 1049 57 22 myc-

60 1073 39 22 ket
114 1073 68 22 skulle
197 1073 70 22 mästa
282 1073 66 27 gifvas
364 1073 23 21 af
399 1073 132 21 statsverket
545 1072 47 22 frän
608 1074 65 19 annat
687 1072 50 27 häll,
754 1073 40 20 och
813 1071 67 22 deref-

60 1104 34 20 ter
117 1102 70 21 skulle
210 1102 123 27 föreningen
357 1102 66 26 enligt
444 1101 43 22 min
502 1101 142 27 uppfattning,
658 1101 37 27 jag
711 1103 24 19 är
750 1100 83 28 skyldig
849 1102 32 20 att

61 1131 69 21 uttala
146 1131 37 21 det
197 1131 45 26 här,
258 1131 70 26 fortgä
343 1131 28 26 pä
386 1136 81 16 samma
481 1133 41 24 väg
537 1136 46 15 som
598 1129 106 22 härintills
719 1141 28 3 —
757 1129 124 28 föreningen

62 1160 70 21 skulle
148 1159 66 22 sofva.
244 1159 38 22 Ett
296 1159 71 27 bolag,
383 1159 31 22 till
429 1159 64 22 hvars
512 1159 179 26 bolagsstämmor
705 1157 46 28 fyra
766 1158 13 21 &
793 1157 42 22 fem
849 1158 32 21 le-

64 1188 96 21 damöter
176 1189 76 20 endast
266 1187 80 22 infinna
361 1188 39 26 sig,
415 1188 76 25 mäste,
508 1187 27 21 dä
551 1188 37 20 det
601 1187 67 25 begär
683 1187 117 20 understöd
816 1186 66 22 afdet

63 1216 113 27 allmänna,
191 1216 55 22 först
260 1216 46 22 visa
322 1217 32 21 att
370 1216 36 21 det
420 1216 36 21 vill
471 1216 74 26 vakna,
562 1215 52 21 eller
629 1215 66 21 ocksä
709 1214 56 22 skall
781 1214 37 22 det
827 1215 56 21 tvin-

64 1252 38 21 gas
118 1244 76 23 dertill.
224 1246 42 26 Jag
281 1251 63 15 anser
358 1244 32 22 för
404 1244 44 22 min
463 1244 35 21 del
513 1246 32 20 att
566 1243 231 27 hypoteksföreningen
812 1243 7 21 i
834 1243 48 21 Fin-

63 1274 51 22 land
136 1274 102 26 antingen
260 1274 68 21 måste
350 1273 112 22 utsträcka
485 1272 162 28 ansvarigheten
667 1272 33 22 för
715 1272 63 21 lånen
793 1272 33 21 till
841 1272 42 21 alla

65 1303 49 21 dess
128 1303 138 21 medlemmar
281 1303 7 20 i
303 1302 78 26 landet,
390 1302 122 21 oberoende
527 1301 22 21 af
561 1302 70 26 länen,
648 1300 53 22 eller
715 1300 66 22 ocksä
791 1300 48 22 dela
850 1300 33 26 sig

64 1332 8 21 i
86 1331 128 27 föreningar,
237 1337 47 15 som
306 1331 89 21 omfatta
416 1330 81 22 mindre
521 1330 58 22 delar
601 1329 22 21 af
643 1329 80 26 landet,
741 1335 54 20 men,
811 1328 73 22 förrän

66 1361 69 21 denna
150 1360 85 27 delning
251 1360 55 26 sker,
322 1360 97 26 uppgöra
432 1358 67 27 ligvid
515 1364 33 16 om
565 1358 26 22 de
605 1357 102 22 förluster
722 1363 45 15 som
783 1357 41 21 den
833 1357 50 21 här-

65 1389 66 21 intills
145 1388 55 22 lidit.
230 1388 82 22 Endast
327 1389 65 20 sedan
407 1386 230 28 hypoteksföreningen
654 1386 103 21 förklarat
778 1386 33 26 sig
826 1385 58 27 villig

66 1417 40 22 och
121 1418 99 26 uppvisat
235 1416 138 28 möjligheten
388 1416 22 22 af
424 1417 33 21 att
471 1415 123 27 genomföra
609 1415 70 21 denna
693 1414 78 22 reform
779 1414 52 22 eller
845 1414 38 21 nä-

66 1451 42 21 gon
124 1451 75 20 annan,
215 1451 45 15 som
275 1446 43 20 kan
333 1444 90 22 föresläs
439 1444 39 20 och
493 1444 96 20 befinnes
604 1443 50 21 leda
669 1443 32 20 till
719 1442 72 26 mälet,
808 1441 77 22 endast

67 1473 93 22 derefter
174 1474 42 20 kan
232 1472 39 22 och
287 1473 40 21 bör
340 1472 131 22 statsverket
484 1471 84 27 ingripa
583 1470 32 22 uti
637 1470 128 22 utredandet
787 1469 23 21 af
829 1469 56 22 före-

66 1502 90 27 ningens
172 1501 81 21 affärer.
284 1500 41 22 Om
340 1501 36 21 det
391 1500 159 27 ifrågavarande
565 1499 59 21 lånet
639 1498 22 22 af
673 1500 93 30 600,000
781 1497 61 22 mark
855 1504 30 15 nu

67 1531 69 22 skulle
152 1529 117 28 afskrifvas,
286 1529 24 22 sä
325 1535 50 16 vore
391 1528 86 23 dermed
493 1528 81 27 ganska
587 1527 50 22 litet
657 1527 71 27 gjordt
749 1526 33 22 för
804 1527 32 21 att
851 1528 34 21 sä-
