1070 1820
182 266 83 20 framom
287 266 24 20 de
332 266 64 25 enkla,
410 266 125 26 företräden,
557 267 26 20 de
604 266 41 25 där,
666 266 77 21 kanske
763 272 44 14 mer
825 268 25 18 än
865 268 67 24 annat,

181 294 86 26 bidragit
281 294 31 20 till
326 296 31 18 att
372 294 21 20 åt
408 301 33 14 oss
456 295 103 26 uppfostra
573 301 26 14 en
614 295 70 25 duglig
698 294 191 21 folkskollärarekår.

250 323 31 21 Då
295 325 29 19 ett
334 325 135 18 sammansatt
484 324 128 20 seminarium
625 324 22 26 ju
659 323 65 21 måste
736 324 122 25 åtminstone
867 323 65 21 delvis

182 358 46 14 vara
243 352 8 20 i
265 352 58 20 behof
337 352 20 20 af
371 352 41 20 helt
423 352 62 20 andra
499 352 38 20 och
551 354 63 18 större
628 352 76 20 lokaler
717 354 27 18 än
759 354 29 18 ett
804 352 72 25 enkelt,
887 358 46 14 men

181 386 25 14 en
228 380 118 26 omändring
368 380 37 20 och
426 381 120 25 utvidgning
564 381 20 19 af
601 381 101 20 lokalerna
721 381 7 19 i
747 382 30 18 ett
791 381 67 20 enkelt
873 381 60 20 semi-

181 409 78 20 narium
273 409 30 19 till
318 409 75 20 sådana
408 415 42 14 som
465 410 29 19 ett
507 411 130 18 sammansatt
648 410 88 19 erfordra
747 410 43 19 icke
802 411 49 18 utan
861 409 72 25 betyd-

180 437 41 26 liga
235 438 107 19 kostnader
356 438 67 19 kunna
438 438 125 23 värkställas,
574 438 60 19 borde
642 444 26 13 en
681 438 43 19 icke
735 438 22 19 så
766 438 50 19 liten
826 438 108 24 besparing

180 466 21 19 af
219 465 100 20 allmänna
336 465 64 20 medel
421 466 68 19 kunna
509 466 40 25 ske,
567 466 67 20 därest
656 466 34 19 det
711 466 31 19 till
763 465 110 20 Brahestad
893 466 38 19 för-

180 493 60 26 lagda
263 494 57 19 enkla
343 495 113 19 seminariet
473 494 62 21 redan
554 500 28 14 nu
601 495 36 19 och
656 494 62 20 innan
737 495 46 19 med
801 494 47 20 dess
868 494 65 25 bygg-

181 523 72 19 naders
267 522 125 26 uppförande
406 523 90 24 vidtages
512 523 97 20 ombildas
625 523 30 19 till
670 525 29 18 ett
712 524 129 18 sammansatt
856 522 77 20 sådant.

251 551 36 19 För
305 553 29 18 att
353 550 121 26 ådagalägga
491 551 35 20 det
543 551 67 26 hvarje
629 551 81 20 fruktan
725 551 30 20 för
768 551 35 20 det
818 551 115 20 seminariet

180 579 8 20 i
208 579 111 20 Brahestad
338 579 67 20 såsom
427 581 130 18 sammansatt
571 580 78 19 komme
664 582 29 17 att
707 579 42 20 lida
763 579 49 20 brist
826 579 27 26 på
867 579 68 20 elever

181 610 23 17 är
217 607 128 26 oberättigad,
360 607 35 20 ber
408 608 33 25 jag
455 610 30 18 att
500 607 20 20 få
534 608 102 19 framhålla
650 610 35 22 att,
700 607 26 20 då
741 608 34 20 det
789 608 83 19 förlidna
886 608 47 19 höst

181 636 59 25 gälde
260 638 30 18 att
310 638 88 24 mottaga
414 637 65 20 elever
491 637 30 19 till
536 637 116 24 seminariet,
668 637 30 19 till
714 637 25 19 de
753 637 27 20 35
796 636 79 26 platser,
890 642 43 14 som

182 665 58 20 stodo
259 665 30 20 till
309 665 59 24 buds,
388 665 89 20 anmälde
500 665 32 25 sig
549 671 43 14 mer
609 667 25 18 än
648 665 35 20 det
695 665 73 20 dubbla
783 665 74 20 antalet
871 665 62 20 häraf.

182 693 66 20 Också
267 694 54 19 detta
339 695 30 18 ett
386 693 56 20 bevis
456 693 26 26 på
497 694 44 19 med
556 694 76 19 hvilket
646 695 65 18 varmt
725 694 87 19 intresse
826 693 107 20 folkskole-

182 722 62 19 saken
266 723 102 19 omfattats
388 722 7 19 i
412 728 58 13 norra
491 722 88 25 Finland,
601 729 25 13 en
646 722 96 25 landsdel,
762 722 80 19 hvilken
862 721 71 20 hittills

182 750 94 25 vanligen
297 750 39 20 fått
357 750 77 26 åtnöjas
455 751 46 20 med
519 751 26 20 de
565 751 76 20 smulor
656 757 43 14 som
714 751 51 19 fallit
778 750 46 20 från
839 751 39 20 den
892 750 41 20 rike

182 785 97 14 mannens
294 779 55 20 bord.

250 807 31 20 Då
301 807 63 25 äfven,
379 813 32 14 om
432 807 38 20 den
492 807 30 20 till
539 808 110 19 Brahestad
668 807 88 26 förlagda
771 807 162 20 seminariiafdel-

181 836 76 25 ningen
279 836 60 20 redan
360 842 28 13 nu
410 837 118 24 utvidgades
549 837 31 19 till
603 838 28 18 ett
647 838 131 18 sammansatt
798 836 135 25 seminarium,

181 864 62 25 något
258 865 93 20 öfverflöd
365 864 27 26 på
406 864 137 21 lärarekrafter
557 865 43 20 icke
614 865 64 19 skulle
690 865 79 26 uppstå,
784 865 48 19 utan
847 866 86 18 tvärtom

181 899 25 13 en
225 893 52 20 brist
294 893 62 25 därpå
370 893 34 19 det
418 893 81 20 oaktadt
513 895 55 18 ännu
582 899 26 14 en
621 894 69 24 längre
702 893 29 19 tid
745 893 79 19 komme
838 894 30 18 att
882 893 50 19 före-

180 922 72 24 finnas,
274 927 62 19 synes
358 922 58 19 äfven
438 922 64 19 denna
523 922 149 25 omständighet
694 922 40 20 tala
755 921 30 20 för
807 921 125 21 seminariets

181 950 123 26 utvidgande
318 950 30 20 till
363 951 29 19 ett
407 952 136 18 sammansatt.

249 978 59 20 Detta
323 981 22 17 är
360 978 29 20 för
404 979 59 25 öfrigt
477 980 30 18 ett
521 978 158 26 önskningsmål,
695 985 43 14 som
750 978 26 26 på
788 979 34 20 det
834 981 98 18 varmaste

181 1008 92 19 omfattas
288 1007 44 20 icke
347 1007 51 19 blott
407 1008 19 19 af
441 1008 38 19 den
494 1010 32 17 ort
539 1008 34 25 jag
587 1014 27 13 nu
628 1008 36 19 har
676 1010 48 18 äran
736 1009 138 24 representera
884 1010 49 18 utan

181 1036 59 20 äfven
254 1036 20 19 af
287 1036 142 24 befolkningen
444 1036 6 19 i
465 1036 45 20 hela
524 1042 59 14 norra
597 1036 89 20 Finland.

249 1064 29 20 På
297 1064 67 26 grund
386 1064 55 20 häraf
462 1064 37 20 och
517 1064 22 20 så
557 1065 80 24 mycket
654 1064 63 20 hällre
735 1071 43 13 som
795 1065 58 20 äfven
876 1064 55 20 Hans

180 1092 112 26 Kejserliga
308 1092 93 26 Majestät
419 1098 72 20 genom
512 1094 33 18 sin
563 1093 31 19 till
613 1093 108 20 ständerna
735 1093 147 19 öfverlämnade
897 1093 34 19 nå-

180 1121 46 25 diga
241 1121 123 25 proposition
379 1121 102 25 angående
496 1121 134 25 befrämjande
640 1122 20 18 af
669 1122 61 25 högre
739 1122 120 20 folkskolors
869 1121 62 20 inrät-

180 1150 61 19 tande
255 1150 7 18 i
276 1149 202 20 landskommunerna
493 1150 37 20 och
544 1150 108 20 anvisande
666 1150 20 19 af
700 1150 65 20 medel
779 1150 67 20 härtill
861 1149 72 26 ådaga-

179 1178 43 25 lagt
237 1178 34 19 sitt
288 1184 67 13 varma
369 1178 87 19 intresse
469 1178 30 20 för
513 1178 204 20 folkskoleväsendets
733 1178 67 20 vidare
814 1178 118 25 utveckling

180 1207 38 19 och
240 1206 99 20 förkofran
353 1206 8 19 i
376 1206 44 20 vårt
439 1206 53 25 land,
507 1206 62 26 vågar
581 1207 34 25 jag
629 1206 103 20 vördsamt
747 1206 79 20 anhålla
837 1206 33 21 det
885 1206 47 20 ville

181 1234 98 26 vällofliga
298 1234 163 26 borgareståndet
478 1235 67 19 förena
565 1236 31 24 sig
615 1241 32 13 om
664 1242 26 13 en
707 1235 125 25 underdänig
847 1235 85 25 petition

180 1263 69 19 därom

385 1298 28 18 att
426 1297 36 19 den
477 1297 30 19 till
519 1297 107 20 Brahestad
634 1297 89 26 förlagda
733 1296 197 27 seminariiafdelnin-

316 1331 36 20 gen
367 1325 57 25 blefve
438 1325 91 25 utvidgad
543 1325 29 20 till
585 1327 25 18 ett
623 1327 130 18 sammansatt
767 1325 135 20 seminarium.

249 1375 124 25 Helsingfors
388 1375 39 19 den
442 1376 13 18 5
470 1375 85 19 februari
572 1376 60 18 1897.

668 1424 77 24 Fredrik
760 1424 103 25 Grönroos.

322 1511 110 23 Helsingfors
444 1510 50 19 1897.
517 1510 109 24 Helsingfors
638 1511 151 23 Centraltryckeri.
