1103 1800
196 125 55 21 1058
490 129 119 22 Järnvägsb:

610 127 111 28 yggnader.
932 131 22 16 12
965 130 48 21 maj.

196 199 83 21 18—19
301 198 129 21 beträffande
450 198 201 26 Uleäborg—Vaala
674 198 79 21 banans
768 198 144 27 fortsättande,
927 198 87 21 beslutit

194 227 32 21 till
248 227 101 21 utskottet
367 226 151 22 återremittera
538 226 143 21 betänkandet
694 227 8 20 i
718 226 68 21 denna
802 226 34 21 del
850 226 32 21 för
898 226 115 21 omformu-

194 256 68 27 lering
282 256 7 20 i
311 255 36 21 det
369 255 55 27 syfte
448 256 29 20 att
498 255 114 21 ständerna
627 255 63 21 måtte
705 256 39 20 hos
758 254 27 22 H.
800 254 26 22 K.
842 255 27 21 M.
885 255 83 21 anhålla
984 257 30 19 att

194 284 66 22 sådan
269 284 124 26 fullständig
403 283 124 22 ekonomisk
537 284 39 20 och
587 284 59 20 däraf
656 284 110 20 föranledd
777 284 149 21 instrumental
935 284 78 20 under-

194 313 91 27 sökning
299 313 65 20 måtte
379 312 105 27 anställas,
499 314 30 20 att
544 312 112 21 ständerna
672 312 35 21 vid
722 312 174 21 nästkommande
912 312 102 35 landtdag

195 342 71 20 kunde
287 340 53 22 fatta
363 341 69 21 beslut
453 348 34 14 om
509 340 198 28 järnvägsbyggnad
729 341 31 21 till
781 341 84 27 Kajana
886 341 65 21 härad
966 340 47 21 från

194 370 107 28 Uleåborg
323 369 52 22 eller
397 369 46 21 från
465 370 124 20 savolakska

195 399 100 27 därjämte
311 398 114 28 utredning
442 398 159 21 införskaffades

611 369 53 21 eller
686 369 96 21 karelska
800 370 100 26 banorna,
915 371 55 19 samt
984 371 30 19 att

617 404 34 14 om
666 398 39 21 och
721 398 31 20 till
767 398 86 21 hvilken
869 398 145 26 utsträckning

194 427 149 21 transitotrafik
365 426 46 21 från
434 426 69 27 Norge
524 433 37 21 per
582 427 87 26 järnväg
692 427 59 20 öfver
765 426 81 21 Torneå
861 427 31 20 till
907 426 106 27 Ryssland

196 456 38 21 och
257 455 100 21 omvändt
377 455 71 21 kunde
469 462 50 14 vara
541 457 30 19 att
591 455 92 28 påräkna
703 455 68 21 under
786 455 150 28 förutsättning
951 455 21 21 af
987 455 27 21 de

194 484 91 21 svenska
299 484 40 21 och
353 483 68 22 finska
435 484 172 27 järnvägsnätens

622 483 98 28 förening
734 483 49 22 med
798 484 122 21 hvarandra.

263 541 134 21 Beträffande
412 541 110 21 utskottets
535 541 78 27 förslag
623 540 87 21 rörande
721 540 293 28 Björneborg—Mäntyluoto

196 569 68 22 banan
279 569 102 27 begärdes
397 569 58 21 ordet
470 569 21 21 af

264 628 25 19 hr
303 626 158 27 Wasenius,
484 633 45 14 som
544 626 90 27 yttrade:

664 626 41 26 Jag
720 626 106 21 förmodar
841 627 30 20 att
885 626 129 21 beträffande

195 656 56 20 detta
265 655 78 27 förslag
363 655 60 20 fallet
437 655 53 20 skall
505 662 50 14 vara
570 655 115 21 detsamma
700 660 45 15 som
760 654 48 20 med
824 654 98 21 afseende
938 655 12 20 å
964 654 49 21 Tor-

195 684 62 20 neå—
264 683 117 27 Uleåborgs
397 683 74 26 banan,
487 685 29 19 att
531 683 79 27 nämlig

194 712 143 26 skiljaktighet
357 711 68 21 finnes
440 718 35 14 om
490 714 29 18 att
535 712 82 20 ståndet

194 740 69 21 kande
278 740 140 26 oförändradt,
434 740 39 20 och
483 740 32 20 får
523 740 36 28 jag
568 740 33 20 för

262 797 33 21 Hr
309 797 140 25 Juselius,
468 797 103 21 Arthur:

166 846 4 4 .
194 826 46 21 stad
255 828 23 18 är
293 826 36 21 det
343 826 49 20 med
407 825 80 27 värklig
509 825 76 27 fägnad

194 854 133 22 betänkande
349 854 128 21 beträffande
499 854 110 21 förevarani

195 884 116 20 detsamma
325 883 26 21 de
367 882 131 32 synpunkter
519 883 87 20 distinkt

611 689 27 14 en
652 683 66 27 ringa,
734 683 79 20 kanske
828 683 63 27 ingen
907 682 106 27 menings-

632 711 40 21 kan
688 711 111 27 godkänna
815 712 111 20 utskottets
942 711 72 21 betän-

613 740 43 20 min
667 740 34 20 del
712 740 84 20 förorda
807 740 56 20 detta
875 740 138 21 betänkande.

601 796 50 21 Som
665 798 146 26 representant
825 796 32 21 för
871 796 143 28 Björneborgs

610 826 33 26 jag
664 825 121 27 genomgätt
803 826 211 26 järnvägsutskottets

611 854 25 20 de
654 854 63 27 fräga.
747 854 40 27 Jag
802 854 68 20 finner
884 854 106 32 nämligen
1006 855 7 20 i

627 882 103 27 affattade,
745 883 71 20 hvilka
831 882 31 21 till
877 883 46 20 sina
938 883 75 21 konse-

194 912 89 21 kvenser
305 914 105 24 utmynna
423 918 8 13 i
447 912 28 20 ett
490 911 153 27 godkännande
658 911 21 21 af
694 912 41 20 den
757 911 77 27 nådiga
847 907 166 42 "propositionen

194 940 69 21 säsom
278 934 92 27 varande
385 940 46 20 icke
447 940 81 20 mindre
543 940 92 27 naturlig
651 942 26 18 än
692 940 126 26 nödvändig,
831 939 26 28 pä
867 946 79 14 samma
957 940 57 27 gäng

195 969 37 21 där
248 969 47 21 icke
310 968 76 22 saknas
401 968 35 21 det
449 968 47 21 icke
511 968 82 22 mindre

194 998 79 20 banans
289 999 56 19 stora
360 996 154 22 kommersiella
529 996 76 27 betyde

609 968 78 27 viktiga
702 968 128 21 betonandet
845 968 20 20 af
880 968 132 27 Mäntyluoto

615 1003 28 21 se,
657 996 47 21 icke
720 997 73 20 endast
808 996 33 21 för
852 996 124 28 landskapet
986 997 28 27 pä

194 1026 54 21 bäda
263 1026 57 20 sidor
334 1032 34 14 om
383 1025 70 21 Kumo
469 1025 64 21 älfdal
548 1026 40 20 och
602 1026 26 20 de
644 1025 165 25 handelscenira,
820 1032 45 14 som
877 1028 35 18 äro
924 1026 88 26 belägna

194 1054 35 21 vid
252 1054 25 21 de
301 1056 55 19 stora
377 1054 155 21 tavastländska
554 1054 55 27 sjöari

194 1083 95 21 Finland.

610 1061 33 20 na,
665 1056 27 18 än
714 1054 63 21 äfven
796 1054 108 21 eventuelt
918 1054 33 21 för
964 1054 48 21 hela

262 1111 32 21 Dä
309 1112 7 20 i
331 1111 133 27 tidningarna
479 1112 30 20 tid
521 1112 53 20 efter
585 1117 70 15 annan
664 1111 86 27 ingingo
761 1113 108 25 rapporter
879 1118 34 14 om
924 1112 88 26 Björne-

194 1140 62 28 borgs
271 1140 80 21 banans
367 1140 218 26 trafikeringsresultat
600 1146 9 14 si

611 1141 42 19 amt
670 1140 58 20 detta
742 1140 89 20 befanns
841 1140 93 27 skäligen
946 1140 65 27 klent,

193 1169 71 21 kunde
280 1169 27 21 de
321 1168 61 22 flesta
397 1168 48 21 med
460 1168 65 21 saken
540 1169 107 27 förtrogna
662 1168 55 22 sluta
732 1168 32 27 sig
779 1168 31 21 till
825 1170 30 20 att
869 1169 70 26 någon
950 1169 62 21 ofull-

194 1198 119 26 ständighet
335 1197 51 21 eller
408 1196 63 22 också
493 1198 64 26 något
572 1198 86 25 misstag
672 1196 84 27 förelåg.
787 1197 27 21 Sä
829 1197 37 21 har
881 1197 63 21 också
959 1198 53 20 visat

194 1227 31 26 sig
248 1233 49 14 vara
318 1225 63 21 fallet.

411 1225 56 21 Ifrån
489 1225 223 28 månadsrapporterna
733 1225 53 21 hade
808 1225 107 27 nämligen
938 1226 74 20 utläm-

193 1256 46 19 nats
263 1254 124 27 uppbörden
408 1254 32 20 för
454 1254 29 20 alt
498 1254 57 27 gods,
571 1260 45 14 som
631 1254 47 20 från
693 1254 100 21 stationer
807 1261 12 13 å
835 1254 25 21 de
876 1254 66 26 öfriga
957 1254 55 26 järn-

194 1285 91 24 vägarna
299 1283 8 20 i
321 1282 72 21 landet
408 1282 92 21 afsändts
516 1282 31 21 till
563 1282 45 27 björ

194 1311 88 21 sistlidet
297 1311 23 20 är
334 1310 91 28 uppgick
448 1311 31 20 till
502 1311 38 20 det
557 1311 47 20 icke

194 1339 74 20 endast
281 1339 33 20 för
328 1340 94 19 trävaror
436 1339 47 19 frän
496 1339 99 20 Lembois

609 1282 117 26 neborgska
741 1282 69 21 banan
825 1283 38 20 och
882 1282 85 21 hvilken
980 1282 33 20 för

623 1311 59 26 ringa
698 1310 98 27 beloppet
811 1310 20 21 af
847 1311 90 25 174,633
952 1311 60 20 mark

610 1339 39 19 och
663 1339 140 19 Tammerfors
811 1339 105 25 stationer,
927 1339 39 19 och
977 1345 35 13 om

194 1366 69 21 därtill
277 1366 72 27 lägges
363 1366 121 26 förslagsvis
499 1366 75 26 65,367
591 1366 60 20 mark
665 1366 33 20 för
712 1366 65 20 andra
793 1366 124 27 uppbörder,
933 1366 79 20 hvilket

192 1395 47 21 icke
254 1395 39 21 bör
307 1401 61 15 anses
383 1394 33 21 för
430 1394 55 28 högt,
500 1396 62 26 utgör
571 1394 47 21 hela

631 1394 97 28 beloppet
738 1394 96 28 omkring
845 1394 89 27 240,000
947 1394 65 21 mark.

193 1424 70 21 Jämte
281 1424 42 21 den
337 1424 34 20 för
385 1423 150 27 björneborska
551 1423 68 21 banan
634 1423 102 21 bokförda
750 1423 164 28 uppdebiterade
929 1423 82 21 inkom-

194 1454 45 20 sten
261 1453 32 21 för
316 1452 53 22 1896
393 1452 88 28 433,967
504 1452 60 21 mark
586 1454 23 19 ut:

193 1481 65 21 mark.

610 1454 37 26 gör
669 1452 56 21 detta
748 1452 153 28 sammanlagdt
920 1452 89 28 673,967
