1114 1803
104 141 23 16 31
140 141 47 20 maj.
307 141 46 17 Den
364 141 47 17 lösa
422 141 160 20 befolkningens
594 141 128 20 bosättning.
869 136 55 20 1555

103 209 109 27 jämkning
227 209 21 20 af
263 209 100 21 ståndens
378 209 119 26 skiljaktiga
512 209 69 21 beslut
596 209 34 20 vid
644 209 156 27 behandlingen
812 209 22 21 af
844 209 80 21 utskot-

103 239 40 19 tets
158 237 133 20 betänkande
306 244 34 14 n:o
357 237 27 20 14
398 237 7 20 i
420 237 115 27 anledning
550 237 21 21 af
586 239 29 19 ett
630 237 31 20 till
676 237 153 26 prästeståndet
839 238 39 20 och
888 237 35 21 två

102 265 32 20 till
149 265 153 21 bondeståndet
313 265 121 20 inlämnade
445 265 208 27 petitionsmemorial
663 265 109 27 angående
783 265 140 22 befordrande

103 293 20 21 af
139 293 41 21 den
195 293 53 22 lösa
263 293 187 28 befolkningens
466 293 149 28 bosättning.

169 435 117 28 Föredrogs
301 442 27 14 en
343 435 47 21 från
404 435 137 27 lagutskottet
555 436 77 20 anländ
648 436 115 25 skrifvelse,
773 436 59 20 hvari
842 436 80 21 utskot-

101 466 30 19 tet
151 464 124 21 meddelade
297 466 30 19 att
347 464 96 26 samtliga
464 464 60 21 stånd
544 464 92 27 godkänt
660 465 112 20 utskottets
791 464 78 27 förslag
890 464 33 20 till

101 492 205 28 sammanjämkning
327 492 21 21 af
363 492 99 21 ståndens
478 493 118 27 skiljaktiga
611 492 70 22 beslut
696 492 128 22 beträffande
839 492 82 21 utskot-

100 523 40 19 tets
161 521 133 21 betänkande
315 528 35 14 n:o
366 521 12 20 7
393 521 8 20 i
416 521 114 27 anledning
545 522 21 20 af
581 521 76 27 nådiga
671 522 157 26 propositionen
843 528 34 13 n:o
894 522 26 20 23

101 556 33 15 om
150 550 188 29 expropriation
353 548 28 24 af
392 548 48 24 fast
455 550 118 27 egendom
587 549 41 23 för
642 550 104 22 allmänt
760 548 81 24 behof.

169 693 117 28 Föredrogs
301 693 102 22 särskilda
417 694 47 21 från
480 694 200 21 ekonomiutskottet
692 694 90 21 anlända
792 694 128 27 skrifvelser,

101 728 25 14 ur
142 722 71 21 hvilka
227 722 113 27 framgick:

169 780 31 20 att
220 779 65 20 sedan
303 779 97 27 samtliga
415 778 61 21 stånd
492 779 155 21 slutbehandlat
662 779 38 20 och
716 778 92 28 godkänt
824 779 25 21 de
864 778 58 21 afbö-

101 807 63 27 jande
179 807 83 27 förslag,
277 813 46 15 som
339 807 21 21 af
374 807 201 21 ekonomiutskottet
590 807 113 21 framstälts
718 808 8 19 i
740 807 93 27 följande
848 808 74 20 betän-

101 836 94 20 kanden:

171 898 34 14 n:o
227 892 26 20 16
274 892 110 27 angående
398 891 164 29 tjänstehjons
577 891 142 29 skyldighet
734 892 37 22 att
785 892 92 22 insätta
893 897 30 16 en

102 920 41 22 del
158 920 27 22 af
197 920 39 22 sin
251 920 106 28 aflöning
372 920 14 22 å
400 920 211 28 sparinrättning
599 916 15 36 ;

170 984 35 14 n:o
225 978 26 19 26
273 977 109 28 angående
403 977 119 21 inrättande
537 978 21 20 af
574 976 147 29 jordbruks-
736 977 47 22 och
798 976 125 23 kreaturs-

102 1006 181 22 skötareskolor
298 1006 27 27 på
340 1006 68 20 skilda
423 1008 55 18 orter
493 1006 7 20 i
515 1006 80 25 landet;
613 1006 39 20 och

171 1069 34 13 n:o
229 1063 26 20 29
277 1062 109 27 angående
409 1062 208 27 omorganisation
638 1062 28 21 af
682 1062 179 22 marknaderna
877 1061 47 22 och

103 1090 126 23 ordnande
245 1090 27 22 af
283 1090 109 22 handeln
406 1089 57 23 med
477 1090 84 22 hästar
576 1090 14 22 å
605 1089 135 28 desamma;

172 1147 61 21 dessa
245 1147 177 28 petitionsförslag
437 1147 96 26 förfallit;

171 1206 36 25 att,
227 1205 66 20 sedan
311 1204 97 27 samtliga
423 1204 61 21 stånd
499 1203 156 22 slutbehandlat
670 1205 39 20 och
724 1204 93 27 godkänt
832 1204 35 21 det
882 1204 41 21 för-

103 1233 50 27 slag,
177 1239 45 15 som
245 1233 20 21 af
287 1233 202 21 ekonomiutskottet
510 1233 113 21 framstälts
644 1233 8 21 i
674 1233 142 21 betänkandet
839 1239 33 15 n:o
897 1233 26 21 32

103 1262 110 26 angående
224 1261 254 29 jordbruksstatistik,
493 1262 101 27 lagenligt
604 1262 154 20 ständerbeslut
768 1262 7 20 i
786 1261 72 27 frågan
869 1262 55 20 före-

103 1290 43 28 låg;
163 1293 54 18 samt

173 1349 30 19 att
217 1346 87 22 stånden
321 1346 92 28 godkänt
428 1346 111 21 utskottets
554 1346 78 28 förslag
647 1346 31 21 till
688 1346 205 27 sammanjämkning
903 1346 21 20 af

104 1376 26 20 de
152 1376 119 26 skiljaktiga
294 1375 74 28 beslut,
389 1382 45 14 som
449 1375 71 20 fattats
535 1375 7 20 i
557 1375 115 27 anledning
687 1376 21 20 af
723 1375 113 21 utskottets
850 1375 74 21 betän-

103 1404 70 21 kande
188 1410 35 14 n:o
239 1404 26 20 17
281 1403 110 27 angående
406 1404 97 26 åtgärder
517 1404 31 20 till
563 1404 119 20 beredande
698 1404 21 20 af
732 1403 87 28 lämplig
834 1403 50 21 vård
903 1404 21 20 åt

103 1433 7 18 i
123 1432 76 27 sedligt
211 1432 100 19 afseende
320 1432 162 25 vanvårdade,
493 1432 132 21 vanartade
636 1432 46 21 och
692 1432 151 21 vilsekomna
852 1432 70 21 barn.
