1109 1820
200 135 56 20 1344
391 140 154 20 Befrämjandet
557 139 23 17 af
590 139 234 20 slöjdundervisningen.
935 139 26 15 22
973 138 46 20 maj.

200 210 111 18 suuntaan.
340 206 51 22 Sillä
413 207 47 21 siitä
481 207 40 26 käy
542 206 85 22 ainakin
648 206 74 20 minun
743 205 119 21 mielestäni
882 205 81 21 selville
979 207 41 19 että

200 238 70 19 nämät
290 236 146 20 vastalauseen
458 235 73 27 tekijät
552 236 55 20 eivät
625 234 33 21 ole
679 235 107 20 tahtoneet
801 234 28 21 tai
845 234 55 20 eivät
914 234 106 26 kyenneet

200 266 144 20 tutustumaan
360 264 67 21 siihen
443 264 77 26 asiaan,
535 264 53 27 josta
600 264 26 21 he
639 265 49 19 ovat
700 263 63 21 olleet
774 263 112 21 lausuntoa
896 265 124 25 antamassa,

200 293 71 21 taikka
286 293 98 27 myöskin
400 295 42 19 että
456 293 164 21 valiokunnassa
636 292 19 20 ei
670 292 76 20 heidän
762 292 164 27 mielipiteilleen
938 291 82 27 ylimal-

200 322 55 21 kaan
278 323 76 20 anneta
376 322 54 27 järin
452 322 70 26 paljon
546 328 68 20 arvoa,
636 320 92 28 koskapa
748 320 25 22 he
792 320 48 21 aina
855 320 167 21 vastalauseessa

200 352 49 19 ovat
272 350 63 22 olleet
358 350 110 28 pakotetut
491 350 153 21 esiintuomaan
665 356 90 14 eroavan
777 349 156 27 mielipiteensä.
963 348 58 22 Minä

200 379 118 27 puolestani
340 379 97 27 myöskin
460 379 106 27 pyytäisin
586 380 41 20 että
647 378 153 28 porvarissääty
820 378 122 27 hyväksyisi
957 377 64 21 valio-

200 408 85 20 kunnan
302 408 118 21 mietinnön
435 408 21 27 ja
471 408 77 26 jättäisi
561 407 146 21 vastalauseen
722 406 100 22 siksensä.

268 464 32 21 Hr
322 464 132 21 Pentzin:
484 464 41 27 Jag
544 464 118 27 medgifver
683 463 123 28 visserligen
827 466 29 19 att
877 463 57 21 deti
950 463 72 22 betän-

200 493 78 21 kandet
300 493 142 21 förekommer
464 492 104 28 ätskilliga
590 492 130 27 kategoriskt
740 492 123 21 framstälda
887 491 135 28 pästäenden,

200 521 71 22 hvilka
292 521 68 21 skulle
382 521 72 22 bevisa
476 523 30 19 att
520 521 132 28 hemslöjden
667 521 7 20 i
690 521 76 28 många
781 521 113 21 afseenden
910 521 47 20 icke
972 527 50 15 vore

200 551 27 27 pä
248 552 41 19 rätt
309 550 57 25 strät,
387 550 39 21 och
447 551 38 20 har
503 551 25 20 hr
542 549 102 22 Sundvall
659 549 65 22 redan
737 551 8 20 i
760 552 30 19 ett
804 549 100 22 afseende
925 549 54 22 visat
993 551 30 20 att

201 579 60 21 dessa
283 579 129 27 påståenden
434 579 47 20 icke
503 578 56 22 hålla
581 579 75 21 sträck.
690 578 10 21 I
721 579 65 20 andra
808 579 114 20 afseenden
944 580 23 19 är
988 578 34 21 det

201 608 120 27 antagligen
344 607 26 28 pä
395 614 80 14 samma
500 609 46 19 sätt.
582 607 41 27 Jag
648 607 38 20 vill
710 607 123 28 visserligen
858 607 107 27 medgifva
993 609 30 18 att

200 636 284 27 hemslöjdundervisningen
508 636 33 21 för
562 636 70 27 nägon
655 636 29 20 tid
705 636 65 21 sedan
792 635 46 22 stod
859 635 27 28 pä
901 642 25 14 en
943 635 80 27 ganska

200 665 35 26 låg
255 664 134 27 ståndpunkt,
410 671 48 14 men
478 665 36 26 jag
533 664 37 21 vill
589 665 39 20 ock
649 664 59 27 påstå
729 667 30 18 alt
778 664 40 21 den
836 665 63 20 sedan
917 665 47 20 dess
980 663 43 28 gått

201 693 103 27 betydligt
324 693 81 20 framät.
434 693 108 26 Styrelsen
563 693 38 20 har
622 693 26 27 pä
663 699 73 14 senare
752 693 54 21 tider
820 693 30 20 alt
864 699 45 14 mer
924 693 39 21 och
978 699 45 14 mer

200 721 69 28 börjat
291 727 54 22 egna
367 721 185 28 uppmärksamhet
574 721 21 22 ät
616 721 143 28 hemslöjdens
778 721 108 21 förkofran
909 721 39 21 och
963 721 61 27 gifvit

201 750 80 26 ganska
303 751 57 20 stora
382 750 73 26 anslag
477 750 33 21 för
530 750 125 21 ändamålet.
685 750 68 21 Saken
774 750 38 21 har
832 750 89 21 kommit
935 750 7 20 i
958 749 65 22 andra

202 779 66 20 banor
290 780 26 19 än
336 779 62 20 förut.
428 778 39 21 Om
488 778 63 21 ocksä
572 779 61 21 dessa
654 779 74 26 bidrag
747 779 71 27 gifvits
834 778 20 21 ät
868 779 155 26 hushällnings-

201 807 125 27 sällskapen,
341 807 24 21 sä
380 808 35 19 äro
431 807 61 21 dessa
507 807 54 21 dock
576 807 84 27 sädana,
676 813 45 14 som
734 807 138 21 subordinera
885 807 69 21 under
965 813 58 21 rege-

201 836 75 27 ringen
298 835 38 22 och
356 835 21 22 ät
398 835 70 21 hvilka
487 835 125 28 regeringen
632 836 42 21 kan
690 835 56 28 gifva
760 835 158 22 instruktioner.
947 835 33 22 Dä
994 842 30 14 nu

202 864 124 27 regeringen
341 864 27 27 pä
382 871 75 14 senare
472 864 54 21 tider
541 865 38 20 har
594 864 53 21 visat
662 864 22 21 sä
699 867 52 18 stort
764 865 89 21 intresse
863 865 33 20 för
906 865 118 20 ordnandet

202 893 21 20 af
241 893 131 27 hemslöjden
392 893 38 20 och
449 893 88 26 vidtagit
556 893 75 27 mänga
647 893 96 27 ätgärder
758 893 33 21 för
806 893 40 21 den
861 895 54 19 samt
930 893 29 21 alt
974 893 50 21 fort-

201 921 87 21 farande
309 922 37 20 har
364 921 33 21 sin
415 922 186 26 uppmärksamhet
618 921 68 21 riktad
702 922 70 26 därpå,
787 928 48 14 men
852 922 60 20 dessa
928 922 96 26 åtgärder

201 950 23 20 sä
240 950 85 26 nyligen
342 950 68 20 blifvit
426 950 104 27 vidtagna,
546 952 29 19 att
590 950 155 26 värkningarna
760 950 22 21 af
792 950 107 21 desamma
909 950 47 21 icke
966 952 58 19 ännu

201 978 81 21 kunnat
302 978 45 21 visa
368 978 38 27 sig,
426 984 62 15 anser
507 978 35 28 jag
557 978 35 21 det
608 985 49 14 vara
672 978 86 28 onödigt
773 981 30 19 att
818 985 30 15 nu
863 979 87 21 besvära
965 985 59 21 rege-

201 1008 75 25 ringen
290 1006 49 22 med
354 1007 88 27 petition
456 1007 7 19 i
479 1013 27 15 en
521 1007 65 27 fräga,
601 1006 79 28 hvarpä
695 1007 40 21 den
747 1007 38 21 har
797 1008 33 20 sin
839 1008 185 27 uppmärksamhet

202 1035 48 21 fullt
264 1035 75 21 fästad.
368 1035 42 27 Jag
424 1036 33 20 för
472 1036 44 20 min
532 1035 34 22 del
582 1036 96 20 förordar
690 1036 163 21 reservationen.

269 1092 33 21 Hr
316 1092 139 22 Brofeldt:
471 1092 33 21 Hr
518 1092 75 22 Idman
609 1093 38 21 har
661 1092 108 28 ifrägasatt
784 1093 207 21 undertecknarenas
1004 1093 20 21 af

202 1121 156 21 reservationen
379 1121 94 27 förmäga
492 1123 29 19 att
538 1121 90 21 bedöma
646 1122 71 20 saken.
748 1121 62 22 Hvad
826 1122 43 27 mig
885 1122 102 27 beträffar,
1002 1122 23 21 sä

201 1150 67 21 måste
282 1150 36 27 jag
333 1151 50 26 säga
403 1152 29 19 att
446 1150 36 27 jag
496 1150 46 21 icke
558 1151 38 20 har
610 1150 79 21 sådana
704 1150 88 22 insikter
806 1150 7 20 i
829 1150 69 22 denna
908 1150 59 28 fråga
979 1157 46 14 som

201 1179 26 20 hr
248 1178 81 28 Idman,
352 1185 49 15 men
424 1178 26 21 dä
471 1179 20 20 vi
510 1180 48 20 veta
572 1181 30 19 att
617 1178 79 22 sådana
711 1178 71 22 skolor
796 1179 33 21 för
843 1179 182 27 hemslöjdunder-

202 1207 84 27 visning
300 1207 179 27 hufvudsakligen
495 1207 32 21 stä
542 1207 68 21 under
620 1207 276 28 hushällningssällskapens
907 1208 39 21 och
957 1208 68 21 landt-

203 1235 196 28 brukssällskapens
418 1236 107 26 inseende,
546 1238 30 19 att
591 1236 36 21 det
641 1238 23 18 är
680 1236 32 27 de,
727 1242 45 15 som
788 1236 116 21 bestämma
919 1243 107 21 program-

202 1266 44 19 met
265 1264 33 20 för
318 1264 62 21 dessa
395 1264 77 26 skolor,
487 1264 23 21 sä
524 1264 80 27 hoppas
618 1265 36 26 jag
669 1266 31 19 att
714 1265 26 20 de
755 1264 73 21 kunna
843 1264 61 21 ställa
919 1271 106 21 program-

202 1293 44 20 met
268 1292 80 21 kanske
372 1292 42 21 lika
437 1293 37 20 bra
496 1299 45 14 som
564 1293 168 27 petitionärerna,
756 1293 38 20 och
818 1293 35 20 det
876 1295 23 18 är
918 1293 48 21 med
986 1293 40 21 fäst

202 1321 100 21 afseende
318 1320 28 27 pä
363 1320 57 21 detta
441 1323 55 19 samt
515 1321 56 21 hvad
586 1321 7 20 i
608 1321 158 22 reservationen
780 1321 126 26 framhälles,
923 1323 29 19 att
967 1327 59 21 rege-

202 1349 76 26 ringen
298 1349 38 20 har
353 1349 55 26 gjort
428 1349 101 26 tillfylles,
545 1355 45 14 som
605 1350 35 24 jag
655 1350 47 19 med
719 1350 51 25 godt
785 1352 93 18 samvete
892 1350 38 19 har
946 1349 80 21 kunnat

204 1378 55 19 rösta
274 1376 33 20 för
322 1376 41 20 den
380 1376 59 25 äsikt,
455 1382 44 14 som
515 1376 7 20 i
537 1377 157 20 reservationen
709 1376 69 22 finnes
793 1376 86 22 uttalad.

269 1432 33 21 Hr
324 1431 148 22 Sundvall:
502 1432 73 22 Sävidt
596 1432 35 28 jag
652 1432 42 22 kan
716 1432 71 28 förstä,
810 1435 23 19 är
853 1433 35 21 det
903 1434 36 20 hrr
954 1433 72 21 Lilius'

204 1462 39 20 och
263 1461 87 21 Idmans
367 1461 63 21 tanke
450 1463 30 19 att
498 1461 35 21 det
550 1461 32 21 för
601 1462 131 21 närvarande
751 1462 69 21 finnes
835 1462 192 28 bristfälligheter
1014 1457 16 37 i

203 1490 99 22 afseende
318 1490 13 21 &
345 1490 197 21 ästadkommandet
553 1490 22 21 af
590 1492 66 20 större
672 1490 172 28 slöjäkunnighet
854 1491 7 21 i
871 1491 46 21 vårt
927 1492 51 20 land
988 1492 40 21 och

202 1521 32 19 att
256 1518 70 22 därför
347 1519 113 21 ständerna
482 1519 68 21 skulle
567 1519 89 21 behöfva
672 1519 88 22 likasom
780 1520 64 28 något
862 1522 53 20 stöta
934 1520 27 28 pä
976 1520 52 22 eller
