1123 1798
196 138 55 20 1438
487 137 238 32 Sakförareföreningar.
934 146 26 16 25
972 146 47 20 maj.

265 211 169 28 Förordningens
454 212 79 27 rubrik,
553 213 110 27 ingressen
682 215 54 19 samt
751 212 41 22 den
808 213 44 21 före
867 213 102 21 rubriken
985 213 35 27 gå-

196 242 55 20 ende
266 240 106 21 klämmen
387 240 128 28 godkändes.

264 303 32 21 Då
311 304 51 20 härå
377 303 31 21 till
423 304 128 27 behandling
567 305 89 26 upptogs
668 303 73 27 frågan
755 304 105 21 huruvida
875 304 144 26 författnings-

196 332 99 28 förslaget
314 332 68 21 skulle
402 338 61 15 anses
482 332 69 20 såsom
567 332 104 21 definitivt
686 334 85 25 antaget
785 332 52 22 eller
852 339 35 15 om
903 333 116 21 detsamma

196 361 68 21 skulle
279 361 7 20 i
301 360 48 21 dess
365 360 70 21 helhet
449 360 109 24 förkastas,
573 361 102 27 begärdes
691 361 59 21 ordet
765 360 21 22 af

264 424 25 20 hr
310 423 129 24 Jansson,
461 430 44 14 som
528 423 94 27 yttrade:
653 423 81 21 Genom
758 424 40 21 den
821 430 30 14 nu
869 424 149 27 försiggångna

196 452 220 27 detaljbehandlingen
432 452 38 20 har
484 452 135 27 lagförslaget
635 452 65 27 enligt
715 452 43 20 min
774 452 86 28 mening
875 452 120 22 förbättrats
1011 453 7 20 i

196 482 78 20 tvänne
295 480 78 27 viktiga
389 480 95 28 punkter.
514 480 59 21 Dock
589 480 76 22 återstå
680 483 57 19 emot
752 481 115 21 detsamma
882 482 136 20 anmärknin-

196 516 37 21 gar
248 511 30 19 att
292 511 50 25 göra
357 508 128 22 beträffande
501 509 26 21 de
539 510 35 20 två
587 509 184 28 omständigheter,
787 516 44 14 som
847 510 74 20 främst
933 510 84 21 beröras

196 539 6 19 i
219 538 42 20 min
280 538 134 20 reservation.
443 537 68 21 Dessa
526 538 164 26 anmärkningar
705 544 62 14 anser
780 539 35 27 jag
830 539 43 27 mig
888 539 46 20 icke
950 539 68 21 berät-

196 566 56 28 tigad
275 569 30 18 att
325 566 122 26 öfvergifva,
463 566 97 21 särskildt
575 567 69 20 såsom
660 567 54 20 enda
729 569 144 25 representant
888 568 57 20 inom
961 568 57 20 stån-

197 595 35 21 det
247 595 32 20 för
293 595 36 21 det
343 595 58 26 yrke,
417 594 61 21 hvars
500 596 40 20 rätt
562 595 38 21 här
614 597 23 18 är
651 595 7 20 i
673 595 64 27 fråga.
765 595 42 28 Jag
822 596 41 20 kan
879 596 81 20 således
971 596 47 21 icke

196 623 54 21 afstå
264 624 54 19 ifrån
334 623 103 26 yrkandet
452 624 26 25 på
492 624 73 26 lagens
580 623 135 21 förkastande
730 624 7 19 i
753 624 47 20 dess
815 624 75 21 helhet.
922 624 48 21 Men
983 625 35 26 jag

196 651 77 21 tillåter
295 652 43 26 mig
361 651 65 21 uttala
448 654 35 22 att,
503 652 77 26 jämväl
596 652 37 20 där
648 651 93 22 ståndets
757 652 69 21 beslut
840 652 84 21 komme
940 654 30 19 att
985 655 32 19 ut-

196 681 51 20 falla
269 680 78 20 därhän
370 682 29 18 att
422 679 35 21 det
479 680 88 20 sålunda
585 680 92 21 ändrade
692 681 135 26 lagförslaget
843 681 68 20 blefve
927 683 90 24 antaget,

197 709 26 20 de
245 708 170 27 oegentligheter,
438 714 45 14 som
505 709 6 20 i
535 708 116 21 detsamma
673 709 89 26 kvarstå,
782 709 47 21 icke
849 709 58 21 skola
922 709 95 22 befinnas

196 744 50 13 vara
268 737 84 26 sådana,
374 739 30 18 att
423 737 26 20 de
472 737 130 27 väsentligen
622 737 108 21 motvärka
745 737 73 27 lagens
833 738 60 26 syfte.
923 737 44 21 Och
982 738 35 27 jag

196 766 64 27 vågar
281 765 62 21 också
365 765 79 27 hoppas
465 767 30 19 att
515 766 54 21 hvad
585 772 44 15 som
646 766 53 20 skall
713 767 8 19 i
735 765 73 27 lagens
824 766 133 27 tillämpning
973 767 44 20 visa

196 795 33 26 sig
243 794 115 27 oegentligt
372 794 7 19 i
395 800 25 14 en
436 800 49 14 snar
500 794 84 21 framtid
600 794 53 21 skall
669 795 72 20 kunna
755 795 32 20 fås
803 795 20 20 af
838 801 27 14 en
877 795 86 27 upplyst
973 795 44 28 lag-

196 823 95 26 stiftning
307 822 91 27 afhjälpt.

264 885 32 21 Då
318 885 64 27 ingen
405 892 70 14 annan
497 885 21 21 af
540 885 93 21 ståndets
649 885 138 21 medlemmar
801 886 93 20 önskade
910 888 55 24 yttra
980 886 37 27 sig,

195 914 128 20 förklarades
347 914 146 21 diskussionen
515 914 97 26 afslutad,
635 914 64 20 hvarå
720 914 24 20 hr
759 914 121 21 talmannen
896 914 121 21 framstälde

194 942 93 27 följande
303 942 279 28 omröstningsproposition:

264 1004 37 28 De,
317 1005 74 21 hvilka
407 1012 52 14 anse
480 1004 160 28 behandlingen
655 1004 29 28 af
696 1011 33 14 nu
742 1004 172 28 ifrågavarande
927 1004 90 28 författ-

195 1033 149 27 ningsförslag
366 1040 55 14 vara
442 1033 108 27 definitiv,
572 1034 59 20 rösta
645 1033 40 27 ja;
713 1034 30 26 de,
766 1033 35 21 det
822 1033 44 21 icke
891 1036 60 24 göra,
979 1036 36 18 rö-

194 1063 35 19 sta
243 1062 47 27 nej;

263 1091 79 20 vinner
362 1090 42 28 nej,
422 1090 41 21 har
479 1090 174 28 borgareståndet
666 1091 87 27 förenat
768 1090 33 28 sig
817 1098 34 14 om
867 1091 27 21 hr
908 1090 109 22 Janssons

195 1119 35 20 till
245 1119 142 21 betänkandet
401 1119 77 27 fogade
492 1119 140 21 reservation.

263 1181 57 21 Enär
340 1182 156 26 propositionen
516 1182 125 20 besvarades
656 1181 48 21 med
721 1182 154 26 öfvervägande
890 1182 27 27 ja,
933 1189 36 14 var
985 1182 32 20 så-

194 1210 58 21 ledes
267 1210 146 27 lagutskottets
428 1210 113 20 omordade
557 1210 212 26 författningsförslag
785 1210 47 21 med
849 1211 25 20 de
887 1210 21 21 af
919 1210 97 28 borgare-

194 1238 83 22 ståndet
292 1238 44 21 däri
352 1238 98 27 vidtagna
466 1238 113 27 ändringar
594 1238 103 21 definitivt
713 1240 89 25 antaget.

261 1426 116 27 Föredrogs
399 1426 164 21 statsutskottets
586 1426 34 21 vid
645 1429 81 18 senaste
747 1425 87 28 plenum
850 1425 114 28 bordlagda
981 1425 35 22 be-

193 1455 106 21 tänkande
321 1461 34 15 n:o
379 1455 26 20 15
427 1455 49 20 med
499 1455 115 28 anledning
636 1455 21 20 af
673 1455 76 28 nådiga
764 1455 156 28 propositionen
937 1461 34 14 n:o
989 1455 25 21 31

193 1484 110 27 angående
325 1483 28 22 de
375 1483 42 22 vid
439 1483 148 28 landtdagen
610 1483 57 23 1897
690 1483 89 23 äskade
799 1483 84 28 anslag
898 1484 33 20 för
945 1483 71 22 betäc-

193 1513 69 21 kande
284 1513 21 20 af
327 1512 230 28 landtdagskostnader,
580 1513 32 20 för
626 1513 154 20 folkskolornas
795 1513 7 20 i
816 1513 72 20 landet
903 1512 111 21 underhåll
