1075 1811
262 187 13 19 2

234 250 101 24 fotografs
355 249 71 19 arbete
442 249 22 19 är
479 248 65 20 stäldt
558 249 7 19 i
581 250 29 18 ett
629 249 64 18 annat
712 248 40 19 och
768 249 70 19 sämre
852 246 137 25 förhållande,

235 280 25 24 ty
275 278 117 26 fotografen
408 278 23 18 är
446 277 64 19 redan
525 278 52 19 efter
591 277 13 20 5
620 276 23 20 år
657 277 99 19 beröfvad
772 277 72 25 hvarje
856 278 43 18 rätt
910 276 32 19 till
953 277 36 19 sitt

234 306 83 24 arbete;
339 305 41 20 och
401 306 61 19 äfven
481 305 68 20 denna
564 305 122 24 kortvariga
701 305 124 26 eganderätt
840 306 23 18 är
877 305 47 20 icke
939 305 50 20 obe-

235 335 79 26 tingad,
330 336 24 24 ty
369 335 33 18 för
416 334 50 19 dess
481 333 120 20 erhållande
617 333 68 20 måste
699 333 74 26 hvarje
787 333 105 26 exemplar
901 333 24 19 af
934 333 54 20 hans

235 364 71 19 arbete
329 369 51 13 vara
402 363 80 19 försedt
503 363 46 19 icke
570 363 76 19 endast
660 362 49 19 med
723 363 61 18 firma
798 364 51 17 utan
864 362 61 19 äfven
941 362 47 19 med

234 391 35 20 det
284 391 59 23 årtal,
360 390 27 20 då
402 391 79 19 arbetet
496 391 52 19 först
564 391 77 25 utgafs.

302 420 10 19 I
327 419 99 26 paragraf
436 419 24 19 17
475 420 86 25 stadgas
572 419 72 19 vidare
659 420 30 18 att
699 425 35 14 om
746 418 83 26 ,,någon
841 420 50 18 utan
901 419 88 19 beställ-

234 449 51 25 ning
301 449 22 18 af
336 454 70 13 annan
421 448 64 19 utfört
500 447 123 26 fotografisk
638 447 119 26 afbildning
772 447 52 19 efter
834 448 93 22 naturen,
938 447 51 20 eller

235 483 77 19 genom
334 476 98 25 fotografi
454 475 105 26 återgifvit
581 476 122 23 konstvärk,
722 476 63 19 hvars
800 475 151 20 efterbildande
966 476 23 19 är

233 505 52 19 hvar
301 505 39 20 och
356 511 27 13 en
397 503 83 24 tillåtet,
496 504 34 20 må
545 505 69 19 denna
636 504 129 26 afbildning
778 504 48 19 icke
841 504 23 19 af
877 510 70 13 annan
962 503 27 26 på

233 533 125 26 fotografisk
373 534 42 24 väg
429 533 33 20 till
477 533 126 26 försäljning
618 533 129 26 eftergöras"
763 539 19 13 0.
799 539 17 14 s.
831 539 19 13 v.
879 532 1 3 -

301 562 67 19 Häraf
380 561 92 26 framgår
487 562 130 26 oförtydbart
638 563 31 18 att
691 562 129 25 fotografens
834 561 105 20 arbete
912 557 24 35 -—
948 561 40 20 den

235 592 22 18 af
278 591 78 19 honom
380 591 144 25 själfständigt
546 591 82 19 utförda
650 591 69 19 bilden
735 603 27 2 —
777 590 124 26 visserligen
923 590 66 19 under

234 626 26 13 en
275 620 30 18 tid
320 620 23 18 af
356 618 13 20 5
385 618 23 20 är
423 619 47 19 icke
485 618 35 20 mä
535 620 22 18 af
571 625 69 13 annan
655 618 27 26 pä
696 618 132 26 fotografisk
842 621 45 25 väg
897 618 33 20 till
942 618 45 20 för-

233 648 103 26 säljning
357 648 121 26 eftergöras,
501 654 48 13 men
570 648 44 19 mot
636 648 43 19 alla
701 648 65 19 andra
785 647 203 26 efterbildningssätt

235 676 44 20 stär
293 677 118 24 fotografen
426 677 62 19 äfven
502 676 66 20 under
583 676 70 20 denna
667 676 30 19 tid
713 676 93 19 rättslös.

301 705 10 19 I
333 704 37 20 vär
391 705 30 19 tid
446 706 107 18 användes
573 705 97 25 fotografi
685 704 71 20 säsom
771 704 103 25 grundval
890 705 31 19 för
936 704 51 20 alle-

233 733 70 19 handa
319 734 173 25 afbildningssätt
506 733 39 20 och
563 734 116 25 fotografen
692 734 42 18 kan
746 733 18 25 ej
776 733 94 26 lagligen
880 733 108 19 förhindra

233 761 69 27 någon
325 764 30 17 att
378 762 96 19 använda
488 762 54 19 hans
558 763 85 19 arbeten
658 762 40 19 och
714 762 122 25 därigenom
852 762 84 20 beröfva
951 761 37 20 ho-

233 797 49 13 nom
297 791 64 19 lönen
376 791 32 19 för
423 790 54 19 hans
493 791 72 19 mödor
579 791 40 19 och
635 791 120 19 kostnader.

301 819 71 20 Under
394 819 63 20 dessa
479 819 180 25 omständigheter
679 820 23 19 är
722 818 118 27 fotografen
856 831 27 3 —
899 819 19 19 d.
934 825 19 13 v.
969 825 17 13 s.

233 848 188 25 yrkesfotografen,
438 854 46 13 som
509 848 62 19 lifnär
594 849 33 25 sig
651 848 48 19 med
722 848 37 19 sitt
789 849 70 18 arbete
875 859 26 5 —
917 848 69 19 sämre

233 877 55 19 stäld
304 877 26 20 än
346 875 70 27 nägon
432 883 69 12 annan
517 877 7 18 i
539 877 57 20 detta
611 877 56 22 land,
683 878 24 25 ty
722 877 42 19 han
779 877 39 19 har
833 877 18 25 ej
863 876 124 21 oinskränkt

234 905 125 25 eganderätt
381 905 31 19 till
432 905 33 19 sin
488 906 109 24 egendom,
613 906 37 18 sitt
665 905 48 19 med
730 906 74 19 mödor
818 905 40 20 och
873 905 114 21 kostnader

234 932 139 21 ästadkomna
388 934 76 19 arbete.

301 963 32 19 En
355 962 122 25 förändring
500 963 22 19 af
544 963 57 19 detta
620 961 186 21 missförhällande
828 964 28 22 är,
877 962 75 20 säsom
967 964 22 18 af

233 990 154 20 ofvanstännde
409 990 98 26 framgår,
526 991 127 25 nödvändig,
673 991 40 19 och
733 990 65 27 vågar
810 991 40 26 jag
865 992 69 18 därför
949 992 38 19 öd-

233 1019 93 26 mjukast
341 1018 87 20 anhälla

437 1071 32 18 att
492 1071 113 25 vällofliga
627 1070 181 26 borgareständet
834 1071 54 19 ville
910 1071 77 20 förena

370 1099 38 25 sig
429 1099 49 19 med
499 1100 48 25 mig
560 1100 9 18 i
583 1105 26 13 en
626 1099 139 26 underdänig
774 1100 96 25 petition,
886 1099 101 21 afseende

369 1127 151 25 afhjälpandet
535 1128 28 19 af
573 1128 58 19 detta
651 1127 36 20 för
706 1128 126 26 fotografer
846 1128 9 19 i
870 1128 51 20 värt
934 1128 54 20 land

370 1162 158 19 ogynnsamma
543 1156 159 26 lagstadeande
711 1157 85 19 därhän
806 1159 33 17 att
849 1157 64 20 deras
925 1158 62 19 arhe-

370 1186 35 18 ten
428 1185 35 19 mä
478 1185 115 19 likställas
615 1185 48 19 med
687 1185 70 20 andra
776 1186 102 25 grafiska
899 1186 88 20 arbeten

369 1218 77 19 genom
471 1213 134 26 förändring
624 1213 8 19 i
651 1214 78 25 antydt
749 1214 61 25 syfte
832 1214 28 19 af
877 1214 17 27 $
914 1215 27 19 17
963 1214 28 20 af

369 1241 83 26 nädiga
474 1241 157 26 förordningen
653 1242 30 19 af
693 1242 41 19 den
747 1243 27 18 15
793 1249 62 12 mars
873 1243 56 24 1880
948 1249 39 13 an-

370 1269 84 25 gäende
468 1269 132 20 författares
614 1270 38 19 och
672 1271 121 19 konstnärs
807 1272 45 18 rätt
866 1271 38 22 till
918 1271 70 20 alster

368 1297 29 19 af
404 1298 34 19 sin
454 1298 147 19 värksamhet.

304 1347 132 26 Helsingfors
452 1349 40 18 den
509 1350 11 17 7
536 1349 88 18 februari
641 1349 60 19 1897.

724 1398 22 22 C.
764 1398 20 22 E.
802 1398 115 29 Holmberg.

372 1493 111 23 Helsingfors
496 1494 48 17 1897.
569 1481 112 41 Helsingfors
693 1487 153 32 Centraltryckeri.
855 1487 1 1 -
869 1487 13 3 i
