1109 1809
71 128 13 17 6
96 128 47 21 maj.
294 129 249 23 Kommnnalförvaltning
555 130 28 22 på
594 130 76 18 landet.
849 125 42 21 815

139 196 32 22 Hr
186 196 165 23 Lönnbecks
367 198 98 22 anhällan
480 201 30 19 att
524 199 33 21 för
572 199 95 21 enskilda
679 200 175 28 angelägenheter
869 200 22 20 fä

71 231 49 15 vara
135 225 140 22 fränvarande
289 226 47 21 frän
351 228 60 20 nästa
425 227 87 27 plenum
529 227 74 22 bifölls.

138 367 10 21 I
170 368 106 21 anseende
295 369 31 20 till
342 369 41 21 den
397 368 59 28 längt
471 369 140 22 framskridna
626 370 58 21 tiden
699 370 70 21 blefvo
785 370 66 27 öfriga
863 370 28 27 pä

70 395 79 28 dagens
170 397 210 28 föredragningslista
395 400 106 25 upptagna
515 398 93 22 ärenden
623 398 98 22 lämnade
737 399 105 21 beroende
857 399 34 21 till

69 427 61 19 nästa
144 425 93 28 plenum.

137 569 32 21 Hr
191 569 122 22 talmannen
335 570 137 27 tillkännagaf
487 573 30 19 att
531 573 60 19 nästa
605 571 87 28 plenum
707 571 84 22 komme
807 573 29 20 att
851 578 39 21 ega

68 604 48 15 rum
138 598 112 27 torsdagen
273 599 41 20 den
337 599 12 20 6
372 599 41 27 maj
430 599 27 21 kl.
473 599 45 28 !/,7
534 606 17 15 e.
567 606 33 21 m.,
616 599 50 22 därä
680 600 87 27 plenum
782 600 109 28 upplöstes

68 626 28 21 kl.
112 627 38 27 3,25
166 626 26 28 pä
207 629 78 19 natten.
584 626 7 5 N

672 679 20 18 In
704 679 61 18 fidem:

614 720 27 21 A.
663 719 24 22 V.
703 720 116 29 Lindberg.

199 948 162 35 Torsdagen
379 948 54 27 den
452 949 17 26 6
487 949 56 35 maj
562 949 39 26 kl.
619 949 49 28 '/17
686 957 22 18 e.
725 957 36 18 m.

136 1035 41 21 Vid
193 1035 115 21 värkstäldt
322 1042 81 21 upprop
418 1035 105 22 befunnos
538 1035 94 22 ständets
645 1036 96 28 samtliga
751 1036 138 21 medlemmar

67 1064 131 21 närvarande
214 1064 91 21 förutom
319 1064 26 21 hr
359 1064 156 27 Wasenius,
530 1071 45 15 som
591 1065 79 21 anmält
685 1065 152 28 sjukdomsfall,
849 1066 39 20 och

68 1093 24 20 hr
106 1092 154 28 Lönnbeck,
275 1093 27 27 pä
317 1093 68 28 grund
401 1093 21 21 af
437 1094 110 21 utvärkadt
563 1093 98 22 tillständ.

136 1237 112 28 Upplästes
271 1237 31 21 till
323 1237 104 28 justering
449 1237 38 20 och
512 1236 122 28 godkändes
652 1237 101 20 särskilda
772 1237 76 27 utdrag
863 1243 26 14 ur

68 1265 183 28 borgareständets
265 1266 36 21 vid
317 1267 82 20 senaste
414 1265 87 28 plenum
516 1266 60 21 förda
591 1265 108 28 protokoll.

136 1403 151 21 Antecknades
311 1405 30 19 att
362 1402 47 22 frän
429 1403 139 22 medständen
590 1403 87 21 anländt
699 1403 101 20 särskilda
819 1404 69 26 proto-

68 1432 135 25 kollsutdrag.
