1075 1820
253 160 12 19 2

225 223 61 23 mark,
309 223 74 19 hvilket
405 224 92 19 ehuruväl
519 224 61 24 knapt
595 225 85 23 tillmätt,
696 225 70 18 värkat
781 225 46 23 godt
841 225 7 18 i
863 224 114 19 förenämda

224 250 98 20 afseende.

294 280 36 18 Ett
344 279 45 20 vida
403 280 97 23 viktigare
515 281 117 24 hjälpmedel
648 282 22 17 är
680 281 50 18 dock
741 281 36 19 den
787 281 90 18 tekniska
889 281 88 18 literatu-

226 313 40 18 ren,
289 308 79 19 hvilken
390 307 23 20 år
430 308 31 19 för
475 308 22 19 år
511 309 72 19 blifver
598 309 28 18 alt
639 315 53 12 mera
707 309 126 24 omfångsrik.
863 309 30 19 En
909 309 69 19 omfat-

225 336 59 20 tande
300 336 200 21 literaturkännedom
515 339 22 18 är
552 337 6 19 i
572 337 48 20 våra
635 337 60 24 dagar
710 337 31 20 för
755 337 129 20 fackmannen
894 337 22 19 så
926 343 51 18 myc-

225 365 34 19 ket
273 365 150 24 nödvändigare,
437 365 22 24 ju
475 366 78 20 svårare
568 366 38 19 han
619 364 37 21 har
671 368 29 17 att
715 372 68 19 genom
798 366 99 25 personlig
907 365 70 20 äskäd-

224 393 46 25 ning
292 393 21 20 få
335 394 43 19 lära
398 395 65 19 känna
485 395 69 24 sjelfva
572 395 76 19 arbetet
663 395 36 20 och
714 395 113 20 metoderna
841 395 32 20 för
887 395 44 20 dess
947 397 29 18 ut-

223 422 89 21 förande.

292 452 9 18 I
324 451 45 19 vårt
389 452 46 18 land
451 452 61 19 finnes
527 453 70 19 endast
612 455 27 16 ett
654 452 96 24 offentligt
763 453 102 23 bibliotek,
881 458 40 14 som
936 458 40 14 om-

224 479 61 20 fattar
299 480 39 19 alla
352 480 24 19 de
390 480 64 20 skilda
464 481 90 19 tekniska
563 482 160 23 vetenskaperna,
734 482 97 23 nämligen
841 481 136 24 polytekniska

224 508 114 20 institutets.
369 509 128 20 Universitets
512 510 121 24 biblioteket,
649 515 39 15 som
704 510 36 19 har
751 510 35 19 allt
795 510 31 19 för
835 510 71 24 många
915 510 62 19 andra

223 537 61 20 behof
304 540 30 16 att
356 538 109 23 tillgodose,
483 538 36 20 har
537 538 27 24 på
583 539 63 19 denna
664 539 63 24 grund
743 539 43 19 icke
801 539 74 19 kunnat
889 540 44 18 med
948 539 29 23 sig

224 566 100 19 införlifva
339 565 58 20 äfven
411 567 78 20 teknisk
504 567 96 19 literatur.

292 595 38 19 Det
345 594 62 25 årliga
422 596 88 24 anslaget
520 596 31 20 för
561 596 135 24 polytekniska
706 596 107 20 institutets
822 596 96 20 bibliotek
927 602 48 18 upp-

224 624 35 24 går
281 624 32 20 för
335 624 34 19 det
389 625 122 19 närvarande
534 625 29 19 till
587 625 61 23 3,000
663 626 62 19 mark.
756 624 63 20 Häraf
833 624 46 26 åtgå
894 624 83 24 ungefär

225 653 61 25 2,000
302 653 55 19 mark
372 653 30 19 till
417 652 129 21 anskaffande
561 653 22 20 af
597 654 36 20 den
649 654 150 24 oumbärligaste
809 653 167 21 tidskrifstlitera-

224 684 57 18 turen
300 682 36 20 och
352 682 82 24 ungefär
449 682 40 20 500
504 682 56 20 mark
574 682 31 20 till
619 683 121 20 bekostande
755 682 22 20 af
791 682 120 25 inbindning.
942 682 34 20 Sä-

224 712 60 18 lunda
298 710 86 20 återstår
398 717 30 14 c:a
443 712 12 19 5
471 712 12 18 å
499 712 39 19 600
554 712 56 19 mark
625 712 73 24 årligen
712 712 32 19 för
755 711 129 21 anskaffande
895 711 22 20 af
925 712 51 18 läro-

225 740 36 20 och
282 739 127 21 handböcker
431 743 50 17 samt
502 745 64 15 annan
588 740 90 20 literatur
698 741 52 19 inom
773 741 24 19 de
819 741 52 19 olika
887 740 90 19 tekniska

223 769 156 24 vetenskaperna
394 780 25 3 —
435 775 24 13 en
475 775 73 13 summa
562 774 41 14 som
618 770 81 24 mången
714 769 76 19 enskild
801 770 90 19 tekniker
901 769 75 24 årligen

223 798 74 24 nödgas
312 798 90 19 använda
416 798 31 19 för
462 798 29 19 sin
506 798 76 24 privata
596 798 128 24 boksamling.

292 826 32 20 Då
345 826 99 20 institutet
465 826 67 20 består
554 827 22 19 af
596 827 39 19 fem
658 827 118 24 fackskolor,
795 828 97 22 nämligen
907 833 23 13 en
945 826 32 19 för

224 856 116 24 arkitektur,
356 862 23 13 en
394 856 31 19 för
439 856 173 24 maskinbyggnad,
628 862 23 14 en
667 856 31 20 för
712 856 179 24 ingeniörväsende,
907 862 23 13 en
945 855 31 19 för

224 885 51 19 kemi
297 885 37 20 och
356 891 24 13 en
395 884 31 20 för
440 885 130 24 landtmäteri,
586 885 37 19 och
637 885 90 19 literatur
742 885 61 19 måste
819 884 100 21 anskaffas
933 884 43 20 icke

224 914 83 19 allenast
321 913 52 20 inom
388 913 56 20 dessa
459 913 85 24 speciela
558 914 187 24 vetenskapsgrenar
759 916 48 17 utan
822 913 56 20 äfven
893 913 51 19 inom
953 913 23 18 de

225 943 71 19 exakta
310 943 135 23 vetenskaper,
461 942 64 20 hvilka
540 942 26 25 pä
580 943 102 19 teknikens
698 943 53 19 olika
765 943 93 19 omräden
873 941 59 20 hafva
947 941 29 20 sin

225 971 127 25 tillämpning,
369 971 47 19 eller
431 972 118 23 matematik,
565 971 52 24 fysik
632 971 36 20 och
682 971 97 24 mekanik,
794 978 25 13 m.
829 977 25 14 m.
865 971 52 19 inses
927 971 50 18 huru

226 999 46 24 föga
287 1001 34 18 det
336 1000 109 24 disponibla
459 1000 89 25 anslaget
562 1002 108 17 motsvarar
684 1006 33 13 ens
728 1001 24 18 de
761 1000 167 24 anspräkslösaste
938 999 39 19 for-

225 1029 85 24 dringar.
340 1029 87 19 Oaktadt
441 1029 108 20 institutets
564 1029 95 19 bibliotek
674 1029 79 19 daterar
768 1029 28 19 sin
812 1029 103 24 uppkomst
927 1029 50 18 ända

224 1057 52 20 ifrän
292 1058 91 19 tekniska
396 1057 121 20 realskolans
533 1058 57 23 tider,
606 1058 60 23 stiger
678 1058 75 19 antalet
763 1058 80 19 arbeten
853 1057 7 19 i
871 1057 106 19 detsamma

225 1086 31 20 för
272 1087 121 19 närvarande
409 1087 17 23 ej
441 1086 30 19 till
486 1093 41 12 mer
542 1089 24 16 än
582 1086 82 24 ungefär
680 1086 68 24 2,500,
764 1085 213 20 tidskriftsliteraturen

225 1115 119 24 oberäknad,
367 1115 36 19 och
424 1114 74 20 bristen
520 1115 26 24 pä
569 1115 29 18 till
620 1115 37 19 och
672 1115 43 19 med
730 1115 74 24 viktiga
819 1114 158 25 grundläggande

225 1144 48 19 värk
295 1146 22 17 är
338 1143 7 19 i
364 1143 52 20 vissa
430 1143 47 20 fack
491 1143 22 20 sä
529 1146 40 17 stor
584 1145 29 18 att
627 1143 163 24 undervisningen
806 1142 57 21 däraf
877 1143 101 19 märkbart

225 1173 55 18 lider.

294 1201 46 19 Men
355 1201 67 18 härtill
435 1201 87 19 kommer
536 1203 51 17 ännu
602 1202 30 18 att
646 1201 136 24 polytekniska
791 1200 107 19 institutets
908 1200 69 19 biblio-

225 1230 39 24 tek,
288 1229 26 25 pä
335 1229 63 24 grund
421 1230 22 19 af
455 1229 59 20 ofvan
528 1229 86 24 antydda
629 1229 141 25 förhällanden,
786 1229 71 19 anlitas
870 1229 71 24 jemväl
956 1229 22 18 af

224 1258 73 20 teknici
312 1258 37 19 och
364 1258 153 20 industriidkare
532 1261 53 17 utom
600 1258 97 20 institutet
712 1258 36 19 och
761 1258 62 19 skulle
833 1258 106 19 detsamma
949 1269 27 2 —

225 1287 6 18 i
253 1287 92 19 händelse
367 1287 34 19 det
421 1293 46 14 vore
489 1287 150 24 fullständigare
659 1298 23 3 —
699 1287 32 19 för
746 1287 61 23 desse,
823 1286 54 19 säväl
891 1291 41 14 som
947 1285 30 20 för

225 1315 76 20 landets
316 1315 45 20 hela
375 1316 90 19 tekniska
480 1315 117 24 utveckling,
612 1315 66 20 kunna
692 1321 47 14 vara
749 1315 22 20 af
780 1315 125 24 oberäknelig
915 1316 61 23 nytta.

225 1345 59 18 Detta
306 1344 101 24 bibliotek,
429 1350 41 13 som
489 1345 32 19 för
534 1344 91 20 tekniska
639 1345 154 23 vetenskaperna
807 1342 38 22 bör
859 1349 52 18 vara,
926 1343 51 19 hvad

225 1372 246 20 Universitetsbiblioteket
492 1373 60 19 redan
567 1373 52 19 inom
634 1373 35 19 sitt
682 1372 81 20 område
777 1374 23 17 är
814 1383 27 3 —
857 1373 26 19 ett
897 1371 81 21 tekniskt

226 1401 159 20 centralbibliotek
406 1413 27 3 —
456 1402 39 19 kan
512 1402 62 18 under
588 1407 25 14 nu
628 1401 106 20 bestående
748 1400 136 20 förhållanden
899 1400 6 19 i
920 1400 57 24 högst

224 1430 57 24 ringa
296 1430 48 24 grad
358 1432 98 18 motsvara
471 1430 63 20 denna
548 1430 84 24 uppgift.
661 1430 73 19 Härtill
750 1429 77 20 fordras
842 1431 30 18 att
886 1428 90 20 bibliote-

224 1458 34 18 ket
279 1458 139 24 kompletteras
440 1463 69 18 genom
526 1458 59 24 inköp
601 1458 21 27 af
636 1458 24 19 de
674 1458 105 23 viktigaste
794 1458 96 18 allmänna
905 1456 71 24 grund-
