1100 1820
74 131 14 16 6
100 131 47 21 maj.
374 124 230 34 Förmynderskapslag.
854 127 42 21 833

74 205 36 15 om
126 201 30 19 att
170 199 86 21 härmed
272 200 69 27 någon
356 200 156 27 afgöranderätt
526 200 8 20 i
549 200 64 22 saken
626 200 68 22 skulle
706 207 50 14 vara
766 200 129 22 kommunen

75 228 91 27 inrymd,
189 228 7 20 i
218 228 80 21 hvilket
321 228 38 21 fall
382 229 108 27 värkligen
513 235 26 14 en
562 229 138 27 kompromiss
719 230 54 20 hade
789 229 106 27 förelegat.

75 256 41 21 För
134 256 63 28 öfrigt
214 256 65 21 borde
301 256 107 27 uttrycket
427 257 88 27 »afgifva
532 258 108 26 yttrande»
658 258 63 20 också
736 258 62 20 hafva
811 258 85 26 upplyst

73 284 91 28 juristen
185 285 73 21 därom
278 287 30 19 att
330 285 26 21 de
380 284 98 22 befarade
500 286 145 27 erinringarna
667 286 53 20 efter
742 286 57 21 valet
814 286 46 20 icke
875 286 22 20 få

76 319 40 22 ega
138 319 53 15 rum.
220 313 31 27 Ty
272 313 98 27 yttrande
392 313 88 27 afgifves
500 314 66 20 innan
582 316 29 18 ett
626 314 77 21 ärende
718 314 88 26 afgöres.
823 326 25 3 —
864 314 33 21 Hr

74 342 120 20 Akermans
216 341 83 28 förslag,
322 348 34 14 om
377 342 80 21 hvilket
475 342 35 27 jag
528 348 29 14 nu
575 342 69 21 blifvit
662 342 154 27 underkunnig,
837 342 59 22 torde

74 370 63 21 hafva
158 370 44 27 gått
224 372 24 19 ut
268 370 27 27 på
317 372 31 20 att
369 370 229 22 kommunalstämman
620 371 52 27 egde
688 370 121 26 bestämma,
825 371 71 21 hvilka

74 405 102 21 personer
197 398 65 22 borde
284 399 51 27 ingå
356 399 7 21 i
386 399 40 21 den
450 399 102 27 tredjedel
573 400 21 20 af
616 399 98 27 nämden,
737 406 44 14 som
797 399 32 22 till
844 400 53 21 först

74 428 66 27 afgår.
169 427 49 21 Ifall
241 428 23 20 så
286 434 37 14 var
338 428 119 27 meningen,
473 428 37 20 vill
524 429 35 26 jag
574 428 53 21 blott
642 430 48 26 säga
705 430 36 25 att,
761 431 38 18 när
814 428 83 28 engång

74 456 229 27 förmyndarenämden
323 457 22 20 är
363 456 141 27 organiserad,
527 457 101 26 åtgärden
651 459 29 18 att
696 456 91 21 därifrån
805 457 91 21 utesluta

74 491 29 14 en
122 484 102 27 tredjedel
246 485 20 20 af
288 485 167 20 medlemmarna
476 485 45 20 helt
543 485 51 20 visst
616 485 38 20 bör
669 485 72 20 kunna
757 486 103 20 anförtros
875 485 21 21 åt

75 513 91 21 nämden
182 513 53 27 själf.
268 514 38 20 Att
324 513 54 26 ånyo
392 513 88 21 besvära
490 513 226 21 kommunalstämman
727 514 49 21 med
785 516 29 19 ett
822 513 74 22 sådant

74 541 114 28 åliggande
209 548 51 14 vore
283 541 91 28 onödigt.
403 541 62 21 Hvad
489 541 44 22 åter
556 541 97 22 beträffar
674 542 36 21 det
724 544 31 19 att
769 542 75 27 städer,
859 542 38 21 där

75 569 191 28 stadsfullmäktige
285 570 47 21 icke
352 570 75 27 finnas,
446 570 46 21 icke
511 573 35 18 äro
562 570 102 21 beaktade
680 570 35 21 vid
730 571 167 27 formuleringen

75 599 23 20 af
120 599 56 20 detta
198 599 205 26 tilläggsstadgande,
426 598 23 21 så
468 599 61 20 beror
551 599 57 21 detta
626 599 47 21 icke
688 599 27 27 på
730 599 132 21 förbiseende
876 599 22 21 af

75 627 142 26 lagutskottet.
247 627 50 21 Men
312 633 49 15 man
370 627 38 21 har
420 629 68 19 ansett
498 629 30 19 att
540 634 26 15 en
577 627 161 27 stadigvarande
749 628 148 21 stadsdomstol

75 655 55 21 dock
152 657 24 19 är
197 655 81 22 mindre
299 656 8 21 i
329 655 65 22 behof
415 656 21 21 af
458 658 29 19 ett
509 656 132 21 kommunalt
661 662 75 21 organs
754 657 97 26 yttrande
870 658 26 19 än

75 684 93 21 domstol
182 684 27 28 på
223 684 77 21 landet.
331 684 40 21 Om
386 691 49 14 man
451 684 70 21 därför
533 685 70 21 kunde
614 685 21 20 få
646 685 56 20 detta
713 685 97 26 yttrande
823 685 75 22 endast

76 712 48 21 med
148 713 22 20 så
191 714 43 19 stor
254 713 96 28 omgång,
365 714 31 20 att
410 720 27 14 en
452 713 34 21 hel
500 713 213 21 kommunalstämma
728 714 169 27 sammankallas,

75 741 24 20 så
114 742 38 20 har
166 748 50 14 man
230 742 59 26 tyckt
304 744 30 19 att
349 741 26 21 de
390 742 21 20 få
426 742 162 28 undantagsfall,
604 741 26 22 då
645 742 189 27 stadsfullmäktige
849 743 47 21 icke

75 769 75 28 finnas,
164 770 66 21 hällre
246 771 71 20 kunna
332 771 82 20 lämnas
429 771 63 20 åsido.

144 827 34 20 Hr
192 827 143 27 Nybergh,
351 827 122 27 August:
503 827 39 21 Till
557 827 55 21 hvad
627 827 25 20 hr
666 827 93 21 Jansson
777 827 65 21 redan
860 827 38 21 har

76 855 115 22 framhällit
214 856 36 21 ber
271 856 35 27 jag
328 858 30 19 att
380 855 21 21 få
422 856 86 27 tillägga
529 855 65 28 några
617 855 38 22 ord
677 855 74 22 främst
769 855 128 22 beträffande

76 883 105 27 yrkandet
196 887 30 18 att
241 884 26 27 pä
281 885 72 20 landet
368 884 227 21 kommunalstämman
612 884 39 21 och
661 884 7 19 i
679 884 52 27 stad,
744 885 37 20 där
791 884 106 21 stadsfull-

76 912 92 26 mäktige
188 912 46 21 icke
254 912 74 27 finnas,
346 912 183 21 rädhusstämman
550 912 64 21 borde
630 912 78 26 afgifva
723 912 103 26 yttrande.
856 912 41 22 Det

76 946 64 21 synes
155 941 44 27 mig
214 941 54 20 klart
283 943 34 24 att,
333 947 34 15 om
383 940 56 22 detta
454 941 98 27 yttrande
567 940 53 22 skall
628 940 63 22 hafva
702 940 70 28 nägon
783 940 115 28 betydelse,

76 969 36 21 det
135 968 38 21 bör
195 969 88 27 afgifvas
305 970 22 20 af
341 971 30 19 ett
386 976 71 20 organ,
472 976 45 14 som
533 969 46 21 icke
594 969 38 21 har
647 970 65 20 större
728 969 127 27 omfattning
870 972 26 18 än

77 1000 31 18 att
122 997 36 21 det
173 998 41 20 kan
230 1004 60 14 anses
306 998 69 20 säsom
392 1000 29 18 ett
437 998 79 27 vanligt
526 998 120 27 kollegium.
676 997 30 27 Ty
717 1004 34 14 om
761 1000 29 18 ett
800 998 98 26 yttrande

76 1025 54 21 skall
146 1026 88 27 afgifvas
250 1026 21 21 af
285 1033 26 14 en
326 1028 44 19 stor
384 1026 129 28 församling,
528 1026 23 21 sä
565 1026 39 21 har
618 1026 36 21 det
668 1026 46 21 icke
730 1026 42 21 den
789 1026 108 26 betydelse

76 1054 22 21 af
120 1054 109 28 saklighet,
252 1055 65 21 insikt
339 1055 40 21 och
400 1055 120 21 kännedom
543 1055 21 21 af
578 1054 159 22 förhällandena
752 1062 46 14 som
813 1061 33 15 om
863 1055 35 21 det

76 1083 90 27 afgifves
181 1084 21 20 af
217 1086 30 18 ett
261 1084 121 26 kollegium.
406 1083 62 21 Detta
484 1090 63 20 synes
562 1084 43 26 mig
620 1084 23 20 sä
658 1084 123 27 uppenbart,
794 1085 30 20 att
834 1083 64 28 därpå

76 1112 47 21 icke
144 1111 101 22 behöfver
262 1112 71 27 spillas
353 1112 72 22 vidare
441 1112 43 21 ord.
514 1112 73 22 Säsom
602 1114 30 19 ett
646 1112 122 27 ytterligare
783 1112 65 21 motiv
863 1112 35 21 mä

77 1140 129 22 beträffande
225 1141 147 27 landsbygden
392 1142 88 20 nämnas
500 1143 29 19 att
546 1140 98 28 samtliga
662 1140 139 22 ledamöter
793 1136 12 36 i
820 1140 78 22 bonde-

76 1170 84 21 ståndet
182 1170 119 27 framhållit,
323 1170 69 21 såsom
415 1170 36 21 det
472 1176 64 20 synes
557 1170 44 26 mig
619 1170 46 20 icke
684 1171 51 19 utan
755 1170 30 20 alt
808 1170 41 26 fog,
868 1172 30 19 att

76 1198 73 28 tingen
172 1198 26 27 på
220 1198 72 22 landet
312 1199 44 20 ofta
375 1198 96 22 förrättas
493 1200 21 19 af
532 1205 56 20 unga
606 1198 91 28 domare,
712 1198 71 21 hvilka
797 1198 47 22 icke
859 1204 39 22 ega

77 1226 41 21 den
134 1227 223 27 personalkännedom,
372 1234 45 14 som
433 1227 101 21 behöfves
548 1228 33 20 för
595 1228 29 20 ett
640 1227 33 21 val
688 1226 22 22 af
726 1226 41 21 den
789 1227 109 27 betydelse

77 1262 45 13 som
146 1256 36 20 det
203 1256 143 21 förevarande.
369 1268 27 3 —
414 1256 32 21 Hr
466 1255 106 22 Grönroos
591 1256 51 19 fann
657 1255 107 27 uttrycket
781 1257 117 19 »närmaste

76 1284 125 21 hufvudtal>
225 1285 94 26 otydligt,
343 1284 39 21 och
404 1284 36 21 det
462 1284 34 21 må
514 1284 117 27 medgifvas
646 1286 30 19 att
691 1284 106 26 uttrycket
812 1286 23 19 är
849 1284 49 21 med

77 1312 133 21 matematisk
232 1313 105 27 knapphet
359 1312 100 27 affattadt,
482 1319 48 14 men
553 1313 35 21 det
607 1313 23 20 är
645 1312 69 21 exakt.
745 1312 40 21 Om
800 1312 21 21 vi
836 1312 63 21 hafva

76 1342 32 19 ett
128 1341 56 21 antal
206 1341 21 20 af
248 1341 43 21 åtta
309 1341 117 21 ledamöter
448 1341 39 21 och
510 1347 25 15 en
556 1340 103 27 tredjedel
681 1341 58 20 däraf
754 1341 38 20 bör
807 1340 53 27 afgå,
875 1340 23 21 så

78 1368 41 21 blir
133 1375 28 15 en
176 1369 102 27 tredjedel
293 1369 59 21 däraf
366 1368 35 22 två
417 1370 39 20 och
471 1369 35 20 två
521 1368 130 28 tredjedelar.
681 1369 110 21 Närmaste
807 1368 92 22 hufvud-

77 1396 51 22 talet
150 1400 24 18 är
195 1397 80 21 således
297 1400 31 18 tre
351 1398 39 20 och
410 1400 32 18 tre
466 1397 116 21 ledamöter
601 1397 51 20 böra
673 1397 82 21 således
771 1396 48 28 afgå
833 1397 65 21 första

77 1425 45 21 året
137 1426 39 21 och
191 1426 43 21 lika
249 1426 76 27 många
339 1426 37 20 vid
390 1426 66 21 andra
471 1426 55 21 årets
540 1426 85 27 utgång.
654 1425 42 21 Det
710 1425 88 21 återstår
817 1425 81 21 således

77 1454 36 19 två
132 1454 121 26 ledamöter,
273 1455 71 19 hvilka
363 1454 49 27 afgä
430 1454 35 20 det
480 1454 66 26 tredje
561 1454 49 20 året.
639 1453 71 21 Tänka
725 1454 21 20 vi
761 1459 34 15 oss
811 1453 43 21 åter
869 1455 30 19 ett

77 1482 58 21 antal
150 1483 21 20 af
186 1483 33 26 sju
235 1482 121 27 ledamöter,
372 1482 22 20 så
409 1484 23 18 är
447 1488 26 14 en
489 1481 101 27 tredjedel
606 1481 58 21 däraf
680 1482 33 20 två
729 1481 39 21 och
784 1487 26 15 en
823 1481 76 27 tredje-

808 1520 22 18 53
