1095 1764
189 119 43 20 890
405 124 164 17 Folkskolornas
581 124 7 17 i
600 124 72 17 landet
683 123 114 18 underhåll.
940 123 12 16 7
964 123 47 20 maj.

189 194 25 18 är
236 191 53 21 dock
312 194 29 18 att
364 191 40 21 den
427 192 52 26 gifta
500 191 83 21 läraren
605 191 38 21 har
663 193 76 24 ytterst
760 191 56 20 svårt
838 193 30 19 att
889 191 32 20 slå
935 190 32 27 sig
982 193 29 24 ut,

188 220 42 20 och
252 220 70 20 därför
340 219 92 28 föreslog
455 221 35 26 jag
512 226 27 14 en
559 219 121 27 förhöjning
701 219 33 21 för
755 219 83 26 honom,
859 219 105 20 anseende
981 221 30 18 att

189 248 59 21 detta
269 248 78 27 förslag
369 247 47 22 icke
438 248 71 21 kunde
532 247 142 22 tillbakavisas
695 247 27 28 på
744 247 65 28 några
827 247 109 28 värkligen
949 247 62 21 moti-

190 277 76 20 verade
282 276 50 21 skäl.

258 305 34 21 Då
312 305 35 28 jag
368 306 38 20 har
421 305 64 27 ordet,
501 305 37 20 vill
552 306 35 27 jag
602 305 53 20 fästa
670 305 94 21 ståndets
779 304 184 28 uppmärksamhet
976 304 35 21 vid

188 336 60 19 ännu
270 340 27 15 en
313 333 161 28 omständighet.
503 333 107 22 Utskottet
624 336 60 25 säger
699 333 26 28 på
740 333 45 21 sida
801 334 26 20 10
842 334 7 20 i
865 333 147 26 betänkandet,

190 363 39 20 där
250 363 36 21 det
300 365 23 18 är
337 363 58 27 fråga
411 369 35 14 om
461 369 24 14 en
501 363 86 26 petition
603 362 44 21 från
664 362 197 21 folkskollärarenes
876 362 45 21 sida
934 369 33 14 om
983 365 29 18 att

190 391 27 21 de
239 391 65 22 måtte
321 391 80 21 erhålla
415 391 48 20 hela
477 391 63 21 lönen
556 392 7 20 i
578 391 99 28 pension:
695 391 44 20 »till
754 391 46 21 stöd
815 391 33 20 för
863 391 57 20 detta
934 390 78 27 förslag

191 420 99 21 anställes
310 420 7 20 i
339 419 232 28 petitionsmemorialet
593 426 26 15 en
639 419 119 28 jämförelse
774 419 78 21 mellan
867 420 42 20 den
924 419 88 28 pension

189 455 28 15 en
240 449 94 20 arbetare
356 449 7 20 i
378 448 130 21 folkskolans
524 449 63 26 tjänst
601 448 38 21 har
654 451 30 18 att
698 451 80 18 emotse
793 448 39 21 och
848 448 47 26 den,
911 454 45 14 som
972 447 41 22 till-

190 477 106 21 försäkras
318 477 95 27 kollegor
435 477 39 20 och
495 477 91 21 lektorer
608 477 35 20 vid
665 477 247 26 elementarlärovärken,
927 476 85 21 hvilken

189 506 122 27 jämförelse
326 508 116 23 utmynnar
455 505 8 20 i
478 505 117 21 uttalandet
610 505 54 20 huru
680 505 92 26 orimligt
787 505 35 20 det
837 505 66 21 måste
919 511 49 14 vara
980 505 33 20 för

191 535 27 20 de
240 534 63 27 förra,
317 540 46 15 som
379 533 54 21 dock
449 534 31 20 stå
495 534 26 27 på
536 536 50 19 nära
602 540 41 21 nog
658 540 80 14 samma
754 533 157 35 bildningsgrad
927 539 44 15 som
987 533 26 21 de

190 569 82 20 senare,
294 565 30 18 att
346 562 85 21 komma
453 562 85 21 tillrätta
559 563 48 20 med
630 569 26 14 en
675 562 88 27 pension
778 562 21 21 af
814 561 41 22 600
871 563 12 20 ä
898 562 40 21 800
954 561 59 22 mark

191 591 69 21 under
274 591 36 21 det
325 591 25 20 de
366 597 74 14 senare
454 591 63 21 hafva
532 591 61 22 3,500
609 591 39 21 och
663 591 81 26 4,500».
774 590 63 22 Detta
851 593 24 18 är
884 591 24 27 ju
916 593 29 18 ett
955 597 58 20 myc-

191 620 36 20 ket
242 619 91 30 otrefligt
347 619 110 21 uttalande
471 620 47 20 från
533 607 235 33 folkskollärarekärens
783 619 46 21 sida
839 620 39 20 och
889 619 50 21 det
935 621 22 18 är
966 612 47 28 icke

190 648 81 27 egnadt
285 646 30 23 att
329 647 98 21 tillvinna
442 648 121 20 densamma
579 648 119 27 sympatier.
727 647 78 21 Fordra
821 648 20 20 vi
857 647 117 21 emellertid
984 650 30 18 att

192 676 223 21 folkskollärarekären
432 676 68 21 städse
515 676 54 21 skall
584 683 49 14 vara
648 676 7 20 i
673 676 35 21 det
723 676 46 27 läge
785 679 30 18 att
831 676 40 21 den
887 677 37 20 har
939 678 75 24 ytterst

190 705 59 21 svärt
271 707 29 19 att
319 705 73 21 föröka
404 705 34 20 sin
454 705 95 27 bildning
565 705 38 21 och
618 704 70 22 städse
702 704 66 21 mäste
784 704 63 22 tänka
863 705 47 21 med
927 704 87 27 bekym-

191 740 47 14 mer
252 733 26 27 pä
293 733 121 21 utkomsten
430 734 33 20 för
477 733 74 27 dagen,
566 734 23 20 sä
604 734 41 20 låta
660 733 21 20 vi
696 734 78 20 honom
787 733 117 21 kvarblifva
919 734 6 20 i
936 733 78 21 förhäl-

191 762 85 26 landen,
291 762 31 20 uti
337 762 71 20 hvilka
426 762 40 20 han
483 762 38 20 har
536 762 56 20 svärt
607 764 29 18 att
651 762 96 26 klargöra
762 762 47 20 sina
824 762 91 26 begrepp
931 762 38 20 och
984 764 31 18 att

192 790 112 27 uppskatta
319 790 32 27 sig
366 789 48 27 själf
429 790 38 20 och
483 790 66 21 andra
563 792 46 18 rätt.
638 789 36 21 Mä
689 790 20 20 vi
724 790 57 26 gifva
795 790 78 20 honom
889 789 81 21 tillfälle
985 792 30 18 att

191 818 94 21 förkofra
304 818 31 27 sig
358 818 8 20 i
388 818 103 26 bildning,
506 818 23 20 sä
544 818 53 21 skall
612 818 42 20 han
670 818 62 21 också
748 818 120 28 därigenom
885 818 84 20 komma
984 820 30 18 att

192 847 66 21 blifva
272 847 86 26 mycket
373 853 57 14 mera
446 847 115 27 sympatisk
576 847 33 20 för
623 852 39 15 oss.

261 875 39 21 Till
322 875 25 21 hr
369 875 142 27 Wiljakainen
534 875 37 21 vill
585 876 35 26 jag
634 877 51 25 säga
700 877 30 19 att
744 876 41 20 han
801 875 155 27 missuppfattat
971 875 43 21 min

192 904 92 27 mening.
313 904 41 27 Jag
376 904 106 26 uttryckte
497 904 44 27 mig
562 904 89 27 troligen
673 904 42 26 illa,
735 910 47 14 men
799 904 34 20 det
849 910 36 14 var
899 903 116 28 ingalunda

192 933 46 19 min
260 932 87 28 mening
369 934 30 19 att
420 932 114 21 framkasta
556 932 65 28 nägra
636 933 91 27 spetsiga
742 932 164 27 anmärkningar
921 935 44 18 mot
980 932 35 20 det

192 961 69 21 finska
283 961 80 27 partiet.
393 961 41 27 Jag
456 961 71 21 tänkte
550 960 26 28 pä
598 961 182 27 allmogeklassen,
795 960 58 21 såväl
869 961 40 20 den
925 960 90 21 svenska

191 996 47 14 som
254 990 40 20 den
309 989 72 21 finska.
410 989 42 27 Jag
466 990 74 20 trodde
555 990 43 26 mig
612 990 63 20 hafva
690 990 45 20 skäl
750 992 30 18 att
794 992 76 24 antaga
885 992 30 18 att
927 989 35 21 det
972 990 43 26 just

192 1024 38 14 var
252 1018 60 21 deras
334 1020 169 25 representanter
524 1018 8 20 i
554 1018 107 27 utskottet,
682 1024 45 14 som
750 1018 53 21 hade
819 1018 48 20 stält
882 1018 32 26 sig
929 1020 43 19 mot
987 1024 27 14 en

192 1046 121 27 förhöjning
335 1046 21 21 af
375 1046 198 22 folkskollärarenas
594 1046 65 21 löner.
689 1046 81 21 Genom
793 1046 41 21 den
850 1046 103 27 beröring,
968 1052 46 15 som

190 1075 37 27 jag
249 1075 45 21 haft
310 1075 48 21 med
377 1074 110 27 allmogen,
506 1075 37 20 har
557 1076 36 26 jag
608 1075 70 20 funnit
693 1077 29 18 att
737 1075 26 20 de
779 1076 34 19 äro
829 1074 86 27 mycket
929 1075 85 27 njugga,

192 1103 28 21 dä
241 1103 35 21 det
298 1103 65 27 gäller
381 1105 30 19 att
430 1103 41 21 öka
493 1103 60 21 deras
575 1104 64 26 löner,
654 1110 46 14 som
716 1103 71 21 arbeta
801 1102 72 22 ibland
889 1103 53 21 dem.
972 1102 41 28 Jag

192 1131 55 21 hade
269 1131 45 21 skäl
335 1134 30 18 att
384 1133 56 26 ytträ
463 1132 42 27 mig
527 1131 68 21 säsom
618 1132 35 26 jag
674 1132 79 27 gjorde,
776 1132 89 20 emedan
887 1131 85 21 fordran
988 1131 27 27 pä

192 1160 59 21 lärda
273 1160 70 21 skolor
364 1161 39 19 har
421 1160 68 27 utgätt
503 1160 43 27 just
561 1160 46 21 frän
623 1160 157 21 bondeständet.
809 1159 48 21 Den
872 1160 45 20 rika
930 1160 83 20 bonden

192 1189 39 21 har
252 1195 43 21 nog
316 1188 38 21 lätt
373 1191 30 19 att
418 1188 72 22 skicka
505 1189 46 21 sina
565 1189 54 21 barn
634 1188 31 21 till
680 1188 58 21 lärda
753 1188 72 22 skolor
839 1189 40 21 och
893 1188 57 27 gifva
966 1188 48 22 dem

192 1217 104 28 bildning,
318 1224 49 14 men
390 1218 40 20 den
454 1218 71 27 fattige
547 1217 116 27 arbetaren,
682 1218 61 20 hvars
760 1217 50 21 barn
826 1217 26 27 gä
867 1218 7 20 i
889 1217 125 26 folkskolan,

192 1246 102 21 behöfver
308 1246 62 21 äfven
386 1252 26 15 en
427 1246 72 23 lärare,
515 1252 46 14 som
573 1246 23 21 sä
608 1246 117 25 omhuldas,
737 1248 30 19 att
776 1246 42 21 han
828 1246 79 20 förmär
918 1246 96 26 bibringa

192 1281 27 14 en
235 1274 102 28 bildning,
352 1280 45 15 som
413 1274 108 28 värkligen
536 1276 23 19 är
574 1274 68 28 egnad
658 1276 30 20 att
702 1276 50 26 göra
766 1274 60 22 lifvet
836 1274 46 22 litet
893 1274 78 28 ljusare
981 1274 33 21 för

193 1303 52 20 hans
261 1303 56 20 barn.

261 1358 33 21 Hr
307 1358 100 21 Lilius:
438 1358 192 21 Valtiovaliokunta
646 1364 28 14 on
688 1358 76 21 minun
778 1358 130 27 käsitykseni
923 1358 91 21 mukaan

192 1387 90 26 älynnyt
302 1393 86 14 aseman
403 1386 62 21 aivan
481 1386 76 25 oikein,
572 1387 44 20 kun
632 1393 22 14 se
670 1393 27 14 on
712 1387 124 26 menetellyt
850 1387 165 26 kysymyksessä

192 1415 328 27 kansakoulunopettajakunnan
543 1415 165 21 taloudellisesta
728 1418 104 19 asemasta
852 1415 47 22 sillä
920 1416 95 21 varovai-

192 1444 104 27 suudella,
318 1444 49 27 joka
388 1446 53 19 tästä
462 1444 135 21 mietinnöstä
617 1444 97 21 ilmenee.
744 1443 58 22 Minä
823 1444 75 21 luulen
921 1446 47 25 että,
982 1445 32 27 jos

194 1473 122 21 valiokunta
323 1473 46 20 olisi
377 1474 84 24 ottanut
465 1473 179 21 kannattaakseen
649 1473 111 21 ehdotusta
767 1473 247 28 kansakoulunopettaja-

193 1502 87 21 kunnan
301 1502 50 21 sekä
372 1501 99 28 palkkain
493 1504 42 19 että
549 1501 124 22 eläkkeiden
688 1501 143 29 lisäämisestä,
846 1502 47 21 olisi
908 1509 23 15 se
945 1503 70 21 herät-
