<?xml version="1.0" encoding="UTF-8"?>
<alto xmlns="http://www.loc.gov/standards/alto/ns-v3#" xmlns:xlink="http://www.w3.org/1999/xlink" xmlns:xsi="http://www.w3.org/2001/XMLSchema-instance" xsi:schemaLocation="http://www.loc.gov/standards/alto/ns-v3# http://www.loc.gov/alto/v3/alto-3-0.xsd">
	<Description>
		<MeasurementUnit>pixel</MeasurementUnit>
		<sourceImageInformation>
			<fileName>/tmp/tess_n_yesgp7_input.PNG</fileName>
		</sourceImageInformation>
		<OCRProcessing ID="OCR_0">
			<ocrProcessingStep>
				<processingSoftware>
					<softwareName>tesseract 5.3.4</softwareName>
				</processingSoftware>
			</ocrProcessingStep>
		</OCRProcessing>
	</Description>
	<Layout>
		<Page WIDTH="1114" HEIGHT="1792" PHYSICAL_IMG_NR="0" ID="page_0">
			<PrintSpace HPOS="0" VPOS="0" WIDTH="1114" HEIGHT="1792">
				<ComposedBlock ID="cblock_0" HPOS="107" VPOS="117" WIDTH="816" HEIGHT="33">
					<TextBlock ID="block_0" HPOS="107" VPOS="117" WIDTH="816" HEIGHT="33">
						<TextLine ID="line_0" HPOS="107" VPOS="117" WIDTH="816" HEIGHT="33">
							<String ID="string_0" HPOS="107" VPOS="124" WIDTH="22" HEIGHT="16" WC="0.94" CONTENT="15"/><SP WIDTH="14" VPOS="124" HPOS="129"/>
							<String ID="string_1" HPOS="143" VPOS="124" WIDTH="48" HEIGHT="19" WC="0.91" CONTENT="maj."/><SP WIDTH="275" VPOS="124" HPOS="191"/>
							<String ID="string_2" HPOS="466" VPOS="117" WIDTH="100" HEIGHT="33" WC="0.92" CONTENT="Banklag."/><SP WIDTH="304" VPOS="117" HPOS="566"/>
							<String ID="string_3" HPOS="870" VPOS="118" WIDTH="53" HEIGHT="20" WC="0.96" CONTENT="1147"/>
						</TextLine>
					</TextBlock>
				</ComposedBlock>
				<GraphicalElement ID="cblock_1" HPOS="106" VPOS="152" WIDTH="810" HEIGHT="4"></GraphicalElement >
				<ComposedBlock ID="cblock_2" HPOS="104" VPOS="192" WIDTH="822" HEIGHT="742">
					<TextBlock ID="block_1" HPOS="104" VPOS="192" WIDTH="822" HEIGHT="742">
						<TextLine ID="line_1" HPOS="107" VPOS="192" WIDTH="818" HEIGHT="27">
							<String ID="string_4" HPOS="107" VPOS="192" WIDTH="95" HEIGHT="27" WC="0.95" CONTENT="ändring,"/><SP WIDTH="21" VPOS="192" HPOS="202"/>
							<String ID="string_5" HPOS="223" VPOS="198" WIDTH="45" HEIGHT="15" WC="0.96" CONTENT="som"/><SP WIDTH="15" VPOS="198" HPOS="268"/>
							<String ID="string_6" HPOS="283" VPOS="192" WIDTH="40" HEIGHT="21" WC="0.96" CONTENT="han"/><SP WIDTH="22" VPOS="192" HPOS="323"/>
							<String ID="string_7" HPOS="345" VPOS="192" WIDTH="97" HEIGHT="27" WC="0.96" CONTENT="föreslog,"/><SP WIDTH="15" VPOS="192" HPOS="442"/>
							<String ID="string_8" HPOS="457" VPOS="194" WIDTH="22" HEIGHT="19" WC="0.96" CONTENT="är"/><SP WIDTH="16" VPOS="194" HPOS="479"/>
							<String ID="string_9" HPOS="495" VPOS="192" WIDTH="20" HEIGHT="21" WC="0.96" CONTENT="af"/><SP WIDTH="15" VPOS="192" HPOS="515"/>
							<String ID="string_10" HPOS="530" VPOS="192" WIDTH="43" HEIGHT="22" WC="0.96" CONTENT="helt"/><SP WIDTH="15" VPOS="192" HPOS="573"/>
							<String ID="string_11" HPOS="588" VPOS="193" WIDTH="38" HEIGHT="20" WC="0.96" CONTENT="och"/><SP WIDTH="17" VPOS="193" HPOS="626"/>
							<String ID="string_12" HPOS="643" VPOS="192" WIDTH="64" HEIGHT="22" WC="0.96" CONTENT="hållet"/><SP WIDTH="14" VPOS="192" HPOS="707"/>
							<String ID="string_13" HPOS="721" VPOS="192" WIDTH="74" HEIGHT="22" WC="0.96" CONTENT="formel"/><SP WIDTH="17" VPOS="192" HPOS="795"/>
							<String ID="string_14" HPOS="812" VPOS="192" WIDTH="113" HEIGHT="27" WC="0.96" CONTENT="betydelse."/>
						</TextLine>
						<TextLine ID="line_2" HPOS="107" VPOS="220" WIDTH="818" HEIGHT="28">
							<String ID="string_15" HPOS="107" VPOS="220" WIDTH="41" HEIGHT="22" WC="0.96" CONTENT="Det"/><SP WIDTH="15" VPOS="220" HPOS="148"/>
							<String ID="string_16" HPOS="163" VPOS="220" WIDTH="121" HEIGHT="21" WC="0.93" CONTENT="nuvarande"/><SP WIDTH="16" VPOS="220" HPOS="284"/>
							<String ID="string_17" HPOS="300" VPOS="221" WIDTH="124" HEIGHT="27" WC="0.92" CONTENT="stadgandet"/><SP WIDTH="17" VPOS="221" HPOS="424"/>
							<String ID="string_18" HPOS="441" VPOS="223" WIDTH="29" HEIGHT="19" WC="0.96" CONTENT="att"/><SP WIDTH="15" VPOS="223" HPOS="470"/>
							<String ID="string_19" HPOS="485" VPOS="222" WIDTH="83" HEIGHT="26" WC="0.96" CONTENT="publikt"/><SP WIDTH="13" VPOS="222" HPOS="568"/>
							<String ID="string_20" HPOS="581" VPOS="221" WIDTH="78" HEIGHT="20" WC="0.96" CONTENT="ombud"/><SP WIDTH="17" VPOS="221" HPOS="659"/>
							<String ID="string_21" HPOS="676" VPOS="228" WIDTH="48" HEIGHT="20" WC="0.96" CONTENT="eger"/><SP WIDTH="14" VPOS="228" HPOS="724"/>
							<String ID="string_22" HPOS="738" VPOS="224" WIDTH="41" HEIGHT="18" WC="0.95" CONTENT="rätt"/><SP WIDTH="14" VPOS="224" HPOS="779"/>
							<String ID="string_23" HPOS="793" VPOS="223" WIDTH="30" HEIGHT="19" WC="0.96" CONTENT="att"/><SP WIDTH="15" VPOS="223" HPOS="823"/>
							<String ID="string_24" HPOS="838" VPOS="224" WIDTH="87" HEIGHT="18" WC="0.96" CONTENT="närvara"/>
						</TextLine>
						<TextLine ID="line_3" HPOS="107" VPOS="249" WIDTH="818" HEIGHT="28">
							<String ID="string_25" HPOS="107" VPOS="249" WIDTH="34" HEIGHT="21" WC="0.93" CONTENT="vid"/><SP WIDTH="23" VPOS="249" HPOS="141"/>
							<String ID="string_26" HPOS="164" VPOS="249" WIDTH="155" HEIGHT="27" WC="0.92" CONTENT="bankstyrelses"/><SP WIDTH="19" VPOS="249" HPOS="319"/>
							<String ID="string_27" HPOS="338" VPOS="250" WIDTH="164" HEIGHT="20" WC="0.96" CONTENT="sammankomst"/><SP WIDTH="22" VPOS="250" HPOS="502"/>
							<String ID="string_28" HPOS="524" VPOS="249" WIDTH="38" HEIGHT="21" WC="0.96" CONTENT="har"/><SP WIDTH="14" VPOS="249" HPOS="562"/>
							<String ID="string_29" HPOS="576" VPOS="250" WIDTH="75" HEIGHT="20" WC="0.95" CONTENT="tolkats"/><SP WIDTH="17" VPOS="250" HPOS="651"/>
							<String ID="string_30" HPOS="668" VPOS="250" WIDTH="76" HEIGHT="20" WC="0.93" CONTENT="därhän"/><SP WIDTH="16" VPOS="250" HPOS="744"/>
							<String ID="string_31" HPOS="760" VPOS="262" WIDTH="28" HEIGHT="2" WC="0.90" CONTENT="—"/><SP WIDTH="15" VPOS="262" HPOS="788"/>
							<String ID="string_32" HPOS="803" VPOS="250" WIDTH="40" HEIGHT="20" WC="0.96" CONTENT="och"/><SP WIDTH="14" VPOS="250" HPOS="843"/>
							<String ID="string_33" HPOS="857" VPOS="249" WIDTH="68" HEIGHT="28" WC="0.96" CONTENT="någon"/>
						</TextLine>
						<TextLine ID="line_4" HPOS="105" VPOS="277" WIDTH="821" HEIGHT="28">
							<String ID="string_34" HPOS="105" VPOS="277" WIDTH="155" HEIGHT="26" WC="0.95" CONTENT="tillstymmelse"/><SP WIDTH="15" VPOS="277" HPOS="260"/>
							<String ID="string_35" HPOS="275" VPOS="277" WIDTH="32" HEIGHT="22" WC="0.95" CONTENT="till"/><SP WIDTH="15" VPOS="277" HPOS="307"/>
							<String ID="string_36" HPOS="322" VPOS="284" WIDTH="70" HEIGHT="14" WC="0.95" CONTENT="annan"/><SP WIDTH="15" VPOS="284" HPOS="392"/>
							<String ID="string_37" HPOS="407" VPOS="278" WIDTH="97" HEIGHT="27" WC="0.96" CONTENT="tolkning"/><SP WIDTH="14" VPOS="278" HPOS="504"/>
							<String ID="string_38" HPOS="518" VPOS="279" WIDTH="38" HEIGHT="20" WC="0.96" CONTENT="har"/><SP WIDTH="13" VPOS="279" HPOS="556"/>
							<String ID="string_39" HPOS="569" VPOS="278" WIDTH="47" HEIGHT="21" WC="0.96" CONTENT="icke"/><SP WIDTH="18" VPOS="278" HPOS="616"/>
							<String ID="string_40" HPOS="634" VPOS="279" WIDTH="80" HEIGHT="20" WC="0.93" CONTENT="funnits"/><SP WIDTH="13" VPOS="279" HPOS="714"/>
							<String ID="string_41" HPOS="727" VPOS="290" WIDTH="26" HEIGHT="3" WC="0.93" CONTENT="—"/><SP WIDTH="12" VPOS="290" HPOS="753"/>
							<String ID="string_42" HPOS="765" VPOS="280" WIDTH="30" HEIGHT="19" WC="0.96" CONTENT="att"/><SP WIDTH="10" VPOS="280" HPOS="795"/>
							<String ID="string_43" HPOS="805" VPOS="278" WIDTH="49" HEIGHT="21" WC="0.96" CONTENT="med"/><SP WIDTH="13" VPOS="278" HPOS="854"/>
							<String ID="string_44" HPOS="867" VPOS="278" WIDTH="59" HEIGHT="21" WC="0.96" CONTENT="ordet"/>
						</TextLine>
						<TextLine ID="line_5" HPOS="106" VPOS="306" WIDTH="819" HEIGHT="27">
							<String ID="string_45" HPOS="106" VPOS="306" WIDTH="145" HEIGHT="26" WC="0.91" CONTENT="bankstyrelse"/><SP WIDTH="23" VPOS="306" HPOS="251"/>
							<String ID="string_46" HPOS="274" VPOS="306" WIDTH="54" HEIGHT="20" WC="0.92" CONTENT="afses"/><SP WIDTH="23" VPOS="306" HPOS="328"/>
							<String ID="string_47" HPOS="351" VPOS="306" WIDTH="40" HEIGHT="20" WC="0.95" CONTENT="den"/><SP WIDTH="23" VPOS="306" HPOS="391"/>
							<String ID="string_48" HPOS="414" VPOS="306" WIDTH="73" HEIGHT="27" WC="0.95" CONTENT="högsta"/><SP WIDTH="22" VPOS="306" HPOS="487"/>
							<String ID="string_49" HPOS="509" VPOS="306" WIDTH="123" HEIGHT="21" WC="0.95" CONTENT="beslutande"/><SP WIDTH="16" VPOS="306" HPOS="632"/>
							<String ID="string_50" HPOS="648" VPOS="306" WIDTH="150" HEIGHT="27" WC="0.96" CONTENT="myndigheten"/><SP WIDTH="16" VPOS="306" HPOS="798"/>
							<String ID="string_51" HPOS="814" VPOS="307" WIDTH="7" HEIGHT="20" WC="0.96" CONTENT="i"/><SP WIDTH="16" VPOS="307" HPOS="821"/>
							<String ID="string_52" HPOS="837" VPOS="306" WIDTH="88" HEIGHT="21" WC="0.96" CONTENT="banken."/>
						</TextLine>
						<TextLine ID="line_6" HPOS="106" VPOS="334" WIDTH="819" HEIGHT="28">
							<String ID="string_53" HPOS="106" VPOS="334" WIDTH="76" HEIGHT="21" WC="0.96" CONTENT="Denna"/><SP WIDTH="23" VPOS="334" HPOS="182"/>
							<String ID="string_54" HPOS="205" VPOS="334" WIDTH="124" HEIGHT="27" WC="0.96" CONTENT="myndighet"/><SP WIDTH="21" VPOS="334" HPOS="329"/>
							<String ID="string_55" HPOS="350" VPOS="334" WIDTH="87" HEIGHT="21" WC="0.96" CONTENT="kallas"/><SP WIDTH="-7" VPOS="334" HPOS="437"/>
							<String ID="string_56" HPOS="430" VPOS="330" WIDTH="12" HEIGHT="36" WC="0.95" CONTENT="i"/><SP WIDTH="12" VPOS="330" HPOS="442"/>
							<String ID="string_57" HPOS="454" VPOS="334" WIDTH="55" HEIGHT="21" WC="0.96" CONTENT="olika"/><SP WIDTH="23" VPOS="334" HPOS="509"/>
							<String ID="string_58" HPOS="532" VPOS="335" WIDTH="78" HEIGHT="20" WC="0.96" CONTENT="banker"/><SP WIDTH="22" VPOS="335" HPOS="610"/>
							<String ID="string_59" HPOS="632" VPOS="335" WIDTH="26" HEIGHT="27" WC="0.95" CONTENT="på"/><SP WIDTH="21" VPOS="335" HPOS="658"/>
							<String ID="string_60" HPOS="679" VPOS="335" WIDTH="55" HEIGHT="21" WC="0.96" CONTENT="olika"/><SP WIDTH="15" VPOS="335" HPOS="734"/>
							<String ID="string_61" HPOS="749" VPOS="337" WIDTH="45" HEIGHT="18" WC="0.95" CONTENT="sätt."/><SP WIDTH="30" VPOS="337" HPOS="794"/>
							<String ID="string_62" HPOS="824" VPOS="335" WIDTH="10" HEIGHT="20" WC="0.96" CONTENT="I"/><SP WIDTH="15" VPOS="335" HPOS="834"/>
							<String ID="string_63" HPOS="849" VPOS="341" WIDTH="26" HEIGHT="15" WC="0.96" CONTENT="en"/><SP WIDTH="16" VPOS="341" HPOS="875"/>
							<String ID="string_64" HPOS="891" VPOS="335" WIDTH="34" HEIGHT="20" WC="0.96" CONTENT="del"/>
						</TextLine>
						<TextLine ID="line_7" HPOS="106" VPOS="363" WIDTH="819" HEIGHT="27">
							<String ID="string_65" HPOS="106" VPOS="363" WIDTH="66" HEIGHT="21" WC="0.95" CONTENT="kallas"/><SP WIDTH="23" VPOS="363" HPOS="172"/>
							<String ID="string_66" HPOS="195" VPOS="363" WIDTH="40" HEIGHT="21" WC="0.92" CONTENT="den"/><SP WIDTH="21" VPOS="363" HPOS="235"/>
							<String ID="string_67" HPOS="256" VPOS="363" WIDTH="150" HEIGHT="27" WC="0.91" CONTENT="bankstyrelse,"/><SP WIDTH="15" VPOS="363" HPOS="406"/>
							<String ID="string_68" HPOS="421" VPOS="363" WIDTH="7" HEIGHT="20" WC="0.96" CONTENT="i"/><SP WIDTH="15" VPOS="363" HPOS="428"/>
							<String ID="string_69" HPOS="443" VPOS="363" WIDTH="65" HEIGHT="21" WC="0.93" CONTENT="andra"/><SP WIDTH="15" VPOS="363" HPOS="508"/>
							<String ID="string_70" HPOS="523" VPOS="363" WIDTH="181" HEIGHT="27" WC="0.92" CONTENT="förvaltningsråd,"/><SP WIDTH="15" VPOS="363" HPOS="704"/>
							<String ID="string_71" HPOS="719" VPOS="364" WIDTH="7" HEIGHT="20" WC="0.96" CONTENT="i"/><SP WIDTH="15" VPOS="364" HPOS="726"/>
							<String ID="string_72" HPOS="741" VPOS="369" WIDTH="26" HEIGHT="15" WC="0.93" CONTENT="en"/><SP WIDTH="17" VPOS="369" HPOS="767"/>
							<String ID="string_73" HPOS="784" VPOS="363" WIDTH="141" HEIGHT="21" WC="0.91" CONTENT="bankutskott."/>
						</TextLine>
						<TextLine ID="line_8" HPOS="104" VPOS="391" WIDTH="822" HEIGHT="28">
							<String ID="string_74" HPOS="104" VPOS="392" WIDTH="44" HEIGHT="27" WC="0.96" CONTENT="Jag"/><SP WIDTH="21" VPOS="392" HPOS="148"/>
							<String ID="string_75" HPOS="169" VPOS="394" WIDTH="42" HEIGHT="19" WC="0.96" CONTENT="tror"/><SP WIDTH="22" VPOS="394" HPOS="211"/>
							<String ID="string_76" HPOS="233" VPOS="394" WIDTH="30" HEIGHT="18" WC="0.96" CONTENT="att"/><SP WIDTH="15" VPOS="394" HPOS="263"/>
							<String ID="string_77" HPOS="278" VPOS="391" WIDTH="154" HEIGHT="28" WC="0.93" CONTENT="benämningen"/><SP WIDTH="16" VPOS="391" HPOS="432"/>
							<String ID="string_78" HPOS="448" VPOS="391" WIDTH="151" HEIGHT="28" WC="0.92" CONTENT="bankstyrelse,"/><SP WIDTH="15" VPOS="391" HPOS="599"/>
							<String ID="string_79" HPOS="614" VPOS="398" WIDTH="45" HEIGHT="15" WC="0.96" CONTENT="som"/><SP WIDTH="16" VPOS="398" HPOS="659"/>
							<String ID="string_80" HPOS="675" VPOS="392" WIDTH="141" HEIGHT="21" WC="0.96" CONTENT="förekommer"/><SP WIDTH="14" VPOS="392" HPOS="816"/>
							<String ID="string_81" HPOS="830" VPOS="393" WIDTH="6" HEIGHT="19" WC="0.93" CONTENT="i"/><SP WIDTH="16" VPOS="393" HPOS="836"/>
							<String ID="string_82" HPOS="852" VPOS="392" WIDTH="74" HEIGHT="27" WC="0.91" CONTENT="nugäl-"/>
						</TextLine>
						<TextLine ID="line_9" HPOS="106" VPOS="420" WIDTH="819" HEIGHT="28">
							<String ID="string_83" HPOS="106" VPOS="421" WIDTH="63" HEIGHT="20" WC="0.96" CONTENT="lande"/><SP WIDTH="15" VPOS="421" HPOS="169"/>
							<String ID="string_84" HPOS="184" VPOS="421" WIDTH="39" HEIGHT="26" WC="0.95" CONTENT="lag,"/><SP WIDTH="16" VPOS="421" HPOS="223"/>
							<String ID="string_85" HPOS="239" VPOS="422" WIDTH="23" HEIGHT="19" WC="0.96" CONTENT="är"/><SP WIDTH="15" VPOS="422" HPOS="262"/>
							<String ID="string_86" HPOS="277" VPOS="420" WIDTH="86" HEIGHT="21" WC="0.91" CONTENT="alldeles"/><SP WIDTH="15" VPOS="420" HPOS="363"/>
							<String ID="string_87" HPOS="378" VPOS="420" WIDTH="198" HEIGHT="28" WC="0.91" CONTENT="tillfredsställande,"/><SP WIDTH="13" VPOS="420" HPOS="576"/>
							<String ID="string_88" HPOS="589" VPOS="421" WIDTH="39" HEIGHT="20" WC="0.96" CONTENT="och"/><SP WIDTH="11" VPOS="421" HPOS="628"/>
							<String ID="string_89" HPOS="639" VPOS="421" WIDTH="39" HEIGHT="20" WC="0.96" CONTENT="har"/><SP WIDTH="11" VPOS="421" HPOS="678"/>
							<String ID="string_90" HPOS="689" VPOS="421" WIDTH="100" HEIGHT="21" WC="0.96" CONTENT="utskottet"/><SP WIDTH="10" VPOS="421" HPOS="789"/>
							<String ID="string_91" HPOS="799" VPOS="421" WIDTH="70" HEIGHT="20" WC="0.96" CONTENT="därför"/><SP WIDTH="10" VPOS="421" HPOS="869"/>
							<String ID="string_92" HPOS="879" VPOS="421" WIDTH="46" HEIGHT="20" WC="0.96" CONTENT="icke"/>
						</TextLine>
						<TextLine ID="line_10" HPOS="106" VPOS="449" WIDTH="819" HEIGHT="28">
							<String ID="string_93" HPOS="106" VPOS="449" WIDTH="45" HEIGHT="21" WC="0.96" CONTENT="haft"/><SP WIDTH="21" VPOS="449" HPOS="151"/>
							<String ID="string_94" HPOS="172" VPOS="449" WIDTH="88" HEIGHT="21" WC="0.96" CONTENT="särskild"/><SP WIDTH="24" VPOS="449" HPOS="260"/>
							<String ID="string_95" HPOS="284" VPOS="449" WIDTH="114" HEIGHT="27" WC="0.96" CONTENT="anledning"/><SP WIDTH="22" VPOS="449" HPOS="398"/>
							<String ID="string_96" HPOS="420" VPOS="451" WIDTH="35" HEIGHT="22" WC="0.94" CONTENT="att,"/><SP WIDTH="23" VPOS="451" HPOS="455"/>
							<String ID="string_97" HPOS="478" VPOS="449" WIDTH="26" HEIGHT="21" WC="0.96" CONTENT="då"/><SP WIDTH="16" VPOS="449" HPOS="504"/>
							<String ID="string_98" HPOS="520" VPOS="450" WIDTH="39" HEIGHT="20" WC="0.96" CONTENT="den"/><SP WIDTH="16" VPOS="450" HPOS="559"/>
							<String ID="string_99" HPOS="575" VPOS="455" WIDTH="76" HEIGHT="16" WC="0.96" CONTENT="annars"/><SP WIDTH="16" VPOS="455" HPOS="651"/>
							<String ID="string_100" HPOS="667" VPOS="449" WIDTH="71" HEIGHT="21" WC="0.95" CONTENT="ställer"/><SP WIDTH="14" VPOS="449" HPOS="738"/>
							<String ID="string_101" HPOS="752" VPOS="450" WIDTH="32" HEIGHT="25" WC="0.96" CONTENT="sig"/><SP WIDTH="15" VPOS="450" HPOS="784"/>
							<String ID="string_102" HPOS="799" VPOS="449" WIDTH="25" HEIGHT="28" WC="0.96" CONTENT="på"/><SP WIDTH="17" VPOS="449" HPOS="824"/>
							<String ID="string_103" HPOS="841" VPOS="449" WIDTH="34" HEIGHT="21" WC="0.93" CONTENT="det"/><SP WIDTH="15" VPOS="449" HPOS="875"/>
							<String ID="string_104" HPOS="890" VPOS="449" WIDTH="35" HEIGHT="21" WC="0.90" CONTENT="be-"/>
						</TextLine>
						<TextLine ID="line_11" HPOS="104" VPOS="478" WIDTH="822" HEIGHT="27">
							<String ID="string_105" HPOS="104" VPOS="478" WIDTH="99" HEIGHT="21" WC="0.96" CONTENT="ståendes"/><SP WIDTH="16" VPOS="478" HPOS="203"/>
							<String ID="string_106" HPOS="219" VPOS="478" WIDTH="134" HEIGHT="27" WC="0.93" CONTENT="ståndpunkt,"/><SP WIDTH="15" VPOS="478" HPOS="353"/>
							<String ID="string_107" HPOS="368" VPOS="479" WIDTH="90" HEIGHT="26" WC="0.91" CONTENT="upptaga"/><SP WIDTH="18" VPOS="479" HPOS="458"/>
							<String ID="string_108" HPOS="476" VPOS="478" WIDTH="70" HEIGHT="21" WC="0.96" CONTENT="denna"/><SP WIDTH="14" VPOS="478" HPOS="546"/>
							<String ID="string_109" HPOS="560" VPOS="479" WIDTH="94" HEIGHT="26" WC="0.96" CONTENT="ändring."/><SP WIDTH="30" VPOS="479" HPOS="654"/>
							<String ID="string_110" HPOS="684" VPOS="478" WIDTH="41" HEIGHT="21" WC="0.96" CONTENT="För"/><SP WIDTH="14" VPOS="478" HPOS="725"/>
							<String ID="string_111" HPOS="739" VPOS="481" WIDTH="70" HEIGHT="18" WC="0.96" CONTENT="resten"/><SP WIDTH="15" VPOS="481" HPOS="809"/>
							<String ID="string_112" HPOS="824" VPOS="479" WIDTH="37" HEIGHT="20" WC="0.93" CONTENT="har"/><SP WIDTH="10" VPOS="479" HPOS="861"/>
							<String ID="string_113" HPOS="871" VPOS="484" WIDTH="55" HEIGHT="15" WC="0.91" CONTENT="sam-"/>
						</TextLine>
						<TextLine ID="line_12" HPOS="105" VPOS="507" WIDTH="820" HEIGHT="27">
							<String ID="string_114" HPOS="105" VPOS="507" WIDTH="271" HEIGHT="27" WC="0.90" CONTENT="manjämkningsförslaget"/><SP WIDTH="18" VPOS="507" HPOS="376"/>
							<String ID="string_115" HPOS="394" VPOS="507" WIDTH="3" HEIGHT="20" WC="0.96" CONTENT="i"/><SP WIDTH="16" VPOS="507" HPOS="397"/>
							<String ID="string_116" HPOS="413" VPOS="507" WIDTH="69" HEIGHT="20" WC="0.96" CONTENT="denna"/><SP WIDTH="23" VPOS="507" HPOS="482"/>
							<String ID="string_117" HPOS="505" VPOS="507" WIDTH="54" HEIGHT="20" WC="0.95" CONTENT="form"/><SP WIDTH="15" VPOS="507" HPOS="559"/>
							<String ID="string_118" HPOS="574" VPOS="507" WIDTH="64" HEIGHT="21" WC="0.95" CONTENT="redan"/><SP WIDTH="16" VPOS="507" HPOS="638"/>
							<String ID="string_119" HPOS="654" VPOS="507" WIDTH="22" HEIGHT="20" WC="0.96" CONTENT="af"/><SP WIDTH="14" VPOS="507" HPOS="676"/>
							<String ID="string_120" HPOS="690" VPOS="507" WIDTH="35" HEIGHT="21" WC="0.96" CONTENT="två"/><SP WIDTH="15" VPOS="507" HPOS="725"/>
							<String ID="string_121" HPOS="740" VPOS="507" WIDTH="61" HEIGHT="21" WC="0.96" CONTENT="stånd"/><SP WIDTH="15" VPOS="507" HPOS="801"/>
							<String ID="string_122" HPOS="816" VPOS="507" WIDTH="109" HEIGHT="26" WC="0.95" CONTENT="godkänts."/>
						</TextLine>
						<TextLine ID="line_13" HPOS="174" VPOS="535" WIDTH="751" HEIGHT="28">
							<String ID="string_123" HPOS="174" VPOS="535" WIDTH="62" HEIGHT="21" WC="0.96" CONTENT="Hvad"/><SP WIDTH="24" VPOS="535" HPOS="236"/>
							<String ID="string_124" HPOS="260" VPOS="535" WIDTH="95" HEIGHT="21" WC="0.91" CONTENT="beträffar"/><SP WIDTH="22" VPOS="535" HPOS="355"/>
							<String ID="string_125" HPOS="377" VPOS="535" WIDTH="25" HEIGHT="21" WC="0.93" CONTENT="hr"/><SP WIDTH="21" VPOS="535" HPOS="402"/>
							<String ID="string_126" HPOS="423" VPOS="535" WIDTH="109" HEIGHT="22" WC="0.90" CONTENT="Stenroths"/><SP WIDTH="22" VPOS="535" HPOS="532"/>
							<String ID="string_127" HPOS="554" VPOS="536" WIDTH="121" HEIGHT="25" WC="0.96" CONTENT="anförande,"/><SP WIDTH="18" VPOS="536" HPOS="675"/>
							<String ID="string_128" HPOS="693" VPOS="542" WIDTH="63" HEIGHT="20" WC="0.95" CONTENT="synes"/><SP WIDTH="15" VPOS="542" HPOS="756"/>
							<String ID="string_129" HPOS="771" VPOS="536" WIDTH="36" HEIGHT="20" WC="0.96" CONTENT="det"/><SP WIDTH="15" VPOS="536" HPOS="807"/>
							<String ID="string_130" HPOS="822" VPOS="536" WIDTH="42" HEIGHT="27" WC="0.96" CONTENT="mig"/><SP WIDTH="14" VPOS="536" HPOS="864"/>
							<String ID="string_131" HPOS="878" VPOS="535" WIDTH="47" HEIGHT="21" WC="0.96" CONTENT="icke"/>
						</TextLine>
						<TextLine ID="line_14" HPOS="106" VPOS="564" WIDTH="819" HEIGHT="27">
							<String ID="string_132" HPOS="106" VPOS="571" WIDTH="29" HEIGHT="13" WC="0.96" CONTENT="nu"/><SP WIDTH="23" VPOS="571" HPOS="135"/>
							<String ID="string_133" HPOS="158" VPOS="571" WIDTH="49" HEIGHT="14" WC="0.95" CONTENT="vara"/><SP WIDTH="23" VPOS="571" HPOS="207"/>
							<String ID="string_134" HPOS="230" VPOS="564" WIDTH="44" HEIGHT="20" WC="0.95" CONTENT="skäl"/><SP WIDTH="23" VPOS="564" HPOS="274"/>
							<String ID="string_135" HPOS="297" VPOS="566" WIDTH="30" HEIGHT="19" WC="0.95" CONTENT="att"/><SP WIDTH="18" VPOS="566" HPOS="327"/>
							<String ID="string_136" HPOS="345" VPOS="564" WIDTH="49" HEIGHT="27" WC="0.96" CONTENT="ingå"/><SP WIDTH="16" VPOS="564" HPOS="394"/>
							<String ID="string_137" HPOS="410" VPOS="564" WIDTH="25" HEIGHT="27" WC="0.96" CONTENT="på"/><SP WIDTH="16" VPOS="564" HPOS="435"/>
							<String ID="string_138" HPOS="451" VPOS="571" WIDTH="25" HEIGHT="14" WC="0.96" CONTENT="en"/><SP WIDTH="17" VPOS="571" HPOS="476"/>
							<String ID="string_139" HPOS="493" VPOS="565" WIDTH="95" HEIGHT="26" WC="0.96" CONTENT="tolkning"/><SP WIDTH="15" VPOS="565" HPOS="588"/>
							<String ID="string_140" HPOS="603" VPOS="565" WIDTH="21" HEIGHT="20" WC="0.96" CONTENT="af"/><SP WIDTH="15" VPOS="565" HPOS="624"/>
							<String ID="string_141" HPOS="639" VPOS="565" WIDTH="54" HEIGHT="20" WC="0.95" CONTENT="hvad"/><SP WIDTH="16" VPOS="565" HPOS="693"/>
							<String ID="string_142" HPOS="709" VPOS="564" WIDTH="112" HEIGHT="21" WC="0.92" CONTENT="bestående"/><SP WIDTH="17" VPOS="564" HPOS="821"/>
							<String ID="string_143" HPOS="838" VPOS="564" WIDTH="87" HEIGHT="27" WC="0.92" CONTENT="lagstift-"/>
						</TextLine>
						<TextLine ID="line_15" HPOS="107" VPOS="593" WIDTH="819" HEIGHT="27">
							<String ID="string_144" HPOS="107" VPOS="593" WIDTH="50" HEIGHT="26" WC="0.95" CONTENT="ning"/><SP WIDTH="22" VPOS="593" HPOS="157"/>
							<String ID="string_145" HPOS="179" VPOS="593" WIDTH="94" HEIGHT="20" WC="0.95" CONTENT="innebär."/><SP WIDTH="31" VPOS="593" HPOS="273"/>
							<String ID="string_146" HPOS="304" VPOS="593" WIDTH="39" HEIGHT="20" WC="0.96" CONTENT="Vid"/><SP WIDTH="25" VPOS="593" HPOS="343"/>
							<String ID="string_147" HPOS="368" VPOS="595" WIDTH="28" HEIGHT="18" WC="0.95" CONTENT="ett"/><SP WIDTH="22" VPOS="595" HPOS="396"/>
							<String ID="string_148" HPOS="418" VPOS="593" WIDTH="88" HEIGHT="26" WC="0.96" CONTENT="tidigare"/><SP WIDTH="22" VPOS="593" HPOS="506"/>
							<String ID="string_149" HPOS="528" VPOS="593" WIDTH="154" HEIGHT="20" WC="0.93" CONTENT="sammanträde"/><SP WIDTH="24" VPOS="593" HPOS="682"/>
							<String ID="string_150" HPOS="706" VPOS="593" WIDTH="110" HEIGHT="20" WC="0.92" CONTENT="omnämde"/><SP WIDTH="23" VPOS="593" HPOS="816"/>
							<String ID="string_151" HPOS="839" VPOS="593" WIDTH="34" HEIGHT="27" WC="0.94" CONTENT="jag"/><SP WIDTH="23" VPOS="593" HPOS="873"/>
							<String ID="string_152" HPOS="896" VPOS="595" WIDTH="30" HEIGHT="18" WC="0.94" CONTENT="att"/>
						</TextLine>
						<TextLine ID="line_16" HPOS="104" VPOS="621" WIDTH="822" HEIGHT="27">
							<String ID="string_153" HPOS="104" VPOS="621" WIDTH="59" HEIGHT="20" WC="0.95" CONTENT="inom"/><SP WIDTH="23" VPOS="621" HPOS="163"/>
							<String ID="string_154" HPOS="186" VPOS="621" WIDTH="100" HEIGHT="20" WC="0.95" CONTENT="utskottet"/><SP WIDTH="24" VPOS="621" HPOS="286"/>
							<String ID="string_155" HPOS="310" VPOS="624" WIDTH="28" HEIGHT="17" WC="0.96" CONTENT="ett"/><SP WIDTH="23" VPOS="624" HPOS="338"/>
							<String ID="string_156" HPOS="361" VPOS="627" WIDTH="37" HEIGHT="21" WC="0.96" CONTENT="par"/><SP WIDTH="21" VPOS="627" HPOS="398"/>
							<String ID="string_157" HPOS="419" VPOS="621" WIDTH="116" HEIGHT="21" WC="0.96" CONTENT="ledamöter"/><SP WIDTH="21" VPOS="621" HPOS="535"/>
							<String ID="string_158" HPOS="556" VPOS="621" WIDTH="54" HEIGHT="21" WC="0.95" CONTENT="hade"/><SP WIDTH="22" VPOS="621" HPOS="610"/>
							<String ID="string_159" HPOS="632" VPOS="621" WIDTH="75" HEIGHT="21" WC="0.90" CONTENT="uttalat"/><SP WIDTH="15" VPOS="621" HPOS="707"/>
							<String ID="string_160" HPOS="722" VPOS="627" WIDTH="26" HEIGHT="15" WC="0.96" CONTENT="en"/><SP WIDTH="16" VPOS="627" HPOS="748"/>
							<String ID="string_161" HPOS="764" VPOS="621" WIDTH="46" HEIGHT="20" WC="0.96" CONTENT="från"/><SP WIDTH="17" VPOS="621" HPOS="810"/>
							<String ID="string_162" HPOS="827" VPOS="621" WIDTH="24" HEIGHT="20" WC="0.93" CONTENT="hr"/><SP WIDTH="14" VPOS="621" HPOS="851"/>
							<String ID="string_163" HPOS="865" VPOS="621" WIDTH="61" HEIGHT="20" WC="0.91" CONTENT="Sten-"/>
						</TextLine>
						<TextLine ID="line_17" HPOS="106" VPOS="649" WIDTH="819" HEIGHT="28">
							<String ID="string_164" HPOS="106" VPOS="650" WIDTH="57" HEIGHT="20" WC="0.91" CONTENT="roths"/><SP WIDTH="15" VPOS="650" HPOS="163"/>
							<String ID="string_165" HPOS="178" VPOS="649" WIDTH="112" HEIGHT="21" WC="0.91" CONTENT="afvikande"/><SP WIDTH="19" VPOS="649" HPOS="290"/>
							<String ID="string_166" HPOS="309" VPOS="649" WIDTH="54" HEIGHT="21" WC="0.96" CONTENT="åsikt"/><SP WIDTH="15" VPOS="649" HPOS="363"/>
							<String ID="string_167" HPOS="378" VPOS="649" WIDTH="38" HEIGHT="21" WC="0.96" CONTENT="och"/><SP WIDTH="16" VPOS="649" HPOS="416"/>
							<String ID="string_168" HPOS="432" VPOS="649" WIDTH="36" HEIGHT="21" WC="0.96" CONTENT="vill"/><SP WIDTH="16" VPOS="649" HPOS="468"/>
							<String ID="string_169" HPOS="484" VPOS="650" WIDTH="47" HEIGHT="20" WC="0.96" CONTENT="med"/><SP WIDTH="16" VPOS="650" HPOS="531"/>
							<String ID="string_170" HPOS="547" VPOS="649" WIDTH="115" HEIGHT="27" WC="0.96" CONTENT="anledning"/><SP WIDTH="15" VPOS="649" HPOS="662"/>
							<String ID="string_171" HPOS="677" VPOS="649" WIDTH="59" HEIGHT="21" WC="0.96" CONTENT="däraf"/><SP WIDTH="15" VPOS="649" HPOS="736"/>
							<String ID="string_172" HPOS="751" VPOS="650" WIDTH="74" HEIGHT="20" WC="0.96" CONTENT="endast"/><SP WIDTH="16" VPOS="650" HPOS="825"/>
							<String ID="string_173" HPOS="841" VPOS="649" WIDTH="84" HEIGHT="28" WC="0.96" CONTENT="tillägga"/>
						</TextLine>
						<TextLine ID="line_18" HPOS="104" VPOS="678" WIDTH="821" HEIGHT="27">
							<String ID="string_174" HPOS="104" VPOS="681" WIDTH="36" HEIGHT="21" WC="0.77" CONTENT="att,"/><SP WIDTH="17" VPOS="681" HPOS="140"/>
							<String ID="string_175" HPOS="157" VPOS="684" WIDTH="34" HEIGHT="15" WC="0.96" CONTENT="om"/><SP WIDTH="15" VPOS="684" HPOS="191"/>
							<String ID="string_176" HPOS="206" VPOS="678" WIDTH="39" HEIGHT="21" WC="0.96" CONTENT="ock"/><SP WIDTH="15" VPOS="678" HPOS="245"/>
							<String ID="string_177" HPOS="260" VPOS="678" WIDTH="151" HEIGHT="27" WC="0.96" CONTENT="handlingarna"/><SP WIDTH="15" VPOS="678" HPOS="411"/>
							<String ID="string_178" HPOS="426" VPOS="678" WIDTH="47" HEIGHT="21" WC="0.96" CONTENT="från"/><SP WIDTH="15" VPOS="678" HPOS="473"/>
							<String ID="string_179" HPOS="488" VPOS="679" WIDTH="84" HEIGHT="26" WC="0.96" CONTENT="frågans"/><SP WIDTH="15" VPOS="679" HPOS="572"/>
							<String ID="string_180" HPOS="587" VPOS="678" WIDTH="87" HEIGHT="27" WC="0.96" CONTENT="tidigare"/><SP WIDTH="16" VPOS="678" HPOS="674"/>
							<String ID="string_181" HPOS="690" VPOS="678" WIDTH="64" HEIGHT="21" WC="0.96" CONTENT="skede"/><SP WIDTH="20" VPOS="678" HPOS="754"/>
							<String ID="string_182" HPOS="774" VPOS="678" WIDTH="41" HEIGHT="21" WC="0.95" CONTENT="tala"/><SP WIDTH="16" VPOS="678" HPOS="815"/>
							<String ID="string_183" HPOS="831" VPOS="678" WIDTH="3" HEIGHT="20" WC="0.95" CONTENT="i"/><SP WIDTH="11" VPOS="678" HPOS="834"/>
							<String ID="string_184" HPOS="845" VPOS="684" WIDTH="80" HEIGHT="15" WC="0.96" CONTENT="samma"/>
						</TextLine>
						<TextLine ID="line_19" HPOS="106" VPOS="706" WIDTH="820" HEIGHT="27">
							<String ID="string_185" HPOS="106" VPOS="707" WIDTH="93" HEIGHT="26" WC="0.96" CONTENT="riktning"/><SP WIDTH="22" VPOS="707" HPOS="199"/>
							<String ID="string_186" HPOS="221" VPOS="713" WIDTH="44" HEIGHT="14" WC="0.96" CONTENT="som"/><SP WIDTH="23" VPOS="713" HPOS="265"/>
							<String ID="string_187" HPOS="288" VPOS="707" WIDTH="24" HEIGHT="20" WC="0.93" CONTENT="hr"/><SP WIDTH="22" VPOS="707" HPOS="312"/>
							<String ID="string_188" HPOS="334" VPOS="706" WIDTH="108" HEIGHT="21" WC="0.92" CONTENT="Stenroths"/><SP WIDTH="23" VPOS="706" HPOS="442"/>
							<String ID="string_189" HPOS="465" VPOS="707" WIDTH="140" HEIGHT="26" WC="0.92" CONTENT="andragande,"/><SP WIDTH="22" VPOS="707" HPOS="605"/>
							<String ID="string_190" HPOS="627" VPOS="707" WIDTH="23" HEIGHT="20" WC="0.96" CONTENT="så"/><SP WIDTH="22" VPOS="707" HPOS="650"/>
							<String ID="string_191" HPOS="672" VPOS="707" WIDTH="65" HEIGHT="20" WC="0.95" CONTENT="måste"/><SP WIDTH="23" VPOS="707" HPOS="737"/>
							<String ID="string_192" HPOS="760" VPOS="713" WIDTH="48" HEIGHT="14" WC="0.95" CONTENT="man"/><SP WIDTH="23" VPOS="713" HPOS="808"/>
							<String ID="string_193" HPOS="831" VPOS="709" WIDTH="50" HEIGHT="24" WC="0.94" CONTENT="säga"/><SP WIDTH="15" VPOS="709" HPOS="881"/>
							<String ID="string_194" HPOS="896" VPOS="709" WIDTH="30" HEIGHT="18" WC="0.96" CONTENT="att"/>
						</TextLine>
						<TextLine ID="line_20" HPOS="106" VPOS="735" WIDTH="819" HEIGHT="28">
							<String ID="string_195" HPOS="106" VPOS="735" WIDTH="112" HEIGHT="21" WC="0.96" CONTENT="utskottets"/><SP WIDTH="22" VPOS="735" HPOS="218"/>
							<String ID="string_196" HPOS="240" VPOS="735" WIDTH="132" HEIGHT="21" WC="0.94" CONTENT="betänkande"/><SP WIDTH="23" VPOS="735" HPOS="372"/>
							<String ID="string_197" HPOS="395" VPOS="735" WIDTH="33" HEIGHT="20" WC="0.96" CONTENT="vid"/><SP WIDTH="21" VPOS="735" HPOS="428"/>
							<String ID="string_198" HPOS="449" VPOS="736" WIDTH="54" HEIGHT="20" WC="0.96" CONTENT="1885"/><SP WIDTH="19" VPOS="736" HPOS="503"/>
							<String ID="string_199" HPOS="522" VPOS="736" WIDTH="33" HEIGHT="20" WC="0.93" CONTENT="års"/><SP WIDTH="19" VPOS="736" HPOS="555"/>
							<String ID="string_200" HPOS="574" VPOS="735" WIDTH="100" HEIGHT="28" WC="0.92" CONTENT="landtdag"/><SP WIDTH="16" VPOS="735" HPOS="674"/>
							<String ID="string_201" HPOS="690" VPOS="736" WIDTH="37" HEIGHT="20" WC="0.96" CONTENT="och"/><SP WIDTH="16" VPOS="736" HPOS="727"/>
							<String ID="string_202" HPOS="743" VPOS="735" WIDTH="62" HEIGHT="21" WC="0.93" CONTENT="äfven"/><SP WIDTH="16" VPOS="735" HPOS="805"/>
							<String ID="string_203" HPOS="821" VPOS="735" WIDTH="104" HEIGHT="21" WC="0.91" CONTENT="affattnin-"/>
						</TextLine>
						<TextLine ID="line_21" HPOS="104" VPOS="763" WIDTH="821" HEIGHT="28">
							<String ID="string_204" HPOS="104" VPOS="771" WIDTH="41" HEIGHT="20" WC="0.96" CONTENT="gen"/><SP WIDTH="24" VPOS="771" HPOS="145"/>
							<String ID="string_205" HPOS="169" VPOS="765" WIDTH="21" HEIGHT="20" WC="0.96" CONTENT="af"/><SP WIDTH="22" VPOS="765" HPOS="190"/>
							<String ID="string_206" HPOS="212" VPOS="764" WIDTH="155" HEIGHT="27" WC="0.96" CONTENT="propositionen"/><SP WIDTH="24" VPOS="764" HPOS="367"/>
							<String ID="string_207" HPOS="391" VPOS="764" WIDTH="33" HEIGHT="20" WC="0.96" CONTENT="vid"/><SP WIDTH="24" VPOS="764" HPOS="424"/>
							<String ID="string_208" HPOS="448" VPOS="765" WIDTH="121" HEIGHT="20" WC="0.93" CONTENT="nuvarande"/><SP WIDTH="20" VPOS="765" HPOS="569"/>
							<String ID="string_209" HPOS="589" VPOS="764" WIDTH="106" HEIGHT="27" WC="0.92" CONTENT="landtdag,"/><SP WIDTH="20" VPOS="764" HPOS="695"/>
							<String ID="string_210" HPOS="715" VPOS="764" WIDTH="37" HEIGHT="21" WC="0.96" CONTENT="där"/><SP WIDTH="21" VPOS="764" HPOS="752"/>
							<String ID="string_211" HPOS="773" VPOS="764" WIDTH="34" HEIGHT="21" WC="0.96" CONTENT="det"/><SP WIDTH="16" VPOS="764" HPOS="807"/>
							<String ID="string_212" HPOS="823" VPOS="763" WIDTH="52" HEIGHT="22" WC="0.95" CONTENT="talas"/><SP WIDTH="16" VPOS="763" HPOS="875"/>
							<String ID="string_213" HPOS="891" VPOS="770" WIDTH="34" HEIGHT="14" WC="0.94" CONTENT="om"/>
						</TextLine>
						<TextLine ID="line_22" HPOS="106" VPOS="792" WIDTH="819" HEIGHT="28">
							<String ID="string_214" HPOS="106" VPOS="792" WIDTH="182" HEIGHT="28" WC="0.95" CONTENT="nödvändigheten"/><SP WIDTH="16" VPOS="792" HPOS="288"/>
							<String ID="string_215" HPOS="304" VPOS="793" WIDTH="22" HEIGHT="21" WC="0.95" CONTENT="af"/><SP WIDTH="14" VPOS="793" HPOS="326"/>
							<String ID="string_216" HPOS="340" VPOS="795" WIDTH="30" HEIGHT="19" WC="0.96" CONTENT="att"/><SP WIDTH="22" VPOS="795" HPOS="370"/>
							<String ID="string_217" HPOS="392" VPOS="793" WIDTH="97" HEIGHT="21" WC="0.96" CONTENT="förändra"/><SP WIDTH="23" VPOS="793" HPOS="489"/>
							<String ID="string_218" HPOS="512" VPOS="793" WIDTH="160" HEIGHT="27" WC="0.96" CONTENT="bestämningen"/><SP WIDTH="15" VPOS="793" HPOS="672"/>
							<String ID="string_219" HPOS="687" VPOS="799" WIDTH="33" HEIGHT="14" WC="0.88" CONTENT="om"/><SP WIDTH="17" VPOS="799" HPOS="720"/>
							<String ID="string_220" HPOS="737" VPOS="792" WIDTH="188" HEIGHT="28" WC="0.88" CONTENT="kontrollmyndig-"/>
						</TextLine>
						<TextLine ID="line_23" HPOS="105" VPOS="821" WIDTH="820" HEIGHT="27">
							<String ID="string_221" HPOS="105" VPOS="822" WIDTH="70" HEIGHT="26" WC="0.96" CONTENT="heten,"/><SP WIDTH="20" VPOS="822" HPOS="175"/>
							<String ID="string_222" HPOS="195" VPOS="822" WIDTH="37" HEIGHT="26" WC="0.96" CONTENT="går"/><SP WIDTH="15" VPOS="822" HPOS="232"/>
							<String ID="string_223" HPOS="247" VPOS="822" WIDTH="6" HEIGHT="20" WC="0.96" CONTENT="i"/><SP WIDTH="15" VPOS="822" HPOS="253"/>
							<String ID="string_224" HPOS="268" VPOS="824" WIDTH="85" HEIGHT="18" WC="0.96" CONTENT="motsatt"/><SP WIDTH="15" VPOS="824" HPOS="353"/>
							<String ID="string_225" HPOS="368" VPOS="822" WIDTH="97" HEIGHT="26" WC="0.93" CONTENT="riktning."/><SP WIDTH="30" VPOS="822" HPOS="465"/>
							<String ID="string_226" HPOS="495" VPOS="821" WIDTH="49" HEIGHT="21" WC="0.96" CONTENT="Men"/><SP WIDTH="16" VPOS="821" HPOS="544"/>
							<String ID="string_227" HPOS="560" VPOS="822" WIDTH="68" HEIGHT="20" WC="0.92" CONTENT="såsom"/><SP WIDTH="16" VPOS="822" HPOS="628"/>
							<String ID="string_228" HPOS="644" VPOS="821" WIDTH="66" HEIGHT="27" WC="0.91" CONTENT="sagdt,"/><SP WIDTH="15" VPOS="821" HPOS="710"/>
							<String ID="string_229" HPOS="725" VPOS="822" WIDTH="69" HEIGHT="20" WC="0.91" CONTENT="denna"/><SP WIDTH="15" VPOS="822" HPOS="794"/>
							<String ID="string_230" HPOS="809" VPOS="822" WIDTH="116" HEIGHT="26" WC="0.91" CONTENT="tolknings-"/>
						</TextLine>
						<TextLine ID="line_24" HPOS="104" VPOS="850" WIDTH="821" HEIGHT="27">
							<String ID="string_231" HPOS="104" VPOS="850" WIDTH="59" HEIGHT="26" WC="0.93" CONTENT="fråga"/><SP WIDTH="23" VPOS="850" HPOS="163"/>
							<String ID="string_232" HPOS="186" VPOS="850" WIDTH="98" HEIGHT="20" WC="0.93" CONTENT="invärkar"/><SP WIDTH="22" VPOS="850" HPOS="284"/>
							<String ID="string_233" HPOS="306" VPOS="850" WIDTH="46" HEIGHT="21" WC="0.96" CONTENT="icke"/><SP WIDTH="23" VPOS="850" HPOS="352"/>
							<String ID="string_234" HPOS="375" VPOS="850" WIDTH="26" HEIGHT="27" WC="0.96" CONTENT="på"/><SP WIDTH="14" VPOS="850" HPOS="401"/>
							<String ID="string_235" HPOS="415" VPOS="850" WIDTH="74" HEIGHT="26" WC="0.96" CONTENT="frågan"/><SP WIDTH="16" VPOS="850" HPOS="489"/>
							<String ID="string_236" HPOS="505" VPOS="857" WIDTH="32" HEIGHT="13" WC="0.93" CONTENT="om"/><SP WIDTH="17" VPOS="857" HPOS="537"/>
							<String ID="string_237" HPOS="554" VPOS="850" WIDTH="140" HEIGHT="21" WC="0.91" CONTENT="bedömandet"/><SP WIDTH="15" VPOS="850" HPOS="694"/>
							<String ID="string_238" HPOS="709" VPOS="850" WIDTH="21" HEIGHT="20" WC="0.96" CONTENT="af"/><SP WIDTH="14" VPOS="850" HPOS="730"/>
							<String ID="string_239" HPOS="744" VPOS="850" WIDTH="26" HEIGHT="21" WC="0.96" CONTENT="de"/><SP WIDTH="16" VPOS="850" HPOS="770"/>
							<String ID="string_240" HPOS="786" VPOS="850" WIDTH="97" HEIGHT="27" WC="0.96" CONTENT="grunder,"/><SP WIDTH="16" VPOS="850" HPOS="883"/>
							<String ID="string_241" HPOS="899" VPOS="850" WIDTH="26" HEIGHT="26" WC="0.96" CONTENT="på"/>
						</TextLine>
						<TextLine ID="line_25" HPOS="106" VPOS="878" WIDTH="820" HEIGHT="28">
							<String ID="string_242" HPOS="106" VPOS="879" WIDTH="70" HEIGHT="20" WC="0.95" CONTENT="hvilka"/><SP WIDTH="17" VPOS="879" HPOS="176"/>
							<String ID="string_243" HPOS="193" VPOS="879" WIDTH="110" HEIGHT="20" WC="0.93" CONTENT="utskottets"/><SP WIDTH="22" VPOS="879" HPOS="303"/>
							<String ID="string_244" HPOS="325" VPOS="878" WIDTH="293" HEIGHT="27" WC="0.91" CONTENT="sammanjämkningsförslag"/><SP WIDTH="16" VPOS="878" HPOS="618"/>
							<String ID="string_245" HPOS="634" VPOS="880" WIDTH="22" HEIGHT="19" WC="0.93" CONTENT="är"/><SP WIDTH="16" VPOS="880" HPOS="656"/>
							<String ID="string_246" HPOS="672" VPOS="879" WIDTH="117" HEIGHT="27" WC="0.90" CONTENT="uppgjordt."/><SP WIDTH="30" VPOS="879" HPOS="789"/>
							<String ID="string_247" HPOS="819" VPOS="878" WIDTH="107" HEIGHT="21" WC="0.95" CONTENT="Utskottet"/>
						</TextLine>
						<TextLine ID="line_26" HPOS="106" VPOS="907" WIDTH="773" HEIGHT="27">
							<String ID="string_248" HPOS="106" VPOS="908" WIDTH="38" HEIGHT="20" WC="0.96" CONTENT="har"/><SP WIDTH="15" VPOS="908" HPOS="144"/>
							<String ID="string_249" HPOS="159" VPOS="907" WIDTH="44" HEIGHT="21" WC="0.96" CONTENT="helt"/><SP WIDTH="15" VPOS="907" HPOS="203"/>
							<String ID="string_250" HPOS="218" VPOS="908" WIDTH="70" HEIGHT="20" WC="0.96" CONTENT="enkelt"/><SP WIDTH="16" VPOS="908" HPOS="288"/>
							<String ID="string_251" HPOS="304" VPOS="907" WIDTH="55" HEIGHT="21" WC="0.96" CONTENT="velat"/><SP WIDTH="15" VPOS="907" HPOS="359"/>
							<String ID="string_252" HPOS="374" VPOS="907" WIDTH="61" HEIGHT="21" WC="0.95" CONTENT="ställa"/><SP WIDTH="15" VPOS="907" HPOS="435"/>
							<String ID="string_253" HPOS="450" VPOS="907" WIDTH="57" HEIGHT="21" WC="0.96" CONTENT="detta"/><SP WIDTH="15" VPOS="907" HPOS="507"/>
							<String ID="string_254" HPOS="522" VPOS="907" WIDTH="25" HEIGHT="27" WC="0.96" CONTENT="på"/><SP WIDTH="15" VPOS="907" HPOS="547"/>
							<String ID="string_255" HPOS="562" VPOS="907" WIDTH="95" HEIGHT="27" WC="0.96" CONTENT="grunden"/><SP WIDTH="17" VPOS="907" HPOS="657"/>
							<String ID="string_256" HPOS="674" VPOS="907" WIDTH="22" HEIGHT="20" WC="0.95" CONTENT="af"/><SP WIDTH="14" VPOS="907" HPOS="696"/>
							<String ID="string_257" HPOS="710" VPOS="907" WIDTH="35" HEIGHT="21" WC="0.96" CONTENT="det"/><SP WIDTH="16" VPOS="907" HPOS="745"/>
							<String ID="string_258" HPOS="761" VPOS="907" WIDTH="118" HEIGHT="21" WC="0.96" CONTENT="bestående."/>
						</TextLine>
					</TextBlock>
				</ComposedBlock>
				<ComposedBlock ID="cblock_3" HPOS="105" VPOS="963" WIDTH="822" HEIGHT="422">
					<TextBlock ID="block_2" HPOS="105" VPOS="963" WIDTH="822" HEIGHT="422">
						<TextLine ID="line_27" HPOS="174" VPOS="963" WIDTH="752" HEIGHT="27">
							<String ID="string_259" HPOS="174" VPOS="964" WIDTH="33" HEIGHT="20" WC="0.93" CONTENT="Hr"/><SP WIDTH="14" VPOS="964" HPOS="207"/>
							<String ID="string_260" HPOS="221" VPOS="964" WIDTH="110" HEIGHT="20" WC="0.90" CONTENT="Heikel:"/><SP WIDTH="31" VPOS="964" HPOS="331"/>
							<String ID="string_261" HPOS="362" VPOS="963" WIDTH="10" HEIGHT="21" WC="0.89" CONTENT="I"/><SP WIDTH="16" VPOS="963" HPOS="372"/>
							<String ID="string_262" HPOS="388" VPOS="964" WIDTH="114" HEIGHT="26" WC="0.96" CONTENT="anledning"/><SP WIDTH="15" VPOS="964" HPOS="502"/>
							<String ID="string_263" HPOS="517" VPOS="964" WIDTH="21" HEIGHT="20" WC="0.96" CONTENT="af"/><SP WIDTH="15" VPOS="964" HPOS="538"/>
							<String ID="string_264" HPOS="553" VPOS="964" WIDTH="40" HEIGHT="20" WC="0.96" CONTENT="den"/><SP WIDTH="15" VPOS="964" HPOS="593"/>
							<String ID="string_265" HPOS="608" VPOS="964" WIDTH="22" HEIGHT="20" WC="0.96" CONTENT="af"/><SP WIDTH="15" VPOS="964" HPOS="630"/>
							<String ID="string_266" HPOS="645" VPOS="964" WIDTH="24" HEIGHT="20" WC="0.93" CONTENT="hr"/><SP WIDTH="15" VPOS="964" HPOS="669"/>
							<String ID="string_267" HPOS="684" VPOS="963" WIDTH="96" HEIGHT="21" WC="0.88" CONTENT="Stenroth"/><SP WIDTH="17" VPOS="963" HPOS="780"/>
							<String ID="string_268" HPOS="797" VPOS="964" WIDTH="73" HEIGHT="20" WC="0.91" CONTENT="väckta"/><SP WIDTH="15" VPOS="964" HPOS="870"/>
							<String ID="string_269" HPOS="885" VPOS="963" WIDTH="41" HEIGHT="21" WC="0.91" CONTENT="frå-"/>
						</TextLine>
						<TextLine ID="line_28" HPOS="105" VPOS="992" WIDTH="822" HEIGHT="28">
							<String ID="string_270" HPOS="105" VPOS="999" WIDTH="41" HEIGHT="21" WC="0.93" CONTENT="gan"/><SP WIDTH="17" VPOS="999" HPOS="146"/>
							<String ID="string_271" HPOS="163" VPOS="992" WIDTH="42" HEIGHT="21" WC="0.92" CONTENT="kan"/><SP WIDTH="14" VPOS="992" HPOS="205"/>
							<String ID="string_272" HPOS="219" VPOS="993" WIDTH="35" HEIGHT="26" WC="0.89" CONTENT="iag"/><SP WIDTH="14" VPOS="993" HPOS="254"/>
							<String ID="string_273" HPOS="268" VPOS="992" WIDTH="46" HEIGHT="21" WC="0.96" CONTENT="icke"/><SP WIDTH="16" VPOS="992" HPOS="314"/>
							<String ID="string_274" HPOS="330" VPOS="992" WIDTH="109" HEIGHT="21" WC="0.96" CONTENT="underlåta"/><SP WIDTH="16" VPOS="992" HPOS="439"/>
							<String ID="string_275" HPOS="455" VPOS="994" WIDTH="29" HEIGHT="19" WC="0.96" CONTENT="att"/><SP WIDTH="16" VPOS="994" HPOS="484"/>
							<String ID="string_276" HPOS="500" VPOS="995" WIDTH="54" HEIGHT="24" WC="0.96" CONTENT="yttra"/><SP WIDTH="16" VPOS="995" HPOS="554"/>
							<String ID="string_277" HPOS="570" VPOS="992" WIDTH="64" HEIGHT="27" WC="0.96" CONTENT="några"/><SP WIDTH="16" VPOS="992" HPOS="634"/>
							<String ID="string_278" HPOS="650" VPOS="992" WIDTH="43" HEIGHT="20" WC="0.94" CONTENT="ord."/><SP WIDTH="24" VPOS="992" HPOS="693"/>
							<String ID="string_279" HPOS="717" VPOS="992" WIDTH="40" HEIGHT="27" WC="0.96" CONTENT="Jag"/><SP WIDTH="16" VPOS="992" HPOS="757"/>
							<String ID="string_280" HPOS="773" VPOS="992" WIDTH="36" HEIGHT="21" WC="0.96" CONTENT="vill"/><SP WIDTH="12" VPOS="992" HPOS="809"/>
							<String ID="string_281" HPOS="821" VPOS="992" WIDTH="46" HEIGHT="21" WC="0.96" CONTENT="icke"/><SP WIDTH="10" VPOS="992" HPOS="867"/>
							<String ID="string_282" HPOS="877" VPOS="992" WIDTH="50" HEIGHT="26" WC="0.96" CONTENT="ingå"/>
						</TextLine>
						<TextLine ID="line_29" HPOS="106" VPOS="1020" WIDTH="820" HEIGHT="28">
							<String ID="string_283" HPOS="106" VPOS="1021" WIDTH="26" HEIGHT="27" WC="0.95" CONTENT="på"/><SP WIDTH="15" VPOS="1021" HPOS="132"/>
							<String ID="string_284" HPOS="147" VPOS="1021" WIDTH="96" HEIGHT="27" WC="0.95" CONTENT="tolkning"/><SP WIDTH="21" VPOS="1021" HPOS="243"/>
							<String ID="string_285" HPOS="264" VPOS="1021" WIDTH="22" HEIGHT="21" WC="0.96" CONTENT="af"/><SP WIDTH="21" VPOS="1021" HPOS="286"/>
							<String ID="string_286" HPOS="307" VPOS="1020" WIDTH="57" HEIGHT="22" WC="0.93" CONTENT="äldre"/><SP WIDTH="16" VPOS="1020" HPOS="364"/>
							<String ID="string_287" HPOS="380" VPOS="1020" WIDTH="164" HEIGHT="27" WC="0.91" CONTENT="lagstadganden"/><SP WIDTH="16" VPOS="1020" HPOS="544"/>
							<String ID="string_288" HPOS="560" VPOS="1021" WIDTH="40" HEIGHT="21" WC="0.96" CONTENT="och"/><SP WIDTH="14" VPOS="1021" HPOS="600"/>
							<String ID="string_289" HPOS="614" VPOS="1020" WIDTH="88" HEIGHT="26" WC="0.93" CONTENT="tidigare"/><SP WIDTH="17" VPOS="1020" HPOS="702"/>
							<String ID="string_290" HPOS="719" VPOS="1020" WIDTH="207" HEIGHT="27" WC="0.91" CONTENT="landtdagshandlin-"/>
						</TextLine>
						<TextLine ID="line_30" HPOS="105" VPOS="1049" WIDTH="822" HEIGHT="28">
							<String ID="string_291" HPOS="105" VPOS="1057" WIDTH="44" HEIGHT="20" WC="0.93" CONTENT="gar,"/><SP WIDTH="16" VPOS="1057" HPOS="149"/>
							<String ID="string_292" HPOS="165" VPOS="1050" WIDTH="54" HEIGHT="20" WC="0.92" CONTENT="hälst"/><SP WIDTH="14" VPOS="1050" HPOS="219"/>
							<String ID="string_293" HPOS="233" VPOS="1050" WIDTH="35" HEIGHT="27" WC="0.96" CONTENT="jag"/><SP WIDTH="14" VPOS="1050" HPOS="268"/>
							<String ID="string_294" HPOS="282" VPOS="1050" WIDTH="46" HEIGHT="21" WC="0.96" CONTENT="icke"/><SP WIDTH="16" VPOS="1050" HPOS="328"/>
							<String ID="string_295" HPOS="344" VPOS="1050" WIDTH="38" HEIGHT="20" WC="0.96" CONTENT="har"/><SP WIDTH="14" VPOS="1050" HPOS="382"/>
							<String ID="string_296" HPOS="396" VPOS="1050" WIDTH="47" HEIGHT="20" WC="0.96" CONTENT="dem"/><SP WIDTH="16" VPOS="1050" HPOS="443"/>
							<String ID="string_297" HPOS="459" VPOS="1049" WIDTH="31" HEIGHT="21" WC="0.96" CONTENT="till"/><SP WIDTH="16" VPOS="1049" HPOS="490"/>
							<String ID="string_298" HPOS="506" VPOS="1050" WIDTH="66" HEIGHT="20" WC="0.96" CONTENT="hands"/><SP WIDTH="16" VPOS="1050" HPOS="572"/>
							<String ID="string_299" HPOS="588" VPOS="1050" WIDTH="37" HEIGHT="20" WC="0.96" CONTENT="och"/><SP WIDTH="17" VPOS="1050" HPOS="625"/>
							<String ID="string_300" HPOS="642" VPOS="1049" WIDTH="38" HEIGHT="21" WC="0.96" CONTENT="alls"/><SP WIDTH="15" VPOS="1049" HPOS="680"/>
							<String ID="string_301" HPOS="695" VPOS="1049" WIDTH="46" HEIGHT="21" WC="0.96" CONTENT="icke"/><SP WIDTH="16" VPOS="1049" HPOS="741"/>
							<String ID="string_302" HPOS="757" VPOS="1056" WIDTH="36" HEIGHT="14" WC="0.96" CONTENT="var"/><SP WIDTH="16" VPOS="1056" HPOS="793"/>
							<String ID="string_303" HPOS="809" VPOS="1049" WIDTH="77" HEIGHT="21" WC="0.96" CONTENT="beredd"/><SP WIDTH="11" VPOS="1049" HPOS="886"/>
							<String ID="string_304" HPOS="897" VPOS="1051" WIDTH="30" HEIGHT="19" WC="0.96" CONTENT="att"/>
						</TextLine>
						<TextLine ID="line_31" HPOS="106" VPOS="1078" WIDTH="820" HEIGHT="27">
							<String ID="string_305" HPOS="106" VPOS="1079" WIDTH="70" HEIGHT="20" WC="0.96" CONTENT="denna"/><SP WIDTH="16" VPOS="1079" HPOS="176"/>
							<String ID="string_306" HPOS="192" VPOS="1078" WIDTH="57" HEIGHT="27" WC="0.96" CONTENT="fråga"/><SP WIDTH="16" VPOS="1078" HPOS="249"/>
							<String ID="string_307" HPOS="265" VPOS="1085" WIDTH="29" HEIGHT="14" WC="0.96" CONTENT="nu"/><SP WIDTH="15" VPOS="1085" HPOS="294"/>
							<String ID="string_308" HPOS="309" VPOS="1078" WIDTH="69" HEIGHT="21" WC="0.96" CONTENT="skulle"/><SP WIDTH="15" VPOS="1078" HPOS="378"/>
							<String ID="string_309" HPOS="393" VPOS="1078" WIDTH="85" HEIGHT="21" WC="0.96" CONTENT="komma"/><SP WIDTH="14" VPOS="1078" HPOS="478"/>
							<String ID="string_310" HPOS="492" VPOS="1078" WIDTH="31" HEIGHT="20" WC="0.95" CONTENT="till"/><SP WIDTH="15" VPOS="1078" HPOS="523"/>
							<String ID="string_311" HPOS="538" VPOS="1079" WIDTH="45" HEIGHT="20" WC="0.91" CONTENT="tals."/><SP WIDTH="31" VPOS="1079" HPOS="583"/>
							<String ID="string_312" HPOS="614" VPOS="1078" WIDTH="48" HEIGHT="21" WC="0.96" CONTENT="Men"/><SP WIDTH="16" VPOS="1078" HPOS="662"/>
							<String ID="string_313" HPOS="678" VPOS="1078" WIDTH="35" HEIGHT="26" WC="0.96" CONTENT="jag"/><SP WIDTH="15" VPOS="1078" HPOS="713"/>
							<String ID="string_314" HPOS="728" VPOS="1078" WIDTH="37" HEIGHT="20" WC="0.96" CONTENT="vill"/><SP WIDTH="16" VPOS="1078" HPOS="765"/>
							<String ID="string_315" HPOS="781" VPOS="1078" WIDTH="52" HEIGHT="21" WC="0.96" CONTENT="blott"/><SP WIDTH="13" VPOS="1078" HPOS="833"/>
							<String ID="string_316" HPOS="846" VPOS="1078" WIDTH="80" HEIGHT="27" WC="0.96" CONTENT="påpeka"/>
						</TextLine>
						<TextLine ID="line_32" HPOS="105" VPOS="1106" WIDTH="822" HEIGHT="28">
							<String ID="string_317" HPOS="105" VPOS="1110" WIDTH="32" HEIGHT="18" WC="0.96" CONTENT="att"/><SP WIDTH="22" VPOS="1110" HPOS="137"/>
							<String ID="string_318" HPOS="159" VPOS="1107" WIDTH="34" HEIGHT="21" WC="0.96" CONTENT="vid"/><SP WIDTH="24" VPOS="1107" HPOS="193"/>
							<String ID="string_319" HPOS="217" VPOS="1107" WIDTH="69" HEIGHT="21" WC="0.93" CONTENT="denna"/><SP WIDTH="22" VPOS="1107" HPOS="286"/>
							<String ID="string_320" HPOS="308" VPOS="1107" WIDTH="100" HEIGHT="27" WC="0.91" CONTENT="landtdag"/><SP WIDTH="22" VPOS="1107" HPOS="408"/>
							<String ID="string_321" HPOS="430" VPOS="1109" WIDTH="78" HEIGHT="19" WC="0.96" CONTENT="tvänne"/><SP WIDTH="22" VPOS="1109" HPOS="508"/>
							<String ID="string_322" HPOS="530" VPOS="1106" WIDTH="60" HEIGHT="22" WC="0.96" CONTENT="stånd"/><SP WIDTH="19" VPOS="1106" HPOS="590"/>
							<String ID="string_323" HPOS="609" VPOS="1106" WIDTH="104" HEIGHT="22" WC="0.96" CONTENT="bestämdt"/><SP WIDTH="15" VPOS="1106" HPOS="713"/>
							<String ID="string_324" HPOS="728" VPOS="1107" WIDTH="63" HEIGHT="21" WC="0.93" CONTENT="hafva"/><SP WIDTH="15" VPOS="1107" HPOS="791"/>
							<String ID="string_325" HPOS="806" VPOS="1107" WIDTH="74" HEIGHT="20" WC="0.95" CONTENT="uttalat"/><SP WIDTH="15" VPOS="1107" HPOS="880"/>
							<String ID="string_326" HPOS="895" VPOS="1106" WIDTH="32" HEIGHT="27" WC="0.96" CONTENT="sig"/>
						</TextLine>
						<TextLine ID="line_33" HPOS="106" VPOS="1135" WIDTH="821" HEIGHT="27">
							<String ID="string_327" HPOS="106" VPOS="1138" WIDTH="45" HEIGHT="18" WC="0.96" CONTENT="mot"/><SP WIDTH="15" VPOS="1138" HPOS="151"/>
							<String ID="string_328" HPOS="166" VPOS="1142" WIDTH="25" HEIGHT="14" WC="0.96" CONTENT="en"/><SP WIDTH="16" VPOS="1142" HPOS="191"/>
							<String ID="string_329" HPOS="207" VPOS="1142" WIDTH="122" HEIGHT="20" WC="0.93" CONTENT="gemensam"/><SP WIDTH="16" VPOS="1142" HPOS="329"/>
							<String ID="string_330" HPOS="345" VPOS="1136" WIDTH="163" HEIGHT="26" WC="0.92" CONTENT="bankinspektör"/><SP WIDTH="16" VPOS="1136" HPOS="508"/>
							<String ID="string_331" HPOS="524" VPOS="1136" WIDTH="38" HEIGHT="20" WC="0.96" CONTENT="och"/><SP WIDTH="11" VPOS="1136" HPOS="562"/>
							<String ID="string_332" HPOS="573" VPOS="1138" WIDTH="35" HEIGHT="23" WC="0.96" CONTENT="att,"/><SP WIDTH="11" VPOS="1138" HPOS="608"/>
							<String ID="string_333" HPOS="619" VPOS="1142" WIDTH="34" HEIGHT="14" WC="0.96" CONTENT="om"/><SP WIDTH="13" VPOS="1142" HPOS="653"/>
							<String ID="string_334" HPOS="666" VPOS="1135" WIDTH="60" HEIGHT="20" WC="0.96" CONTENT="dessa"/><SP WIDTH="13" VPOS="1135" HPOS="726"/>
							<String ID="string_335" HPOS="739" VPOS="1136" WIDTH="61" HEIGHT="20" WC="0.96" CONTENT="stånd"/><SP WIDTH="11" VPOS="1136" HPOS="800"/>
							<String ID="string_336" HPOS="811" VPOS="1135" WIDTH="34" HEIGHT="21" WC="0.96" CONTENT="vid"/><SP WIDTH="12" VPOS="1135" HPOS="845"/>
							<String ID="string_337" HPOS="857" VPOS="1136" WIDTH="70" HEIGHT="20" WC="0.96" CONTENT="denna"/>
						</TextLine>
						<TextLine ID="line_34" HPOS="107" VPOS="1163" WIDTH="820" HEIGHT="27">
							<String ID="string_338" HPOS="107" VPOS="1164" WIDTH="100" HEIGHT="26" WC="0.91" CONTENT="landtdag"/><SP WIDTH="22" VPOS="1164" HPOS="207"/>
							<String ID="string_339" HPOS="229" VPOS="1165" WIDTH="79" HEIGHT="25" WC="0.96" CONTENT="antagit"/><SP WIDTH="18" VPOS="1165" HPOS="308"/>
							<String ID="string_340" HPOS="326" VPOS="1164" WIDTH="112" HEIGHT="21" WC="0.93" CONTENT="utskottets"/><SP WIDTH="15" VPOS="1164" HPOS="438"/>
							<String ID="string_341" HPOS="453" VPOS="1163" WIDTH="298" HEIGHT="27" WC="0.89" CONTENT="sammanjämkningsförslag,"/><SP WIDTH="16" VPOS="1163" HPOS="751"/>
							<String ID="string_342" HPOS="767" VPOS="1164" WIDTH="35" HEIGHT="20" WC="0.92" CONTENT="det"/><SP WIDTH="15" VPOS="1164" HPOS="802"/>
							<String ID="string_343" HPOS="817" VPOS="1164" WIDTH="110" HEIGHT="26" WC="0.90" CONTENT="naturligt-"/>
						</TextLine>
						<TextLine ID="line_35" HPOS="107" VPOS="1192" WIDTH="819" HEIGHT="26">
							<String ID="string_344" HPOS="107" VPOS="1192" WIDTH="32" HEIGHT="21" WC="0.96" CONTENT="vis"/><SP WIDTH="22" VPOS="1192" HPOS="139"/>
							<String ID="string_345" HPOS="161" VPOS="1193" WIDTH="54" HEIGHT="20" WC="0.96" CONTENT="skett"/><SP WIDTH="20" VPOS="1193" HPOS="215"/>
							<String ID="string_346" HPOS="235" VPOS="1193" WIDTH="74" HEIGHT="20" WC="0.96" CONTENT="endast"/><SP WIDTH="23" VPOS="1193" HPOS="309"/>
							<String ID="string_347" HPOS="332" VPOS="1192" WIDTH="66" HEIGHT="21" WC="0.96" CONTENT="under"/><SP WIDTH="23" VPOS="1192" HPOS="398"/>
							<String ID="string_348" HPOS="421" VPOS="1192" WIDTH="41" HEIGHT="20" WC="0.94" CONTENT="den"/><SP WIDTH="23" VPOS="1192" HPOS="462"/>
							<String ID="string_349" HPOS="485" VPOS="1192" WIDTH="148" HEIGHT="26" WC="0.94" CONTENT="förutsättning"/><SP WIDTH="15" VPOS="1192" HPOS="633"/>
							<String ID="string_350" HPOS="648" VPOS="1195" WIDTH="30" HEIGHT="17" WC="0.96" CONTENT="att"/><SP WIDTH="16" VPOS="1195" HPOS="678"/>
							<String ID="string_351" HPOS="694" VPOS="1192" WIDTH="25" HEIGHT="21" WC="0.93" CONTENT="de"/><SP WIDTH="15" VPOS="1192" HPOS="719"/>
							<String ID="string_352" HPOS="734" VPOS="1192" WIDTH="80" HEIGHT="21" WC="0.91" CONTENT="härtills"/><SP WIDTH="15" VPOS="1192" HPOS="814"/>
							<String ID="string_353" HPOS="829" VPOS="1192" WIDTH="97" HEIGHT="26" WC="0.96" CONTENT="gällande"/>
						</TextLine>
						<TextLine ID="line_36" HPOS="105" VPOS="1220" WIDTH="821" HEIGHT="28">
							<String ID="string_354" HPOS="105" VPOS="1221" WIDTH="151" HEIGHT="27" WC="0.91" CONTENT="stadgandena,"/><SP WIDTH="16" VPOS="1221" HPOS="256"/>
							<String ID="string_355" HPOS="272" VPOS="1221" WIDTH="70" HEIGHT="20" WC="0.96" CONTENT="hvilka"/><SP WIDTH="16" VPOS="1221" HPOS="342"/>
							<String ID="string_356" HPOS="358" VPOS="1228" WIDTH="29" HEIGHT="13" WC="0.96" CONTENT="nu"/><SP WIDTH="16" VPOS="1228" HPOS="387"/>
							<String ID="string_357" HPOS="403" VPOS="1220" WIDTH="128" HEIGHT="24" WC="0.96" CONTENT="återinföras,"/><SP WIDTH="16" VPOS="1220" HPOS="531"/>
							<String ID="string_358" HPOS="547" VPOS="1221" WIDTH="67" HEIGHT="20" WC="0.96" CONTENT="tolkas"/><SP WIDTH="15" VPOS="1221" HPOS="614"/>
							<String ID="string_359" HPOS="629" VPOS="1220" WIDTH="27" HEIGHT="27" WC="0.96" CONTENT="på"/><SP WIDTH="14" VPOS="1220" HPOS="656"/>
							<String ID="string_360" HPOS="670" VPOS="1226" WIDTH="80" HEIGHT="15" WC="0.95" CONTENT="samma"/><SP WIDTH="15" VPOS="1226" HPOS="750"/>
							<String ID="string_361" HPOS="765" VPOS="1223" WIDTH="40" HEIGHT="18" WC="0.95" CONTENT="sätt"/><SP WIDTH="15" VPOS="1223" HPOS="805"/>
							<String ID="string_362" HPOS="820" VPOS="1227" WIDTH="45" HEIGHT="14" WC="0.93" CONTENT="som"/><SP WIDTH="15" VPOS="1227" HPOS="865"/>
							<String ID="string_363" HPOS="880" VPOS="1221" WIDTH="46" HEIGHT="20" WC="0.91" CONTENT="här-"/>
						</TextLine>
						<TextLine ID="line_37" HPOS="106" VPOS="1248" WIDTH="821" HEIGHT="28">
							<String ID="string_364" HPOS="106" VPOS="1249" WIDTH="72" HEIGHT="22" WC="0.91" CONTENT="intills,"/><SP WIDTH="16" VPOS="1249" HPOS="178"/>
							<String ID="string_365" HPOS="194" VPOS="1250" WIDTH="18" HEIGHT="20" WC="0.93" CONTENT="d."/><SP WIDTH="17" VPOS="1250" HPOS="212"/>
							<String ID="string_366" HPOS="229" VPOS="1256" WIDTH="17" HEIGHT="13" WC="0.96" CONTENT="v."/><SP WIDTH="16" VPOS="1256" HPOS="246"/>
							<String ID="string_367" HPOS="262" VPOS="1256" WIDTH="15" HEIGHT="14" WC="0.96" CONTENT="s."/><SP WIDTH="16" VPOS="1256" HPOS="277"/>
							<String ID="string_368" HPOS="293" VPOS="1252" WIDTH="30" HEIGHT="18" WC="0.96" CONTENT="att"/><SP WIDTH="14" VPOS="1252" HPOS="323"/>
							<String ID="string_369" HPOS="337" VPOS="1250" WIDTH="123" HEIGHT="26" WC="0.96" CONTENT="regeringen"/><SP WIDTH="23" VPOS="1250" HPOS="460"/>
							<String ID="string_370" HPOS="483" VPOS="1249" WIDTH="33" HEIGHT="20" WC="0.96" CONTENT="för"/><SP WIDTH="17" VPOS="1249" HPOS="516"/>
							<String ID="string_371" HPOS="533" VPOS="1250" WIDTH="72" HEIGHT="26" WC="0.95" CONTENT="hvarje"/><SP WIDTH="23" VPOS="1250" HPOS="605"/>
							<String ID="string_372" HPOS="628" VPOS="1248" WIDTH="55" HEIGHT="21" WC="0.96" CONTENT="bank"/><SP WIDTH="24" VPOS="1248" HPOS="683"/>
							<String ID="string_373" HPOS="707" VPOS="1251" WIDTH="56" HEIGHT="19" WC="0.96" CONTENT="utser"/><SP WIDTH="20" VPOS="1251" HPOS="763"/>
							<String ID="string_374" HPOS="783" VPOS="1251" WIDTH="29" HEIGHT="19" WC="0.96" CONTENT="ett"/><SP WIDTH="17" VPOS="1251" HPOS="812"/>
							<String ID="string_375" HPOS="829" VPOS="1248" WIDTH="98" HEIGHT="21" WC="0.96" CONTENT="särskildt"/>
						</TextLine>
						<TextLine ID="line_38" HPOS="106" VPOS="1277" WIDTH="820" HEIGHT="27">
							<String ID="string_376" HPOS="106" VPOS="1277" WIDTH="85" HEIGHT="21" WC="0.96" CONTENT="ombud."/><SP WIDTH="30" VPOS="1277" HPOS="191"/>
							<String ID="string_377" HPOS="221" VPOS="1277" WIDTH="63" HEIGHT="21" WC="0.96" CONTENT="Detta"/><SP WIDTH="14" VPOS="1277" HPOS="284"/>
							<String ID="string_378" HPOS="298" VPOS="1284" WIDTH="63" HEIGHT="14" WC="0.96" CONTENT="anser"/><SP WIDTH="13" VPOS="1284" HPOS="361"/>
							<String ID="string_379" HPOS="374" VPOS="1278" WIDTH="36" HEIGHT="26" WC="0.96" CONTENT="jag"/><SP WIDTH="14" VPOS="1278" HPOS="410"/>
							<String ID="string_380" HPOS="424" VPOS="1278" WIDTH="62" HEIGHT="20" WC="0.96" CONTENT="äfven"/><SP WIDTH="16" VPOS="1278" HPOS="486"/>
							<String ID="string_381" HPOS="502" VPOS="1277" WIDTH="55" HEIGHT="27" WC="0.96" CONTENT="ligga"/><SP WIDTH="15" VPOS="1277" HPOS="557"/>
							<String ID="string_382" HPOS="572" VPOS="1278" WIDTH="7" HEIGHT="20" WC="0.96" CONTENT="i"/><SP WIDTH="15" VPOS="1278" HPOS="579"/>
							<String ID="string_383" HPOS="594" VPOS="1278" WIDTH="76" HEIGHT="20" WC="0.96" CONTENT="sakens"/><SP WIDTH="16" VPOS="1278" HPOS="670"/>
							<String ID="string_384" HPOS="686" VPOS="1280" WIDTH="61" HEIGHT="18" WC="0.96" CONTENT="natur"/><SP WIDTH="14" VPOS="1280" HPOS="747"/>
							<String ID="string_385" HPOS="761" VPOS="1278" WIDTH="49" HEIGHT="20" WC="0.96" CONTENT="med"/><SP WIDTH="16" VPOS="1278" HPOS="810"/>
							<String ID="string_386" HPOS="826" VPOS="1277" WIDTH="39" HEIGHT="21" WC="0.90" CONTENT="den"/><SP WIDTH="17" VPOS="1277" HPOS="865"/>
							<String ID="string_387" HPOS="882" VPOS="1277" WIDTH="44" HEIGHT="20" WC="0.90" CONTENT="vid-"/>
						</TextLine>
						<TextLine ID="line_39" HPOS="105" VPOS="1306" WIDTH="822" HEIGHT="27">
							<String ID="string_388" HPOS="105" VPOS="1306" WIDTH="92" HEIGHT="21" WC="0.96" CONTENT="sträckta"/><SP WIDTH="23" VPOS="1306" HPOS="197"/>
							<String ID="string_389" HPOS="220" VPOS="1306" WIDTH="126" HEIGHT="27" WC="0.96" CONTENT="befogenhet"/><SP WIDTH="22" VPOS="1306" HPOS="346"/>
							<String ID="string_390" HPOS="368" VPOS="1306" WIDTH="94" HEIGHT="21" WC="0.96" CONTENT="bankens"/><SP WIDTH="20" VPOS="1306" HPOS="462"/>
							<String ID="string_391" HPOS="482" VPOS="1306" WIDTH="78" HEIGHT="20" WC="0.96" CONTENT="ombud"/><SP WIDTH="15" VPOS="1306" HPOS="560"/>
							<String ID="string_392" HPOS="575" VPOS="1307" WIDTH="37" HEIGHT="20" WC="0.96" CONTENT="har"/><SP WIDTH="15" VPOS="1307" HPOS="612"/>
							<String ID="string_393" HPOS="627" VPOS="1308" WIDTH="29" HEIGHT="18" WC="0.93" CONTENT="att"/><SP WIDTH="16" VPOS="1308" HPOS="656"/>
							<String ID="string_394" HPOS="672" VPOS="1306" WIDTH="108" HEIGHT="21" WC="0.91" CONTENT="öfvervara"/><SP WIDTH="30" VPOS="1306" HPOS="780"/>
							<String ID="string_395" HPOS="810" VPOS="1306" WIDTH="117" HEIGHT="26" WC="0.90" CONTENT="bankstyrel-"/>
						</TextLine>
						<TextLine ID="line_40" HPOS="105" VPOS="1334" WIDTH="822" HEIGHT="28">
							<String ID="string_396" HPOS="105" VPOS="1341" WIDTH="50" HEIGHT="15" WC="0.96" CONTENT="sens"/><SP WIDTH="16" VPOS="1341" HPOS="155"/>
							<String ID="string_397" HPOS="171" VPOS="1335" WIDTH="169" HEIGHT="21" WC="0.96" CONTENT="sammanträden"/><SP WIDTH="16" VPOS="1335" HPOS="340"/>
							<String ID="string_398" HPOS="356" VPOS="1336" WIDTH="39" HEIGHT="20" WC="0.96" CONTENT="och"/><SP WIDTH="13" VPOS="1336" HPOS="395"/>
							<String ID="string_399" HPOS="408" VPOS="1335" WIDTH="32" HEIGHT="21" WC="0.96" CONTENT="för"/><SP WIDTH="16" VPOS="1335" HPOS="440"/>
							<String ID="string_400" HPOS="456" VPOS="1334" WIDTH="62" HEIGHT="27" WC="0.95" CONTENT="öfrigt"/><SP WIDTH="11" VPOS="1334" HPOS="518"/>
							<String ID="string_401" HPOS="529" VPOS="1335" WIDTH="7" HEIGHT="20" WC="0.96" CONTENT="i"/><SP WIDTH="10" VPOS="1335" HPOS="536"/>
							<String ID="string_402" HPOS="546" VPOS="1334" WIDTH="62" HEIGHT="28" WC="0.96" CONTENT="detalj"/><SP WIDTH="16" VPOS="1334" HPOS="608"/>
							<String ID="string_403" HPOS="624" VPOS="1334" WIDTH="50" HEIGHT="27" WC="0.96" CONTENT="ingå"/><SP WIDTH="12" VPOS="1334" HPOS="674"/>
							<String ID="string_404" HPOS="686" VPOS="1335" WIDTH="7" HEIGHT="20" WC="0.96" CONTENT="i"/><SP WIDTH="11" VPOS="1335" HPOS="693"/>
							<String ID="string_405" HPOS="704" VPOS="1334" WIDTH="129" HEIGHT="28" WC="0.96" CONTENT="granskning"/><SP WIDTH="10" VPOS="1334" HPOS="833"/>
							<String ID="string_406" HPOS="843" VPOS="1334" WIDTH="21" HEIGHT="21" WC="0.93" CONTENT="af"/><SP WIDTH="13" VPOS="1334" HPOS="864"/>
							<String ID="string_407" HPOS="877" VPOS="1334" WIDTH="50" HEIGHT="21" WC="0.90" CONTENT="ban-"/>
						</TextLine>
						<TextLine ID="line_41" HPOS="107" VPOS="1364" WIDTH="207" HEIGHT="21">
							<String ID="string_408" HPOS="107" VPOS="1364" WIDTH="52" HEIGHT="21" WC="0.91" CONTENT="kens"/><SP WIDTH="17" VPOS="1364" HPOS="159"/>
							<String ID="string_409" HPOS="176" VPOS="1364" WIDTH="138" HEIGHT="21" WC="0.91" CONTENT="värksamhet."/>
						</TextLine>
					</TextBlock>
				</ComposedBlock>
				<ComposedBlock ID="cblock_4" HPOS="106" VPOS="1420" WIDTH="821" HEIGHT="83">
					<TextBlock ID="block_3" HPOS="106" VPOS="1420" WIDTH="821" HEIGHT="83">
						<TextLine ID="line_42" HPOS="175" VPOS="1420" WIDTH="751" HEIGHT="26">
							<String ID="string_410" HPOS="175" VPOS="1420" WIDTH="32" HEIGHT="20" WC="0.95" CONTENT="Hr"/><SP WIDTH="14" VPOS="1420" HPOS="207"/>
							<String ID="string_411" HPOS="221" VPOS="1420" WIDTH="135" HEIGHT="21" WC="0.95" CONTENT="Stenroth:"/><SP WIDTH="30" VPOS="1420" HPOS="356"/>
							<String ID="string_412" HPOS="386" VPOS="1421" WIDTH="85" HEIGHT="19" WC="0.95" CONTENT="Tahdon"/><SP WIDTH="25" VPOS="1421" HPOS="471"/>
							<String ID="string_413" HPOS="496" VPOS="1427" WIDTH="51" HEIGHT="13" WC="0.96" CONTENT="vaan"/><SP WIDTH="21" VPOS="1427" HPOS="547"/>
							<String ID="string_414" HPOS="568" VPOS="1421" WIDTH="36" HEIGHT="19" WC="0.93" CONTENT="hra"/><SP WIDTH="20" VPOS="1421" HPOS="604"/>
							<String ID="string_415" HPOS="624" VPOS="1421" WIDTH="99" HEIGHT="19" WC="0.91" CONTENT="Heikelin"/><SP WIDTH="24" VPOS="1421" HPOS="723"/>
							<String ID="string_416" HPOS="747" VPOS="1421" WIDTH="119" HEIGHT="19" WC="0.92" CONTENT="lausunnon"/><SP WIDTH="15" VPOS="1421" HPOS="866"/>
							<String ID="string_417" HPOS="881" VPOS="1421" WIDTH="45" HEIGHT="25" WC="0.92" CONTENT="joh-"/>
						</TextLine>
						<TextLine ID="line_43" HPOS="106" VPOS="1448" WIDTH="821" HEIGHT="27">
							<String ID="string_418" HPOS="106" VPOS="1448" WIDTH="60" HEIGHT="21" WC="0.93" CONTENT="dosta"/><SP WIDTH="23" VPOS="1448" HPOS="166"/>
							<String ID="string_419" HPOS="189" VPOS="1448" WIDTH="85" HEIGHT="20" WC="0.93" CONTENT="mainita"/><SP WIDTH="22" VPOS="1448" HPOS="274"/>
							<String ID="string_420" HPOS="296" VPOS="1450" WIDTH="40" HEIGHT="19" WC="0.96" CONTENT="että"/><SP WIDTH="24" VPOS="1450" HPOS="336"/>
							<String ID="string_421" HPOS="360" VPOS="1448" WIDTH="72" HEIGHT="26" WC="0.96" CONTENT="näkyy"/><SP WIDTH="14" VPOS="1448" HPOS="432"/>
							<String ID="string_422" HPOS="446" VPOS="1448" WIDTH="111" HEIGHT="20" WC="0.95" CONTENT="kuitenkin"/><SP WIDTH="16" VPOS="1448" HPOS="557"/>
							<String ID="string_423" HPOS="573" VPOS="1448" WIDTH="109" HEIGHT="20" WC="0.96" CONTENT="kuuluvan"/><SP WIDTH="15" VPOS="1448" HPOS="682"/>
							<String ID="string_424" HPOS="697" VPOS="1448" WIDTH="57" HEIGHT="26" WC="0.96" CONTENT="juuri"/><SP WIDTH="15" VPOS="1448" HPOS="754"/>
							<String ID="string_425" HPOS="769" VPOS="1450" WIDTH="61" HEIGHT="18" WC="0.96" CONTENT="tähän"/><SP WIDTH="17" VPOS="1450" HPOS="830"/>
							<String ID="string_426" HPOS="847" VPOS="1448" WIDTH="80" HEIGHT="27" WC="0.96" CONTENT="asiaan,"/>
						</TextLine>
						<TextLine ID="line_44" HPOS="107" VPOS="1475" WIDTH="819" HEIGHT="28">
							<String ID="string_427" HPOS="107" VPOS="1476" WIDTH="93" HEIGHT="21" WC="0.96" CONTENT="mitenkä"/><SP WIDTH="15" VPOS="1476" HPOS="200"/>
							<String ID="string_428" HPOS="215" VPOS="1477" WIDTH="104" HEIGHT="20" WC="0.96" CONTENT="voimassa"/><SP WIDTH="15" VPOS="1477" HPOS="319"/>
							<String ID="string_429" HPOS="334" VPOS="1476" WIDTH="60" HEIGHT="21" WC="0.93" CONTENT="oleva"/><SP WIDTH="16" VPOS="1476" HPOS="394"/>
							<String ID="string_430" HPOS="410" VPOS="1476" WIDTH="121" HEIGHT="27" WC="0.92" CONTENT="pankkilaki"/><SP WIDTH="15" VPOS="1476" HPOS="531"/>
							<String ID="string_431" HPOS="546" VPOS="1477" WIDTH="55" HEIGHT="20" WC="0.96" CONTENT="tässä"/><SP WIDTH="15" VPOS="1477" HPOS="601"/>
							<String ID="string_432" HPOS="616" VPOS="1476" WIDTH="108" HEIGHT="21" WC="0.96" CONTENT="suhteessa"/><SP WIDTH="15" VPOS="1476" HPOS="724"/>
							<String ID="string_433" HPOS="739" VPOS="1476" WIDTH="109" HEIGHT="21" WC="0.96" CONTENT="tulkitaan."/><SP WIDTH="28" VPOS="1476" HPOS="848"/>
							<String ID="string_434" HPOS="876" VPOS="1475" WIDTH="50" HEIGHT="22" WC="0.96" CONTENT="Sillä"/>
						</TextLine>
					</TextBlock>
				</ComposedBlock>
				<GraphicalElement ID="cblock_5" HPOS="798" VPOS="1078" WIDTH="4" HEIGHT="389"></GraphicalElement >
			</PrintSpace>
		</Page>
	</Layout>
</alto>
