1109 1773
102 129 26 17 22
139 128 48 21 maj.
263 127 44 18 Lån
319 127 23 18 åt
353 131 63 18 egare
429 127 22 18 af
462 127 45 18 små
517 128 170 21 jordlägenheter
697 133 25 12 m.
735 133 26 12 m.
867 121 54 22 1351

101 203 59 15 mera
174 197 62 28 följer
251 204 80 15 samma
345 197 139 28 redogörelse,
499 204 46 14 som
559 197 8 20 i
581 197 120 21 hufvudsak
715 197 69 21 finnes
794 197 8 20 i
812 196 111 22 utskottets

102 226 139 21 betänkande.
269 225 50 22 Men
342 226 66 21 sedan
430 226 105 21 fortsätter
549 225 229 28 finansexpeditionen:
810 225 112 20 »Förutom

102 254 57 21 detta
174 260 26 14 ur
214 254 187 27 utlåningsfonden
415 254 33 21 till
462 254 100 21 bildande
577 254 22 21 af
613 253 137 22 kommunala
765 253 158 26 odlingsfonder

102 282 105 27 beviljade
229 282 74 28 anslag
317 282 22 21 af
356 282 109 27 1,600,000
487 282 60 21 mark
569 282 63 21 hafva
653 281 65 22 redan
740 281 94 28 tidigare,
857 281 67 28 enligt

102 310 73 28 nådigt
194 311 141 21 förordnande
351 299 38 33 och
405 299 206 33 statssekretariatets
627 311 32 20 för
673 309 91 22 Finland
778 310 109 21 skrifvelse
903 310 25 21 af

102 339 41 22 den
159 340 13 20 8
187 339 46 27 juni
249 339 33 27 (27
298 339 49 27 maj)
366 340 61 26 1885,
450 339 32 21 för
503 345 81 15 samma
606 338 96 21 ändamål
725 339 40 20 och
787 338 26 28 på
835 338 89 27 ungefär

102 368 111 21 enahanda
228 368 73 28 vilkor,
317 368 54 21 dock
381 352 50 48 utan
442 368 121 27 skyldighet
573 369 30 20 att
613 367 84 28 erlägga
707 369 65 26 ränta,
782 374 26 14 ur
817 367 107 21 allmänna

102 397 123 22 statsmedel
240 397 21 21 åt
275 397 215 21 landskommunerna
511 397 96 27 utgifvits
628 396 75 21 inalles
719 396 110 27 1,990,000
843 396 80 21 marks.

102 425 41 22 Det
165 425 92 22 faktiska
278 427 24 20 är
323 425 82 22 således
427 427 30 20 att
471 425 104 27 styrelsen
590 425 58 22 inom
663 425 26 21 de
704 427 83 25 senaste
802 425 56 20 elfva
873 425 51 21 åren

102 454 91 28 anslagit
202 455 33 20 för
242 453 183 28 utlåningsfonder
433 454 20 21 åt
463 454 155 21 kommunerna
627 453 47 22 icke
684 453 82 22 mindre
777 455 26 19 än
815 453 108 28 3,600,000

102 483 66 27 mark,
183 483 22 20 af
219 483 85 21 hvilken
328 489 82 15 summa
433 483 54 20 dock
505 485 96 19 närmare
617 483 26 26 1/,
658 483 74 26 miljon
747 482 115 21 tillsvidare
877 482 47 21 icke

103 511 38 22 har
162 512 63 27 tagits
239 511 8 21 i
261 511 91 28 anspråk
373 511 33 21 för
428 511 56 21 detta
507 511 104 21 ändamål.
640 511 43 21 Vid
704 510 75 22 sådant
793 510 130 21 förhållande

102 540 67 21 måste
187 540 36 27 jag
245 540 58 21 finna
325 541 36 20 det
379 539 86 22 alldeles
481 540 132 27 öfverflödigt
627 541 30 19 att
672 539 113 22 ständerna
800 539 125 28 petitionera

102 575 34 14 om
160 570 30 19 att
211 569 104 26 styrelsen
337 568 54 21 skall
413 568 87 21 fortfara
516 569 49 20 med
581 568 68 21 denna
665 568 138 21 värksamhet.
832 567 50 21 Men
897 567 27 21 då

102 597 35 28 jag
152 597 7 20 i
174 597 41 21 allo
239 597 57 21 delar
318 597 81 21 åsikten
422 603 34 15 om
472 597 35 20 det
521 597 76 27 riktiga
611 597 7 20 i
633 597 73 26 dylika
721 596 102 28 åtgärder,
838 596 37 21 ber
889 597 36 26 jag

102 625 21 22 få
138 625 129 22 understöda
282 626 25 21 hr
322 625 159 28 Schybergsons
496 625 128 22 motiverade
640 625 71 27 afslag.

170 688 34 22 Hr
217 688 143 22 Brofeldt:
390 688 11 22 I
419 688 114 28 anledning
548 688 22 21 af
584 688 25 22 hr
623 687 88 22 Heikels
725 688 98 27 yttrande
839 687 36 21 vill
889 687 36 28 jag

103 719 77 19 nämna
203 719 30 19 att
253 718 108 26 härvidlag
375 717 112 27 ingenting
501 719 86 19 stannar
602 717 101 21 utskottet
717 717 32 21 till
763 716 46 22 last.
840 716 85 21 Utskot-

103 748 40 19 tets
158 746 116 21 ledamöter
289 746 54 20 hade
359 746 41 20 den
415 752 40 14 ena
470 746 53 20 efter
537 746 42 20 den
591 745 66 21 andra
669 745 104 27 åtskilliga
783 745 79 27 gånger
872 744 54 22 varit

102 774 28 33 på
151 774 150 22 statskontoret
323 774 32 21 för
374 776 31 19 att
425 774 22 21 få
461 776 96 19 närmare
573 774 111 27 uppgifter,
698 780 49 15 men
763 773 62 22 dessa
839 773 86 28 upplys-

103 803 75 27 ningar
200 809 51 15 voro
266 802 31 22 till
313 803 41 21 den
369 802 51 28 grad
435 802 113 28 stridande,
564 804 29 20 att
609 802 101 21 utskottet
724 802 47 21 icke
785 802 72 21 kunde
872 802 54 21 fästa

103 832 64 27 något
182 831 100 21 afseende
298 832 35 20 vid
349 831 54 21 dem.
425 819 124 33 Sedermera
563 830 42 22 fick
616 831 102 21 utskottet
728 831 62 21 äfven
800 830 49 21 låna
859 830 66 21 hand-

103 860 69 27 lingar
193 860 46 20 från
259 860 154 27 statskontoret,
429 866 48 14 men
493 859 26 21 de
534 859 153 33 återbegärdes,
703 860 39 20 och
757 859 99 27 slutligen
871 858 54 22 hade

104 889 102 21 utskottet
219 889 47 21 icke
281 890 65 19 annat
361 891 26 18 än
403 876 30 33 att
447 890 75 25 trygga
536 889 33 27 sig
583 888 35 21 vid
634 888 159 21 statskontorets
805 887 121 22 svarsskrif-

104 917 62 22 velse.
197 917 30 21 På
249 917 61 21 dessa
332 917 93 28 grunder
446 919 24 19 är
490 918 41 26 det,
545 923 46 15 som
605 917 8 20 i
629 916 210 22 ekonomiutskottets
853 917 72 20 betän-

104 946 69 21 kande
196 947 130 20 förekomma
347 946 140 27 oriktigheter,
502 946 80 21 hvilket
597 945 54 21 dock
665 945 47 21 icke
727 947 23 19 är
765 945 111 22 utskottets
891 945 34 21 fel.

104 975 91 27 Specielt
217 975 110 27 angående
349 975 60 21 dessa
428 974 89 28 oriktiga
531 974 74 28 siffror,
619 980 46 15 som
680 974 25 21 hr
719 973 77 22 Heikel
811 974 37 21 har
862 974 63 20 fram-

104 1003 65 24 hållit,
191 1004 63 20 hafva
276 1004 21 20 vi
319 1003 39 21 fått
379 1003 40 21 den
435 1003 156 28 upplysningen
613 1005 30 19 att
658 1003 57 20 detta
730 1002 68 21 skulle
813 1003 55 26 gälla
882 1002 45 21 helt

104 1032 66 21 andra
191 1031 118 27 odlingslån
325 1034 26 19 än
368 1032 53 27 dem,
437 1032 86 21 hvarom
539 1032 38 21 här
591 1033 23 19 är
628 1031 153 28 petitioneradt.
808 1031 52 21 Men
877 1037 49 15 vare

104 1061 32 26 sig
158 1061 87 20 härmed
260 1061 55 20 huru
330 1067 46 14 som
391 1061 59 26 hälst,
466 1060 23 21 så
503 1060 36 21 vill
553 1061 37 27 jag
605 1060 54 21 dock
673 1059 75 28 fritaga
763 1059 102 22 utskottet
879 1059 46 21 från

104 1089 27 21 de
147 1089 140 28 oriktigheter,
303 1095 45 14 som
363 1089 109 27 härvidlag
486 1089 73 21 kunna
573 1089 74 21 finnas.

173 1151 33 21 Hr
227 1158 47 13 von
297 1151 105 21 Pfaler:
432 1150 33 22 Då
483 1151 35 27 jag
533 1151 7 21 i
555 1151 41 21 allo
612 1151 59 21 delar
685 1151 81 21 åsikten
782 1157 34 14 om
831 1151 95 28 lämplig-

105 1180 62 21 heten
191 1180 21 21 af
234 1180 133 27 utgifvandet
381 1179 22 22 af
416 1179 36 22 lån
467 1186 77 21 genom
559 1180 164 21 kommunernas
738 1179 87 28 försorg,
839 1180 38 20 har
891 1180 35 27 jag

104 1208 111 29 ingenting
229 1211 56 18 emot
300 1210 30 19 att
343 1209 74 20 förena
430 1208 44 28 mig
489 1215 33 14 om
538 1209 25 20 hr
575 1208 158 28 Schybergsons
744 1208 128 21 motiverade
883 1209 44 20 för-

105 1237 45 28 slag
164 1237 32 21 till
212 1237 66 28 afslag
294 1237 11 21 å
321 1237 40 21 den
377 1243 74 16 senare
466 1237 113 22 klämmen.

173 1305 155 22 Diskussionen
343 1306 129 22 förklarades
486 1306 51 21 härå
549 1306 96 27 afslutad,
655 1305 105 22 hvarefter
770 1306 25 20 hr
804 1306 121 21 talmannen

106 1334 121 22 framstälde
243 1334 92 28 följande
351 1334 280 28 omröstningsproposition:

174 1398 40 24 De,
237 1397 74 20 hvilka
328 1397 117 26 godkänna
460 1398 113 19 utskottets
587 1398 58 19 kläm
661 1397 14 20 å
689 1397 49 20 sida
753 1398 14 19 4
781 1396 10 20 i
806 1397 119 20 betänkan-

106 1425 40 26 det,
162 1414 59 31 rösta
231 1425 39 26 ja;
286 1424 31 32 de,
333 1425 35 20 det
381 1424 45 21 icke
439 1426 60 26 göra,
515 1426 59 19 rösta
589 1424 47 25 nej;

174 1452 80 22 vinner
267 1452 42 27 nej,
325 1452 42 21 har
382 1452 175 27 borgareståndet
571 1452 88 21 beslutit
674 1454 32 19 att
719 1452 209 28 petitionsförslaget

106 1482 45 21 icke
166 1482 57 21 skall
238 1481 35 22 till
287 1481 74 28 någon
375 1481 78 28 åtgärd
467 1481 122 27 föranleda.
