1700 1981
482 216 55 21 1570
782 216 218 32 Afskedshälsningar.
1230 224 8 16 1
1250 224 50 20 juni.

480 291 86 21 lemättä
588 298 58 14 sama
672 290 157 28 tarkoitusperä,
845 291 108 21 isänmaan
976 291 50 21 onni
1049 292 20 26 ja
1093 293 114 25 menestys,
1233 293 67 19 mutta

480 319 117 27 käsitykset
615 320 53 26 siitä,
688 319 92 21 mitenkä
795 319 62 21 tähän
873 319 125 28 päämaaliin
1014 326 27 14 on
1056 319 110 28 pyrittävä,
1182 320 54 20 eivät
1252 320 48 20 aina

480 348 33 20 ole
529 348 85 26 samoja.

549 376 58 21 Siinä
633 376 90 21 toivossa
746 378 42 19 että
809 376 161 27 hyvinarvoisan
991 376 174 27 porvarissäädyn
1188 376 22 27 ja
1232 376 67 22 talon-

480 405 162 27 poikaissäädyn
663 405 123 27 mielipiteet
804 406 42 25 yhä
868 405 84 27 enempi
972 405 126 21 lähenisivät
1117 406 88 20 toisiaan
1221 407 77 25 pyytää

479 433 199 28 talonpoikaissääty
688 433 75 21 lausua
773 433 37 22 hra
819 434 153 27 puhemiehelle
982 434 20 27 ja
1010 434 177 26 hyvinarvoisalle
1195 434 103 27 porvaris-

480 462 93 27 säädylle
591 462 131 28 vilpittömän
741 462 176 21 kiitollisuutensa
937 464 39 25 nyt
991 464 145 26 päättyneestä
1154 463 144 27 yhteistyöstä,

479 491 83 21 sulkien
584 491 79 21 itsensä
684 491 37 21 hra
744 491 139 27 puhemiehen
905 492 21 26 ja
944 491 163 27 hyvinarvoisan
1123 492 174 26 porvarissäädyn

479 520 99 22 suosioon
593 520 20 27 ja
628 520 148 27 ystävälliseen
792 521 111 20 muistoon.

546 578 33 21 Hr
593 578 163 21 talmannen
779 578 98 21 svarade:
907 577 33 22 Dä
963 578 36 26 jag
1019 578 76 20 uttalar
1114 577 183 27 borgareständets

479 614 71 14 varma
564 607 131 27 tacksägelse
709 606 32 21 för
757 607 40 20 den
813 606 117 27 broderliga
946 606 187 26 afskedshälsning,
1148 613 45 14 som
1208 606 11 21 I
1234 607 63 20 fram-

478 636 41 21 fört
536 636 47 20 frän
599 635 35 21 det
656 635 129 21 hedervärda
801 635 158 27 bondeständet,
975 635 40 21 kan
1031 635 34 27 jag
1082 635 86 21 därmed
1183 636 73 20 förena
1271 642 25 14 en

477 664 110 21 försäkran
605 666 29 18 att
661 663 171 27 borgareständet
857 664 34 20 väl
914 664 41 20 kan
975 664 94 27 uppfatta
1085 664 41 20 den
1149 664 147 27 skiljaktighet,

478 700 44 13 som
538 692 66 21 mäste
620 692 59 21 bestä
693 692 7 21 i
715 692 77 21 äsikter
807 693 39 20 och
859 692 132 27 uppfattning
1006 692 91 21 emellan
1113 692 35 21 det
1168 693 129 20 hedervärda

478 721 154 21 bondeständet
650 721 39 21 och
712 721 175 27 borgareständet.
916 721 32 21 De
971 723 34 18 äro
1029 721 105 21 beroende
1157 721 26 27 pä
1202 723 59 19 arten
1277 721 21 21 af

477 750 177 21 medlemmarnas
663 749 125 28 föregäende
795 750 132 21 värksamhet
935 749 40 22 och
984 749 123 28 utbildning.
1121 749 176 28 Borgareständet

476 779 38 21 har
530 779 54 21 dock
596 779 36 20 vid
643 779 69 21 denna
723 779 107 26 landtdag,
842 779 68 20 säsom
923 778 65 27 alltid,
998 779 129 27 respekterat
1143 779 55 20 olika
1214 778 82 28 äsikter,

478 808 37 21 där
536 807 25 22 de
581 810 35 19 äro
638 807 108 28 grundade
762 808 26 26 pä
803 813 26 15 en
845 808 40 20 fast
900 807 140 27 öfvertygelse
1055 814 35 13 om
1105 807 56 21 hvad
1176 808 33 20 för
1223 807 73 21 foster-

476 837 72 21 landet
568 837 42 20 kan
625 843 50 14 vara
690 837 111 26 gagneligt.
831 836 42 21 Det
887 836 53 20 skall
956 836 61 21 äfven
1033 836 70 27 glädja
1125 836 171 27 borgareständet

476 865 55 21 hvad
553 865 11 21 I
585 872 30 14 nu
637 865 75 21 uttalat
733 865 12 20 &
768 865 35 21 det
825 865 128 21 hedervärda
969 864 163 21 bondeständets
1155 867 84 25 vägnar,
1262 871 34 14 om

476 894 233 21 Ofverensstämmelsen
731 894 8 19 i
761 893 104 21 åsikterna
884 894 7 20 i
905 893 112 21 framtiden
1033 893 72 21 kunde
1120 893 65 21 blifva
1200 895 96 20 närmare

476 923 26 20 de
525 923 54 21 bäda
602 923 89 20 ständen
709 923 96 20 emellan.
835 922 49 21 Med
907 922 117 21 uttalandet
1043 923 21 20 af
1079 928 27 15 en
1121 923 80 20 önskan
1218 929 32 14 om
1267 924 29 20 ett

475 951 105 22 fruktbart
603 951 22 22 är
647 951 32 21 för
697 951 46 21 värt
759 951 56 26 land,
835 958 34 13 om
888 951 57 20 hälsa
964 951 39 21 och
1018 951 83 21 trefnad
1117 952 39 20 och
1170 951 79 21 krafter
1264 951 33 20 för

477 980 25 21 de
518 980 161 21 hemvändande
695 981 195 26 representanterna
905 979 32 21 för
952 980 35 20 det
1002 980 130 21 hedervärda
1142 980 154 21 bondeständet

476 1009 94 21 anhäller
594 1009 170 27 borgareständet
785 1011 30 18 att
835 1009 32 20 för
882 1009 112 20 framtiden
1009 1009 22 20 fä
1045 1015 50 14 vara
1109 1009 115 20 inneslutet
1238 1009 7 20 i
1261 1009 35 20 det

476 1037 131 22 hedervärda
623 1037 163 22 bondeständets
801 1037 100 28 vänskap,
916 1037 129 28 högaktning
1060 1037 40 22 och
1116 1037 89 28 välvilja.

543 1095 70 28 Därpä
627 1095 96 21 inträdde
739 1095 191 28 prästeständets
946 1095 153 29 deputation,
1109 1097 75 21 anförd
1195 1097 21 21 af

543 1153 71 20 roktor
633 1153 153 27 Bergroth,
805 1160 45 14 som
867 1153 92 26 yttrade:
989 1153 150 22 Kunnioitettu
1154 1155 61 20 herra
1230 1156 65 26 puhe-

474 1181 59 27 mies,
548 1181 148 27 hyvinarvoisa
709 1182 162 27 porvarissääty!

542 1209 154 22 Kunnioittaen
717 1212 77 25 pyytää
813 1211 132 27 pappissääty
960 1211 63 21 saada
1038 1211 89 27 meidän,
1144 1211 79 27 säädyn
1237 1212 57 21 lähe-

474 1240 69 25 tystön
567 1238 72 21 kautta
661 1239 177 26 hyvinarvoisalle
860 1239 188 27 porvarissäädylle
1069 1240 75 21 lausua
1159 1241 135 26 ystävällisen

473 1267 294 27 jäähyväistervehdyksensä.
797 1267 99 21 Mailleen
916 1274 26 15 on
963 1268 176 21 laskemaisillaan
1160 1270 48 19 19:n
1225 1269 69 21 vuosi-

474 1296 65 20 sadan
562 1297 66 25 päivä,
650 1296 61 26 päivä
732 1295 64 27 jonka
819 1297 112 20 koittaessa
949 1297 77 26 synkät
1045 1297 64 26 pilvet
1130 1298 94 25 peittivät
1238 1298 56 20 isän-

474 1330 104 14 maamme
600 1323 168 22 tulevaisuuden.
798 1324 26 21 Ja
846 1325 96 26 myrskyt
963 1325 75 20 tulivat
1052 1325 21 26 ja
1087 1325 148 22 rankkasateet
1249 1326 45 21 lan-

473 1352 87 25 kesivat,
581 1354 67 19 mutta
669 1352 122 21 kansamme
807 1353 19 20 ei
841 1355 102 24 sortunut,
959 1353 46 21 sillä
1020 1353 170 22 Kaikkivaltiaan
1205 1354 45 21 käsi
1266 1355 28 20 oli

473 1387 37 14 sen
534 1381 84 20 tukena.
648 1380 72 21 Suomi
743 1381 120 21 korotettiin
885 1381 102 28 kansojen
1009 1382 108 27 joukkoon
1138 1383 21 26 ja
1182 1383 30 20 sai
1231 1389 63 14 oman

473 1409 148 21 historiallisen
641 1409 103 27 tehtävän,
759 1409 104 28 tehtävän,
877 1410 49 27 joka
941 1411 20 20 ei
976 1411 69 20 tähtää
1060 1411 86 28 voittoja
1162 1412 63 20 vihan
1241 1412 53 20 veri-

473 1437 47 20 sillä
539 1437 123 25 tantereilla,
683 1444 52 14 vaan
750 1438 81 19 rauhan
847 1439 93 19 toimissa
955 1439 20 26 ja
990 1439 151 20 ihmiskunnan
1156 1439 137 26 korkempien

473 1465 106 20 aatteiden
599 1465 163 27 palveluksessa.
791 1465 26 20 Ja
840 1467 67 19 vahva
922 1473 26 13 on
965 1472 22 14 se
1003 1468 102 24 varustus,
1120 1467 64 26 jonka
1199 1467 95 26 suojassa

472 1493 92 20 voimme
579 1493 140 21 tehtävämme
735 1493 105 21 suorittaa.
861 1494 84 27 Jalojen
961 1494 121 28 hallitsijain
1098 1495 76 21 valalla
1190 1495 103 22 vahvista-

472 1522 56 21 mien
551 1522 210 27 perustuslakiemme
784 1523 90 20 turvissa
897 1522 90 21 olemme
1009 1525 85 20 saaneet
1113 1524 71 27 jatkaa
1199 1524 93 27 sivistys-

471 1550 147 28 rientojamme
637 1551 21 26 ja
673 1551 92 21 kehittää
779 1551 145 21 talouttamme
939 1552 20 27 ja
974 1552 318 28 yhteiskuntajärjestystämme.

471 1579 80 21 Tärkeä
566 1586 28 14 on
609 1579 189 28 valtiopäiväimme
814 1580 83 21 tehtävä
912 1582 55 20 tässä
981 1580 175 23 isänmaallisessa
1167 1584 75 25 työssä.
1266 1582 26 21 Se

472 1608 115 21 kohdistuu
609 1614 37 15 sen
668 1608 99 28 kansojen
789 1609 83 21 onnelle
893 1609 21 28 ja
935 1610 162 27 menestykselle
1113 1611 178 21 välttämättömän
