1109 1823
78 129 14 17 4
104 129 46 21 maj.
302 130 249 24 Kommunalförvaltning
562 133 27 22 på
600 133 76 18 landet.
857 128 42 20 809

146 199 25 21 hr
193 199 152 29 Wegelius,
368 208 45 14 som
435 203 94 25 yttrade:
560 202 73 22 Under
648 203 67 27 punkt
730 203 11 20 1
757 202 142 22 förekommer

78 234 27 14 en
120 228 82 21 mindre
218 229 147 28 oegentlighet.
394 230 68 21 Bland
478 234 75 24 poster,
567 238 46 15 som
628 231 59 21 skola
701 232 7 20 i
723 232 176 26 utgiftsförslaget

78 258 107 26 upptagas,
201 257 128 27 uppräknas:
348 259 104 27 »skulder,
464 266 46 14 som
523 260 99 28 antingen
635 260 31 21 till
678 260 47 20 hela
737 260 98 27 beloppet
847 260 52 21 eller

78 285 74 21 endast
174 285 30 21 till
227 286 43 20 viss
293 286 34 21 del
348 287 82 21 förfalla
452 288 31 20 till
503 288 108 27 betalning
625 288 68 21 under
708 288 35 21 det
757 288 142 28 nästföljande

78 313 63 21 året».
171 313 41 21 Det
232 316 53 19 rätta
309 321 49 15 vore
374 316 33 20 väl
422 318 30 18 att
467 318 58 25 säga:
543 316 104 28 »skulder,
663 316 31 21 till
709 316 42 21 den
766 317 34 20 del
815 316 26 21 de
856 317 42 21 för-

77 341 50 21 falla
142 342 30 20 till
190 342 107 28 betalning
312 344 69 20 under
397 344 34 21 det
445 345 140 27 nästföljande
601 344 63 22 ret».

145 399 33 21 Hr
192 399 136 29 Jusölius,
343 400 173 23 Ferdinand:
545 401 43 22 Det
603 403 22 20 är
640 408 27 15 en
683 402 118 28 ordagrann
816 401 83 22 afskrift

77 427 47 21 frän
139 428 275 29 kommunalförfattningen
429 430 33 21 för
477 431 102 21 städerna.

145 485 33 22 Dä
199 487 64 26 ingen
286 487 72 21 vidare
376 487 91 28 begärde
483 489 64 26 ordet,
562 488 129 21 förklarades
707 488 146 21 diskussionen
868 488 31 21 af-

78 514 74 27 slutad,
174 515 65 21 hvarä
260 516 25 20 hr
304 515 121 22 talmannen
440 517 120 21 framstälde
575 523 28 15 en
617 516 116 27 sälydande
749 517 150 27 omröstnings-

78 543 128 28 proposition
214 550 6 21 :

145 600 39 27 De,
207 601 74 21 hvilka
300 601 117 27 godkänna
438 603 113 20 utskottets
572 602 83 27 förslag
671 602 35 21 till
721 602 78 28 lydelse
814 603 36 27 för
866 603 33 20 85

78 629 20 27 $,
113 631 60 30 rösta
183 629 39 27 ja;
239 629 30 27 de,
285 629 35 21 det
334 630 45 21 icke
391 633 60 24 göra,
467 632 59 20 rösta
540 631 49 20 nej;

563 638 12 21 J

146 664 79 15 vinner
239 658 42 27 nej,
296 658 42 21 har
349 659 175 26 borgareständet
533 647 103 39 omfattat
647 659 26 21 hr
687 659 112 27 Wegelius”
809 659 89 28 förslag.

146 715 95 22 Emedan
263 716 157 27 propositionen
442 716 125 22 besvarades
587 717 49 21 med
651 717 154 27 öfvervägande
820 717 26 27 ja,
862 723 37 14 var

78 744 27 21 85
120 744 11 28 $
147 744 21 21 af
183 744 172 28 borgareständet
369 747 50 18 utan
436 745 89 28 ändring
539 745 104 28 godkänd.

146 802 83 21 86—91
245 802 26 27 $$
287 803 88 27 antogos
390 803 79 26 jämväl
483 806 51 19 utan
549 803 94 28 ändring.

146 859 42 21 Vid
204 859 149 28 föredragning
367 859 22 22 af
404 860 26 21 92
446 860 13 27 &
473 860 111 21 förordade

145 918 26 20 hr
192 916 158 22 Stenström
370 919 30 19 att
421 918 123 27 paragrafen
566 918 69 21 skulle
657 918 79 21 erhälla
751 918 42 21 den
809 918 90 27 lydelse,

78 952 44 15 som
138 946 32 20 för
185 946 122 21 densamma
322 946 118 27 föreslagits
454 947 8 20 i
477 947 41 21 den
533 947 76 27 sjunde
625 947 32 20 till
672 946 141 22 betänkandet
823 946 76 28 fogade

77 975 162 21 reservationen.

146 1031 32 22 Hr
192 1031 137 28 Nybergh,
344 1032 117 28 August,
476 1033 92 26 yttrade:
584 1033 41 20 För
639 1033 44 20 min
699 1033 34 21 del
748 1039 62 15 anser
824 1033 35 27 jag
869 1034 31 20 att

78 1061 111 21 utskottets
204 1060 133 23 betänkande
352 1061 38 21 bör
405 1061 135 22 tillerkännas
554 1061 105 22 företräde
675 1061 20 21 af
710 1061 61 22 orsak
786 1064 34 25 att,
831 1062 68 21 ehuru

76 1089 8 21 i
106 1090 63 27 öfrigt
188 1090 143 21 betänkandet
353 1090 40 21 och
413 1091 156 20 reservationen
587 1090 47 21 icke
649 1091 7 20 i
671 1091 37 20 sak
723 1093 35 18 äro
774 1091 125 27 skiljaktiga,

77 1118 7 21 i
99 1118 143 22 betänkandet
257 1119 84 21 beröres
356 1125 26 15 en
396 1119 159 28 omständighet,
567 1126 45 14 som
624 1119 37 21 bör
671 1119 131 21 förekomma
803 1114 14 37 i
814 1119 85 28 lagen,

77 1147 107 28 nämligen
207 1149 29 19 att
251 1147 130 28 kronofogde
396 1148 38 21 bör
449 1148 8 20 i
471 1148 117 28 tjänsteväg
603 1148 96 21 redovisa
713 1148 32 21 till
761 1148 91 21 nämden
867 1148 33 21 för

76 1176 122 21 resterande
220 1176 116 28 utskylder.
366 1176 40 21 Om
428 1177 57 21 detta
500 1177 115 28 stadgande
629 1177 47 20 icke
691 1179 103 25 upptages
809 1177 7 20 i
831 1177 69 27 lagen,

78 1204 22 21 sä
116 1204 40 21 blir
170 1205 109 21 resultatet
293 1207 30 19 att
337 1205 216 22 kommunalnämden
565 1205 66 22 måste
643 1205 39 21 hos
691 1205 146 27 kronofogden
847 1211 53 22 upp-

77 1233 50 21 bära
150 1233 61 21 dessa
233 1234 122 21 resterande
376 1233 75 22 medel.
481 1234 40 21 För
535 1234 44 21 min
595 1234 35 21 del
645 1233 120 28 föredrager
779 1234 35 27 jag
829 1233 71 22 därför

77 1261 112 22 utskottets
205 1262 138 21 betänkande.

145 1318 154 22 Diskussionen
326 1318 73 22 afslöts
423 1319 92 27 härmed,
540 1319 105 21 hvarefter
671 1319 24 20 hr
721 1319 121 21 talmannen
867 1319 33 20 till

77 1347 182 27 borgareståndets
280 1347 130 22 besvarande
431 1347 157 22 öfverlämnade
603 1347 93 28 följande
711 1348 189 27 omröstningspro-

76 1376 100 27 position:

147 1433 39 26 De,
202 1433 74 21 hvilka
289 1433 118 28 godkänna
421 1434 112 21 utskottets
550 1433 83 28 förslag
649 1433 35 21 till
699 1433 77 27 lydelse
788 1432 36 27 för
839 1433 30 20 92
878 1433 21 26 $,

76 1463 60 18 rösta
146 1461 34 26 ja,
195 1461 30 26 de,
241 1461 35 20 det
290 1461 45 21 icke
348 1463 59 25 göra,
422 1463 59 18 rösta
495 1461 48 26 nej;

78 1503 2 2 :
145 1489 79 20 vinner
246 1489 42 26 nej,
311 1489 42 20 har
375 1489 174 27 borgareståndet
568 1488 96 27 godkänt
685 1488 103 27 förslaget
809 1487 35 21 uti
858 1487 42 21 den

76 1517 78 28 sjunde
170 1517 167 22 reservationen.
