1109 1792
85 120 23 17 10
120 120 49 21 maj.
386 120 215 22 Rättegångsbalken.
863 115 41 21 985

152 190 25 20 hr
191 189 188 27 Aejmelaeus,
402 195 45 15 som
462 190 92 26 yttrade:
583 189 78 21 Tämän
677 189 129 21 kolmannen
821 188 83 22 kohdan

84 218 123 26 loppulause
229 218 117 20 mielestäni
369 218 19 20 ei
410 218 142 26 käytännössä
574 218 46 20 olisi
643 218 77 26 sopiva,
737 218 42 20 kun
803 219 100 19 sanotaan

86 246 68 25 »sekä,
170 246 73 20 mikäli
258 246 139 26 mahdollista,
411 246 135 21 ilmoituksen
562 246 53 26 siitä,
630 246 94 20 mihinkä
736 246 75 20 aikaan
824 252 27 14 ne
862 248 43 18 ote-

85 276 47 19 taan
149 274 78 21 esille».
255 274 58 21 Minä
327 275 91 20 suuresti
434 274 88 27 epäilen,
536 274 59 27 josko
611 274 141 26 käytännössä
767 274 56 21 tulee
838 274 68 20 sovel-

85 305 86 18 tumaan
193 302 61 27 jakaa
270 302 57 27 jutut
341 303 48 20 aina
403 302 48 27 joka
466 302 89 27 päivälle
570 302 21 27 ja
606 302 121 26 määritellä,
742 301 73 21 minkä
829 302 76 20 tunnin

85 330 61 27 ajalla
166 337 27 14 ne
208 330 94 21 tulisivat
317 330 64 22 esille.
411 330 96 22 Ehdotan
523 331 36 20 siis
575 332 42 20 että
631 332 71 19 nämät
717 332 60 19 sanat
791 330 115 27 poistettai-

84 359 40 20 siin
140 361 53 19 tästä
208 359 107 21 kohdasta.

152 415 33 22 Hr
199 415 138 22 Jansson:
367 415 42 22 Det
427 415 65 22 borde
506 416 46 21 icke
567 415 88 22 förbises
671 418 29 19 att
715 416 101 20 utskottet
831 415 75 27 själft
897 411 12 36 i

86 444 68 21 denna
169 445 56 20 kläm
240 444 98 21 särskildt
353 445 74 26 antydt
437 444 26 21 de
479 444 133 27 svärigheter,
623 451 45 14 som
678 444 73 21 kunna
761 443 106 28 äberopas,
880 443 26 20 dä

86 473 44 21 däri
152 475 60 25 säges
236 473 80 20 »sävidt
330 473 82 27 möjligt
426 473 48 21 med
490 473 127 27 angifvande
633 473 22 20 af
669 473 77 22 tiden»,
777 472 129 21 Otvifvelak-

85 501 39 28 tigt
138 503 23 19 är
177 501 116 21 emellertid
314 503 35 25 att,
372 501 69 21 sävidt
461 501 35 21 det
519 503 22 19 är
556 501 88 28 möjligt,
659 507 26 14 en
701 501 64 22 sädan
781 501 126 26 förbättring

86 536 49 15 vore
154 532 29 19 att
199 530 88 27 vidtaga.
317 529 72 22 Redan
406 536 74 21 genom
498 536 26 15 en
540 530 64 21 sädan
621 530 123 27 anordning,
760 536 44 14 som
821 529 41 20 den
878 531 30 19 att

86 559 116 27 ordningen
225 559 32 20 för
279 558 81 21 mälens
383 558 135 28 uppropande
541 558 95 28 angifves
658 558 32 21 för
711 560 98 25 parterna
830 564 77 21 genom

86 587 78 27 anslag,
180 589 23 18 är
218 587 60 21 deras
295 587 156 27 bekvämlighet
464 587 8 20 i
487 587 42 20 viss
544 588 49 20 män
609 587 145 26 tillgodosedd.
783 586 51 21 Men
849 586 58 27 längt

85 615 67 22 bättre
167 622 50 15 vore
233 616 34 20 det
283 615 59 28 dock,
358 622 33 14 om
407 618 30 18 ett
448 615 74 22 sädant
534 615 166 28 tillvägagäende
712 615 72 21 kunde
796 615 70 27 insläs,
877 616 30 19 att

84 644 71 21 mälen
177 644 27 27 pä
224 645 62 20 listan
309 644 165 21 sammanfördes
493 645 7 20 i
520 645 56 20 vissa
591 650 91 21 grupper
697 645 38 20 och
751 650 33 15 om
800 644 52 20 hvar
867 643 39 21 och

86 679 27 15 en
128 679 67 21 grupp
211 673 84 21 utsades
313 676 29 18 att
357 673 68 21 denna
441 673 47 21 icke
503 673 84 21 komme
603 675 30 19 att
647 673 103 27 företagas
765 673 43 20 förr
823 674 26 19 än
865 671 41 22 den

86 702 39 21 och
141 702 41 21 den
198 702 93 21 timmen.
313 701 30 28 Ty
358 702 52 21 först
424 701 123 28 härigenom
562 702 37 21 har
614 704 72 25 parten
702 702 45 21 nätt
757 701 69 28 nägon
838 701 69 20 säker-

87 731 34 21 het
143 731 33 20 för
199 733 29 18 att
250 731 52 20 hans
321 730 43 21 mäl
378 731 47 20 icke
440 731 96 20 kommer
551 737 42 21 upp
608 731 44 20 före
668 737 26 14 en
709 731 42 20 viss
767 730 36 21 tid.
832 729 74 27 Nägon

86 759 82 28 afgjord
191 759 122 28 omöjlighet
334 761 29 19 att
386 759 22 21 sä
431 759 65 22 ordna
519 759 65 21 saken
606 759 113 27 föreligger
739 759 53 21 icke.
821 758 31 27 Ty
874 765 34 13 om

87 788 63 21 också
173 788 117 21 domstolen
313 788 78 21 mellan
407 788 26 21 de
448 794 92 23 grupper
554 788 21 21 af
590 787 48 27 mål,
654 794 44 14 som
715 787 89 28 antydas
819 787 26 27 pä
860 787 48 21 dess

85 817 53 26 lista,
154 817 69 21 skulle
238 818 77 20 utsätta
330 817 75 20 endast
419 823 26 15 en
461 817 61 20 kvart
536 817 84 20 timmes
636 816 36 27 tid,
687 816 23 21 sä
726 823 49 14 vore
793 816 53 20 dock
862 822 46 20 par-

86 849 59 18 terna
167 845 66 21 redan
255 845 48 21 med
326 845 70 21 denna
418 845 118 26 anordning
550 845 7 20 i
573 844 138 28 väsentligare
726 844 49 21 män
790 844 118 27 betjänade.

88 873 43 22 Och
155 873 118 22 domstolen
288 874 13 20 &
315 874 66 20 andra
403 874 58 21 sidan
481 873 69 21 skulle
565 873 46 21 icke
627 873 71 26 häller,
713 873 46 21 ifall
774 879 26 15 en
817 873 34 20 del
866 872 42 21 mål

87 902 69 21 blefve
177 902 108 24 afskrifna,
301 902 89 21 behöfva
405 902 49 21 sitta
469 902 39 21 och
523 904 63 18 vänta
601 902 62 20 altför
677 901 61 28 länge
753 902 27 27 pä
795 901 26 21 de
837 901 71 27 öfriga.

86 930 42 27 Jag
143 933 44 18 tror
202 932 29 19 att
247 931 34 21 det
296 930 85 27 mycket
396 930 95 22 moderat
505 930 71 21 hållna
590 930 114 27 uttalande,
717 936 45 14 som
774 929 136 27 lagutskottet

88 960 72 20 härom
183 961 42 25 gör,
248 960 45 20 icke
315 961 23 19 är
353 959 77 27 egnadt
445 960 30 20 att
489 960 80 26 ingifva
584 958 65 28 nägra
664 965 44 14 som
724 958 54 21 hälst
793 958 115 27 betänklig-

87 988 59 21 heter
161 988 40 21 och
215 988 88 20 föreslär
318 988 69 20 därför
403 988 47 21 dess
465 987 160 28 godkännande.

155 1044 60 22 Efter
237 1045 90 21 afslutad
350 1045 120 21 diskussion
490 1044 121 22 framstälde
633 1045 24 20 hr
672 1044 122 21 talmannen
817 1043 93 27 följande

88 1074 281 27 omröstningsproposition:

156 1130 39 27 De,
211 1130 74 22 hvilka
305 1131 117 27 godkänna
437 1130 112 22 utskottets
564 1130 114 21 uttalande
689 1130 32 27 pä
736 1130 49 21 sida
803 1130 30 20 55
848 1129 10 21 i
873 1129 35 21 be-

88 1159 124 27 tänkandet,
224 1161 59 19 rösta
293 1159 39 27 ja;
349 1160 30 26 de,
394 1160 35 20 det
442 1159 45 21 icke
501 1162 59 24 göra,
576 1160 59 20 rösta
650 1158 47 27 nej;

156 1194 80 20 vinner
257 1193 43 28 nej,
323 1193 42 21 har
386 1193 175 28 borgareständet
579 1192 88 27 förenat
681 1192 33 28 sig
730 1199 35 15 om
780 1192 27 21 hr
822 1192 86 27 Aejme-

89 1222 67 21 laeus'
174 1222 90 27 förslag.

156 1278 161 28 Propositionen
333 1278 126 22 besvarades
473 1278 50 22 med
536 1278 154 27 öfvervägande
700 1278 26 26 ja,
737 1277 85 21 hvarför
832 1277 80 21 utskot-

89 1309 39 19 tets
144 1306 139 22 omförmälda
297 1307 57 21 kläm
369 1314 37 14 var
421 1307 103 27 godkänd.

157 1364 134 21 Beträffande
306 1364 111 21 utskottets
432 1364 56 21 kläm
504 1363 27 28 pä
543 1364 45 21 sida
601 1363 26 21 56
639 1363 7 20 i
659 1362 141 22 betänkandet
810 1361 102 28 begärdes

90 1392 59 22 ordet
164 1392 22 21 af

158 1448 26 20 hr
199 1444 106 31 Öhman,
321 1454 46 14 som
382 1448 91 27 yttrade:
495 1447 34 21 Dä
543 1448 35 26 jag
593 1446 128 22 beträffande
732 1446 41 21 den
784 1446 21 20 af
816 1445 97 27 borgare-

90 1476 84 21 ståndet
193 1476 111 28 godkända
323 1477 26 20 11
366 1476 11 27 &
393 1476 7 20 i
416 1476 26 21 10
457 1475 47 28 kap.
520 1475 24 21 R.
559 1475 24 21 B.
599 1474 108 28 angående
727 1474 187 28 prorogationsrätt

90 1505 64 27 hyser
169 1505 41 20 den
226 1505 53 21 äsikt
294 1507 30 19 att
339 1505 122 20 densamma
476 1504 96 21 kommer
587 1505 29 20 att
630 1503 102 21 innebära
744 1503 100 27 tämligen
857 1504 57 19 stora
