1100 1814
188 131 41 20 794
409 136 250 21 Kommunalförvaltning
670 136 28 21 på
709 136 77 17 landet.
935 137 14 16 4
960 135 48 21 maj:

187 203 44 27 sak,
247 210 33 14 om
297 203 63 21 också
374 203 47 21 icke
436 203 7 21 i
458 204 60 26 form,
540 211 49 14 men
604 204 36 27 jag
654 210 62 15 anser
731 204 36 21 det
781 202 45 23 icke
842 210 49 14 vara
906 203 23 21 så
944 203 64 21 allde-

187 232 31 20 les
241 232 88 26 lyckligt
351 233 30 19 att
402 232 106 20 fastbinda
530 232 199 27 taxeringsnämden
754 232 35 20 vid
811 234 29 19 att
855 232 83 20 absolut
953 231 55 21 hålla

187 260 32 27 sig
234 260 32 21 till
280 259 159 28 taxeringsåret,
455 260 19 21 d.
490 267 18 14 v.
524 267 15 14 s.
555 261 36 20 det
605 261 28 26 år,
648 261 33 20 för
698 261 81 20 hvilket
797 260 137 27 utskylderna
949 260 59 21 skola

186 295 64 14 anses
265 291 90 24 utgöras.
385 289 55 20 Från
455 289 98 20 städerna
568 289 38 21 har
620 295 49 14 man
686 289 119 21 erfarenhet
823 295 33 14 om
874 291 30 19 att
916 289 36 21 det
961 289 46 20 icke

187 317 75 21 endast
276 319 23 18 är
313 317 63 27 svårt,
391 319 51 18 utan
465 317 43 21 ofta
528 318 62 21 äfven
606 317 95 28 omöjligt
715 318 32 20 för
762 319 66 20 större
843 317 75 21 affärer
932 319 30 19 att
976 317 32 21 till

187 346 49 21 dess
259 346 201 27 taxeringsnämden
482 347 166 20 sammanträder
670 347 7 19 i
699 347 83 26 januari
797 346 76 21 månad
888 346 74 21 kunna
976 346 32 20 in-

187 374 85 21 komma
286 374 49 21 med
351 374 111 27 uppgifter,
478 375 22 20 så
516 375 91 26 önskligt
627 375 35 20 det
677 377 25 18 än
719 381 50 14 vore
785 377 29 18 att
828 375 23 20 så
866 375 77 26 många
962 381 45 14 som

187 403 82 27 möjligt
283 403 68 20 skulle
367 403 93 20 inlämna
476 403 83 27 sådana,
575 403 89 21 emedan
679 403 92 27 mången
786 403 31 21 får
832 403 35 21 sitt
882 402 74 22 ultimo
972 403 35 21 de-

186 431 86 21 cember
293 431 98 26 gällande
413 431 85 22 bokslut
520 432 77 27 färdigt
620 432 52 21 först
686 432 7 20 i
709 439 55 14 mars
787 432 52 21 eller
858 432 52 27 april
925 431 83 21 månad.

186 459 85 22 Samma
292 460 131 21 förhållande
447 460 61 21 råder
530 461 45 26 ock,
597 467 34 14 om
652 461 62 20 också
730 461 47 20 icke
792 461 6 20 i
814 467 80 14 samma
909 460 57 27 grad,
981 460 27 27 på

186 489 77 20 landet.
293 488 43 21 Där
348 489 69 20 finnas
437 495 88 15 numera
544 489 77 28 många
636 489 92 21 fabriker
743 490 39 20 och
797 489 66 21 andra
878 491 66 19 större
959 489 49 21 affä-

186 523 39 20 rer,
240 517 81 21 hvilkas
344 517 84 21 bokslut
450 518 87 20 afslutas
559 518 48 21 med
631 518 40 21 den
695 519 50 20 sista
761 518 116 25 december,
893 518 38 21 och
948 518 60 21 dessa

187 545 72 21 kunna
274 545 96 28 omöjligt
384 546 63 21 hafva
470 546 115 21 detsamma
603 547 77 25 färdigt
695 547 30 20 till
741 546 42 21 den
797 547 37 25 tid,
849 547 27 20 då
890 547 117 27 taxerings-

186 574 90 21 nämden
292 575 171 20 sammanträder.
483 575 208 27 Taxeringsnämden
706 575 39 20 har
759 575 81 21 således
855 575 7 20 i
877 575 79 20 sådana
970 575 38 20 fall

186 603 75 20 endast
275 605 30 18 att
319 605 52 18 utan
387 603 27 20 all
430 603 86 27 ledning
531 604 111 27 uppskatta
657 604 119 20 inkomsten
793 604 31 21 för
835 604 35 21 det
880 603 126 28 föregående

186 631 44 21 året
251 631 38 21 och
312 631 41 21 den
376 631 100 21 taxerade
497 632 44 20 åter
556 633 37 19 har
607 633 64 25 ingen
687 632 109 27 möjlighet
811 634 30 19 att
856 632 47 27 själf
917 632 89 21 influera

185 659 27 27 på
227 659 171 26 bestämmandet,
414 660 54 20 huru
484 662 64 24 gärna
563 661 40 20 han
620 663 25 18 än
662 660 49 22 ville
728 661 35 20 det
778 667 76 20 genom
868 662 30 19 att
913 660 93 21 inlämna

185 694 27 15 en
228 688 87 27 uppgift.
346 688 50 21 Man
418 689 38 20 har
476 689 47 21 sökt
544 696 74 20 genom
635 689 69 21 denna
720 690 124 26 författning
858 691 72 19 närma
946 689 60 21 dessa

185 716 35 21 två
235 717 277 27 kommunalförfattningar,
536 718 40 20 den
600 718 32 20 för
653 718 98 21 städerna
772 718 39 21 och
826 718 41 20 den
882 718 33 20 för
928 718 78 26 landet,

185 745 23 21 sä
223 746 85 26 mycket
330 752 46 14 som
399 746 82 27 möjligt
500 746 32 21 till
553 746 123 22 hvarandra.
706 746 73 22 Skulle
795 747 37 21 här
847 747 61 21 äfven
924 746 82 22 fastslås

185 776 30 19 att
230 774 153 27 taxeringsåret
405 775 138 27 ovilkorligen
564 775 64 21 borde
644 782 50 14 vara
709 776 35 20 det
759 776 179 27 grundläggande,
954 776 52 20 skall

185 803 36 21 det
240 803 34 20 väl
297 803 34 21 vid
354 810 27 14 en
404 804 98 20 eventuel
525 804 147 27 omarbetning
692 804 21 21 af
732 804 273 29 kommunalförfattningen

184 832 33 20 för
236 832 97 21 städerna
356 832 58 20 alltid
437 832 56 27 ligga
513 835 56 19 emot
591 835 29 19 att
635 833 37 20 där
687 833 68 21 införa
771 840 26 14 en
813 833 93 27 ändring.
936 834 70 20 Äfven

184 860 27 27 på
226 860 69 21 denna
318 861 70 27 grund
410 861 67 21 skulle
497 862 35 26 jag
546 861 66 22 tillåta
624 862 44 26 mig
684 868 25 14 en
725 862 50 20 liten
792 862 122 27 förändring
929 868 76 22 genom

184 889 134 27 inskjutande
341 890 22 20 af
385 891 29 19 ett
435 892 47 24 nytt
505 892 94 19 moment
614 890 90 21 emellan
720 890 35 21 det
770 890 64 21 första
850 891 38 21 och
904 891 66 20 andra
985 891 21 20 af

186 918 145 27 ungefärligen
347 918 93 27 följande
456 918 91 26 lydelse:
570 918 55 22 »Där
640 919 140 26 skattskyldig
795 919 53 21 dock
859 919 36 21 vill
905 920 49 20 med
965 920 41 20 bok

184 946 72 26 styrka
278 947 33 20 sin
330 947 98 26 inkomst,
449 953 48 15 men
513 948 18 26 ej
548 948 35 20 vid
599 948 200 26 taxeringstillfället
814 948 125 20 medhunnit
954 954 52 21 upp-

185 975 105 21 rättandet
312 975 21 21 af
356 975 85 21 bokslut
463 976 33 20 för
517 976 158 27 taxeringsåret,
702 983 50 20 eger
781 976 171 28 taxeringsnämd
976 976 30 21 till

184 1004 69 26 grund
275 1004 33 20 för
329 1004 124 26 taxeringen
474 1004 61 28 lägga
556 1006 47 20 näst
624 1004 127 27 föregående
773 1005 34 21 års
827 1005 26 27 på
868 1012 30 13 nu
913 1005 93 27 angifvet

184 1034 40 19 sätt
245 1033 80 26 styrkta
340 1033 111 21 inkomst».
482 1033 62 21 Detta
566 1034 68 20 skulle
655 1033 124 27 möjliggöra
792 1034 52 20 både
860 1034 32 20 för
907 1034 96 20 kommu-

184 1067 42 14 nen
242 1063 29 18 att
284 1062 83 20 rättvist
389 1061 94 21 beskatta
502 1062 40 20 och
557 1062 32 20 för
604 1062 40 20 den
661 1062 121 21 beskattade
798 1064 29 19 att
842 1062 64 21 blifva
921 1062 83 22 beskat-

183 1089 35 21 tad
241 1090 46 20 icke
311 1090 51 20 blott
384 1090 53 20 efter
459 1096 26 14 en
509 1090 69 28 lösligt
597 1092 96 26 antagen,
709 1093 49 18 utan
775 1091 53 21 efter
842 1092 52 20 hans
910 1092 93 26 värkliga

182 1117 98 21 inkomst.
309 1118 41 26 Jag
365 1118 95 20 anhåller
475 1125 33 14 om
524 1119 118 21 återremiss
658 1119 21 20 af
691 1120 123 26 paragrafen
826 1119 32 21 för
869 1120 135 21 omformule-

183 1146 47 27 ring
245 1146 7 20 i
268 1146 34 21 det
317 1147 55 26 syfte
387 1147 35 27 jag
437 1147 37 21 har
488 1148 113 26 föreslagit.

251 1202 32 20 Hr
298 1202 90 28 Hjelt:
418 1203 42 27 Jag
475 1204 37 20 ber
526 1206 30 18 att
571 1204 20 20 få
604 1204 80 27 påpeka
700 1206 29 18 ett
741 1204 92 27 misstag,
843 1211 45 13 som
901 1205 103 27 insmugit

183 1230 32 27 sig
229 1230 8 20 i
252 1231 26 20 81
296 1231 18 26 $.
351 1231 107 21 Utskottet
479 1232 37 20 har
535 1232 7 20 i
563 1232 27 21 80
606 1233 12 25 $
634 1232 108 27 föreslagit
764 1234 30 19 att
817 1233 123 27 taxeringen
966 1233 37 21 bör

183 1258 92 28 försiggä
297 1259 68 21 under
388 1260 44 20 äret
453 1262 46 18 näst
521 1260 53 21 efter
595 1260 35 21 det
644 1260 152 28 förrättningen
813 1261 54 21 afser
883 1274 24 2 —
925 1261 79 21 hvilket

183 1287 78 27 förslag
275 1287 62 21 äfven
350 1288 84 22 ständet
448 1294 51 21 nyss
514 1289 85 27 antagit,
614 1301 28 3 —
657 1295 49 15 men
722 1289 35 21 det
772 1289 85 21 oaktadt
871 1290 39 20 har
924 1290 80 20 utskot-

183 1318 30 18 tet
228 1316 108 20 bibehållit
350 1316 33 21 för
398 1317 25 20 81
440 1317 12 27 $
469 1317 41 21 den
525 1317 87 27 lydelse,
631 1324 45 14 som
692 1317 70 21 denna
777 1318 96 27 paragraf
888 1318 38 21 har
940 1319 7 19 i
962 1318 41 21 den

183 1344 77 26 nädiga
281 1346 162 24 propositionen.
474 1345 41 21 Det
536 1346 59 20 heter
617 1345 111 27 nämligen,
745 1348 29 18 att
791 1347 212 25 »taxeringsnämden

183 1371 71 21 tillhör
275 1373 30 19 att
327 1375 168 24 samvetsgrannt
514 1373 111 27 uppskatta
640 1373 41 21 den
696 1374 99 26 inkomst,
810 1374 72 27 hvarje
898 1374 31 20 till
944 1374 60 20 kom-

184 1406 78 14 munen
278 1400 140 27 skattskyldig
440 1407 74 20 person
534 1401 41 20 kan
592 1407 61 14 anses
665 1401 33 20 för
712 1402 154 24 taxeringsåret
880 1402 88 27 åtnjuta
984 1403 20 20 af

183 1427 99 28 fastighet
296 1427 7 21 i
318 1427 142 22 kommunen»
478 1435 18 14 o.
511 1435 15 14 s.
543 1436 18 13 v.
591 1428 41 22 Det
646 1429 66 21 borde
727 1429 49 21 heta
793 1429 53 22 »kan
862 1437 61 14 anses
936 1430 68 28 hafva

183 1456 33 21 för
230 1457 153 26 taxeringsåret
404 1457 112 28 ätnjutit».
546 1457 42 22 Det
602 1457 68 22 finska
686 1458 142 21 betänkandet
842 1461 24 18 är
879 1460 8 19 i
902 1459 57 22 detta
974 1460 30 20 af-

183 1485 78 21 seende
283 1485 82 22 rättadt.
394 1485 41 28 Jag
458 1486 94 21 anhåller
574 1488 29 19 att
617 1487 7 20 i
640 1487 40 20 den
703 1487 90 21 svenska
815 1488 105 27 upplagan
942 1489 26 20 81
990 1489 12 27 $
