1106 1781
83 122 13 16 6
110 122 47 20 maj.
383 118 231 31 Förmynderskapslag.
860 117 41 21 839

80 192 50 25 taga
150 190 27 26 pä
195 190 44 27 mig
261 192 98 20 ansvaret
372 191 34 20 för
420 190 128 28 delaktighet
569 190 63 22 ocksä
646 191 7 20 i
669 191 232 27 utskottsmajoritetens

82 218 54 21 åsikt
156 218 127 22 beträffande
304 220 11 20 5
337 219 18 27 $.
385 219 58 21 Vore
463 219 35 21 det
511 219 58 27 fråga
584 226 35 14 om
634 221 30 19 att
679 219 32 21 för
725 219 93 21 kvinnan
833 221 68 25 öppna

80 248 32 20 ett
132 246 161 27 arbetsområde,
309 254 45 14 som
369 248 33 20 för
416 248 69 20 henne
500 248 53 20 varit
567 248 90 26 stängdt,
674 254 34 14 om
723 249 29 19 att
767 248 40 20 öka
822 248 80 21 hennes

81 275 223 27 förvärfsmöjligheter
326 276 38 20 och
385 276 8 19 i
414 276 57 21 detta
493 276 97 20 afseende
606 276 90 21 likställa
711 276 70 20 henne
796 276 48 20 med
860 276 41 20 den

81 304 92 27 manlige
196 303 158 27 medborgaren,
377 303 26 21 dä
425 310 50 14 vore
494 304 35 27 jag
550 304 47 21 icke
620 306 56 18 emot
696 304 80 21 sädant.
806 304 49 21 Men
875 304 26 20 dä

81 332 60 27 fräga
156 334 23 18 är
193 338 34 15 om
243 332 142 27 fullgörandet
399 332 23 21 af
437 338 26 16 en
479 332 52 27 plikt
545 335 45 18 mot
604 332 110 22 samhället
728 338 46 16 som
790 332 74 27 denna,
875 332 26 21 dä

80 361 76 26 tycker
175 361 36 27 jag
231 367 50 14 man
303 361 59 27 längt
379 361 66 21 hällre
459 361 65 28 begär
538 368 27 14 en
580 361 98 21 orättvisa
693 362 44 20 mot
752 361 41 21 den
808 361 94 27 kvinliga

81 389 191 27 medborgarinnan
287 391 27 19 än
329 396 49 14 man
394 390 103 27 iakttager
510 390 91 27 rättvisa,
618 396 34 14 om
667 396 49 14 man
734 391 87 20 utsätter
831 390 70 21 henne

80 418 34 21 för
134 418 136 27 möjligheten
292 420 31 19 att
343 418 64 21 blifva
428 418 61 28 älagd
504 420 30 19 ett
549 419 49 26 värf,
614 418 79 21 hvilket
708 419 42 20 hon
765 419 7 19 i
788 418 114 21 allmänhet

79 446 116 22 tillsvidare
216 446 46 21 icke
281 447 42 21 kan
345 447 62 21 hafva
426 447 118 21 erfarenhet
558 453 42 21 nog
615 449 30 19 att
660 447 56 25 fylla.
747 447 40 21 Om
802 454 49 14 man
866 447 36 21 be-

79 476 61 20 aktar
155 475 21 21 af
190 475 85 21 hvilken
289 476 44 20 vikt
348 475 38 21 och
403 475 107 27 betydelse
524 475 239 27 förmyndarenämdens
776 475 125 28 äligganden

80 504 68 27 enligt
163 504 56 20 detta
234 503 113 28 lagförslag
362 506 41 24 äro,
419 504 23 20 sä
455 504 67 21 mäste
536 510 50 14 man
601 504 75 26 medge
691 506 30 18 att
735 504 167 27 ledamotskapet

79 532 9 20 i
103 538 27 15 en
145 532 65 21 sädan
225 532 63 21 nämd
304 534 23 19 är
341 532 29 21 alt
381 535 63 18 annat
453 534 27 19 än
491 538 24 15 en
528 532 91 21 sinekur.
639 532 87 22 Oafsedt
736 532 85 27 mycket
831 534 70 25 annat,

79 560 55 21 skall
150 563 12 19 t.
178 567 33 15 ex.
228 561 79 21 enhvar
321 560 93 22 ledamot
424 560 48 22 med
483 560 156 22 sakkännedom
650 561 40 20 och
700 561 120 20 erfarenhet
830 561 71 20 kunna

80 590 73 26 afgöra
175 596 27 14 en
224 590 78 26 mängd
325 589 79 27 viktiga
425 589 135 21 ekonomiska
575 589 75 27 frägor,
666 596 45 14 som
726 589 22 21 af
763 589 82 21 enskild
859 589 42 21 för-

80 618 102 27 myndare
204 618 66 26 enligt
283 618 28 20 40
327 618 12 27 $
355 618 116 27 föreläggas
487 618 89 20 nämden
592 617 31 21 till
639 618 135 20 besvarande.
804 617 40 27 Jag
859 617 42 21 kan

80 652 31 15 nu
125 646 46 21 icke
187 652 38 15 ens
240 646 21 20 af
275 646 84 27 skyldig
375 646 88 27 artighet
478 648 44 19 mot
537 646 25 20 de
577 646 93 27 kvinliga
686 646 215 27 medborgarinnorna

80 674 58 28 pästä
154 677 29 18 att
198 681 27 15 en
240 674 112 28 tillräcklig
367 674 119 22 erfarenhet
500 674 33 21 för
547 674 57 22 detta
620 674 44 21 värf
678 675 38 21 hos
732 674 65 21 demi
814 674 87 21 allmän-

79 704 37 20 het
137 703 98 27 föreläge.
264 703 50 21 Men
337 704 70 20 därför
426 703 68 21 finner
508 703 35 27 jag
558 703 39 21 ock
612 705 30 19 att
657 704 34 20 det
706 703 106 21 allmänna
828 703 73 21 tillsvi-

79 732 51 21 dare
146 732 46 20 icke
212 732 42 20 kan
271 732 125 26 pretendera
415 734 30 18 att
459 731 94 21 kvinnan
568 731 54 21 skall
637 731 60 27 ätaga
712 732 32 26 sig
758 732 144 26 skyldigheter

78 760 24 21 af
118 760 69 21 denna
202 762 37 19 art.
268 760 73 27 Enligt
355 760 48 21 mitt
416 760 137 21 förmenande
568 760 38 20 har
620 760 135 26 lagutskottet
770 760 45 20 haft
829 760 72 20 anled-

79 788 52 28 ning
146 790 29 20 att
189 788 84 21 förorda
288 788 75 21 sädant
378 789 69 20 beslut
461 789 7 20 i
484 788 70 27 saken,
569 794 45 15 som
631 788 101 21 utskottet
746 788 36 21 det
796 789 59 27 gjort.

148 844 33 22 Hr
201 844 134 28 Jusölius,
357 844 169 22 Ferdinand:
557 846 41 26 Jag
612 850 44 16 tror
672 845 122 27 visserligen
809 845 46 21 icke
871 847 30 19 att

79 872 144 28 ledamotskap
238 873 7 20 i
260 873 199 27 förmyndarenämd
475 875 23 19 är
512 873 68 27 nägon
597 873 92 27 sinekur,
703 880 49 14 men
762 874 36 26 jag
808 873 36 21 vill
853 873 47 21 icke

78 901 69 22 häller
162 902 59 27 påstå
234 903 30 21 att
277 904 29 18 ett
319 901 74 21 sådant
402 902 145 27 ledamotskap
558 902 66 21 måste
634 908 50 15 vara
694 908 27 15 en
732 902 86 20 sinekur
829 902 32 21 för
871 904 30 19 att

78 930 37 22 det
136 930 52 21 skall
204 930 72 21 kunna
291 930 22 20 af
327 930 79 21 kvinna
421 930 76 22 skötas.
525 930 41 22 Det
582 930 58 21 torde
656 930 34 21 väl
704 930 46 22 icke
767 937 50 14 vara
832 930 69 28 nägon

78 959 23 21 af
115 965 40 20 oss,
171 965 44 14 som
231 959 46 21 icke
292 959 38 21 har
345 959 50 21 reda
410 959 27 27 pä
451 961 30 19 att
496 959 35 21 det
540 959 68 21 finnes
619 959 96 25 kvinnor,
725 965 45 15 som
781 959 119 21 handhafva

78 987 82 28 ganska
181 987 127 21 vidsträckta
331 987 73 21 affärer
427 988 39 21 och
488 987 122 27 därigenom
630 987 128 29 ädagalägga
773 994 27 14 en
815 987 86 29 klokhet

78 1016 40 21 och
141 1016 172 27 omtänksamhet,
336 1022 46 14 som
404 1018 72 25 tyvärr
496 1017 76 20 saknas
587 1016 38 21 hos
639 1016 92 28 mången
746 1023 55 14 man.
830 1016 71 21 Äfven

79 1045 39 21 har
139 1044 36 22 det
196 1045 53 21 visat
269 1045 32 27 sig
316 1046 35 22 att,
366 1045 55 21 hvad
436 1045 195 27 samvetsgrannhet
646 1045 38 21 och
700 1044 141 28 ordentlighet
856 1045 45 21 vid-

78 1073 102 27 kommer,
195 1073 94 21 kvinnan
305 1073 66 27 aldrig
387 1073 37 21 har
439 1073 60 28 gifvit
514 1079 92 15 mannen
621 1073 104 28 försteget.
755 1072 33 22 Dä
804 1074 96 26 borgare-

78 1102 84 21 ständet
183 1102 84 27 engäng
281 1102 60 20 fattat
357 1102 35 21 sitt
406 1102 21 20 af
442 1102 43 26 mig
500 1102 117 27 äberopade
633 1102 69 21 beslut
716 1102 109 26 angäende
840 1102 59 20 kom-

79 1130 224 27 munalförfattningen
325 1130 27 27 pä
373 1130 77 28 landet,
470 1136 64 22 synes
556 1130 35 22 det
611 1130 47 21 icke
681 1137 49 14 vara
751 1132 66 19 annat
831 1132 26 19 än
873 1136 27 15 en

79 1159 120 27 nödvändig
214 1158 133 21 konsekvens
363 1160 29 20 att
407 1166 29 14 nu
451 1159 84 21 hindret
549 1159 32 21 för
596 1158 89 22 kvinnas
698 1158 108 21 valbarhet
818 1158 31 21 till
859 1158 41 21 för-

78 1187 168 27 myndarenämd
262 1187 62 21 ocksä
339 1187 111 27 borttages.
470 1187 81 21 Härvid
566 1187 38 21 bör
619 1188 62 20 äfven
696 1187 84 21 komma
795 1188 7 19 i
818 1186 83 22 betrak-

78 1216 64 21 tande
165 1218 30 18 att
217 1222 27 14 en
258 1216 41 27 lag,
314 1215 65 21 sädan
395 1222 45 14 som
455 1216 75 27 denna,
546 1218 23 18 är
584 1216 73 20 afsedd
673 1218 29 18 att
716 1222 50 14 vara
782 1216 39 21 och
836 1216 64 20 värka

77 1251 28 14 en
128 1244 72 26 längre
223 1244 36 21 tid.
288 1244 77 21 Därför
385 1245 68 26 tjänar
475 1244 35 21 det
530 1245 32 20 till
580 1244 110 27 ingenting
705 1246 29 19 att
748 1244 8 20 i
770 1244 62 27 lagen
849 1250 52 22 upp-

78 1272 61 22 ställa
154 1273 78 20 sädana
247 1272 80 27 hinder,
342 1279 45 14 som
402 1272 46 22 icke
464 1274 34 19 äro
514 1272 85 22 absolut
613 1272 141 28 nödvändiga.
776 1272 41 21 Det
831 1274 23 19 är
867 1272 33 20 väl

78 1301 44 21 min
138 1301 140 27 öfvertygelse
293 1303 30 19 att
339 1301 67 21 under
421 1302 41 20 den
477 1303 104 19 närmaste
595 1301 112 21 framtiden
718 1301 102 27 knappast
830 1300 70 28 nägon

78 1329 80 21 kvinna
178 1330 51 20 eller
247 1330 69 26 nägon
332 1330 102 20 kommun
449 1330 83 21 komme
548 1332 30 18 att
592 1329 132 21 eftersträfva
738 1330 91 20 kvinnas
843 1329 57 20 inval

78 1358 7 21 i
105 1358 206 26 förmyndarenämd,
332 1364 48 14 men
401 1358 57 21 detta
473 1358 86 21 bindrar
573 1358 47 21 icke
636 1360 29 18 att
680 1364 26 14 en
722 1358 65 20 sådan
802 1358 98 26 rättighet

78 1386 40 21 bör
131 1386 69 21 finnas
215 1386 39 21 och
270 1386 41 21 kan
326 1386 113 22 framdeles
454 1386 105 22 behöfvas.
584 1385 113 22 Dessutom
713 1386 36 20 vill
764 1386 36 27 jag
815 1386 86 27 tillägga

77 1416 32 18 att
130 1414 47 20 mitt
198 1414 78 27 förslag
297 1414 46 20 icke
366 1414 134 20 uteslutande
522 1415 92 20 dikteras
636 1414 21 20 af
680 1414 94 26 artighet,
792 1414 67 20 säsom
875 1414 26 19 hr

76 1442 93 21 Jansson
191 1442 82 26 tycktes
293 1442 116 26 förutsätta,
427 1445 50 17 utan
493 1442 92 27 grundas
600 1442 26 26 pä
640 1442 54 27 liflig
710 1442 139 26 öfvertygelse
865 1448 35 14 om

79 1470 154 28 befogenheten
249 1470 20 21 af
284 1470 75 27 själfva
373 1470 71 22 saken.
