1109 1778
191 133 55 21 1354
412 138 97 17 Kontroll
521 139 58 17 öfver
591 139 193 20 emigrantagenter.
927 138 26 16 22
965 138 47 20 maj.

191 206 206 21 valiokuntaankaan
416 207 20 26 ja
459 206 69 21 silloin
552 205 241 22 remissikeskustelussa
808 205 127 21 ilmoitettiin
951 205 62 20 täällä

190 236 43 20 että
248 234 147 21 hallituksessa
415 233 47 22 olisi
476 234 98 27 paraikaa
589 234 104 27 kysymys
708 233 77 21 näiden
802 233 68 27 olojen
886 233 128 28 parantami-

191 265 60 19 sesta.
281 262 59 21 Minä
361 263 119 27 puolestani
498 269 28 14 en
546 262 130 21 kuitenkaan
696 261 72 22 luulisi
784 262 46 21 siitä
844 261 78 22 haittaa
938 262 75 21 olevan

191 293 43 19 että
252 291 112 27 säädytkin
383 291 124 21 lausuisivat
526 293 54 19 tästä
600 291 76 20 asiasta
695 291 159 27 mielipiteensä.
882 290 60 21 Minä
960 297 53 21 pyy-

191 320 41 20 dän
246 326 37 15 sen
295 320 75 21 vuoksi
381 319 72 21 kaikin
464 320 72 27 puolin
547 319 64 22 saada
622 320 113 20 kannattaa
746 319 142 21 valiokunnan
898 319 114 21 mietintöä.

260 376 33 21 Hr
308 376 156 21 Stenström:
494 376 41 21 Det
550 378 24 18 är
588 376 48 21 med
651 376 46 20 icke
714 376 60 26 ringa
784 376 182 20 tillfrodsställelse
978 376 36 27 jag

192 404 52 28 tagit
264 404 33 22 del
312 405 22 20 af
349 404 35 22 det
399 404 47 27 slut,
461 404 59 21 hvari
536 405 102 21 utskottet
651 407 85 18 stannat
749 405 8 20 i
772 404 116 28 anledning
902 404 22 21 af
938 404 26 21 de
980 404 34 21 tvä

191 433 215 28 petitionsmemorial,
430 433 72 21 hvilka
523 433 63 21 hafva
609 433 104 21 föranledt
735 439 28 14 nu
782 433 144 27 föreliggande
942 433 72 21 betän-

192 462 74 20 kande.
296 461 60 22 Dock
378 461 54 22 hade
454 462 34 27 jag
510 464 65 24 gärna
596 464 40 19 sett
656 463 30 19 att
705 468 27 14 en
752 461 154 27 omständighet
924 461 89 21 blifvit
1005 457 13 37 i

193 489 141 22 betänkandet
354 489 80 25 berörd,
450 497 34 13 om
500 490 63 21 också
578 490 74 21 endast
667 490 67 20 såsom
752 492 29 19 ett
796 489 158 28 önskningsmäl
970 490 44 20 däri

192 518 125 25 framhållet,
332 519 41 20 den
389 519 106 26 nämligen
511 521 35 24 att,
562 519 62 20 äfven
639 519 7 20 i
661 519 40 20 den
715 518 99 22 händelse
827 520 30 19 att
867 519 35 20 det
912 518 102 26 material,

192 547 33 20 för
246 547 63 21 hvars
331 547 163 21 införskaffande
517 547 104 27 styrelsen
644 547 33 20 till
701 547 54 20 1894
776 547 33 20 års
826 547 102 27 landtdag
943 547 71 27 vidtog

192 575 73 27 åtgärd
287 576 8 20 i
318 575 114 27 anledning
454 576 21 20 af
499 576 53 21 1891
576 576 34 20 års
632 575 178 27 ständerpetition,
830 588 27 3 —
875 581 26 15 en
920 575 94 28 petition,

193 604 146 27 utmynnande
360 604 7 20 i
388 604 92 27 följande
496 604 65 21 kläm:
580 606 42 19 »att
636 603 27 22 H.
678 603 26 22 K.
720 603 27 22 M.
762 604 7 20 i
785 604 65 21 nåder
865 603 49 22 ville
930 603 84 27 vidtaga

193 633 97 26 åtgärder
312 633 79 20 därhän
414 635 30 18 att
464 633 159 26 undersökning
640 632 110 27 angående
770 633 26 20 de
811 632 203 27 missförhållanden,

193 667 45 15 som
254 661 89 26 härflyta
358 661 22 21 af
395 661 157 28 emigrationen,
568 661 69 21 blefve
653 661 106 20 värkstäld
774 661 39 21 och
824 661 78 27 förslag
912 661 31 21 till
954 661 60 20 deras

193 689 134 27 afhjälpande
350 690 138 26 utarbetadt»,
511 692 35 24 att,
570 692 60 25 säger
652 690 41 26 jag,
710 690 63 20 äfven
790 690 7 20 i
814 689 40 21 den
869 689 101 21 händelse
985 691 29 19 att

193 718 57 20 detta
272 718 96 20 material
389 718 47 20 icke
458 719 71 19 hunne
551 718 32 22 till
603 720 59 18 nästa
681 718 101 26 landtdag
799 718 89 20 erhållas
903 718 39 20 och
958 718 55 25 förty

193 746 47 21 icke
255 746 67 21 häller
336 752 27 14 en
378 746 134 28 proposition,
528 746 99 21 afseende
642 746 118 21 ordnandet
772 746 22 20 af
804 746 209 27 emigrationsfrågan

194 775 7 19 i
224 774 48 21 dess
292 774 76 27 helhet,
391 774 71 22 kunde
483 775 83 21 landets
587 774 244 22 nästsammanträdande
853 774 86 21 ständer
960 774 54 21 före-

194 803 78 27 läggas,
287 803 102 26 styrelsen
406 803 65 21 likväl
486 803 49 21 ville
550 803 33 21 till
597 805 60 19 nästa
667 802 105 28 landtdag,
785 805 51 18 utan
849 802 99 22 afseende
958 803 55 26 härå,

194 831 130 21 öfverlämna
344 838 25 14 en
390 832 128 27 proposition
536 832 7 20 i
560 832 34 20 det
609 832 55 26 syfte
679 831 126 27 petitionens
820 831 56 21 kläm
890 831 123 21 innehåller.

194 859 47 22 Den
264 860 119 21 erfarenhet
402 861 35 27 jag
459 860 75 21 vunnit
554 860 68 22 under
642 860 44 20 min
704 860 106 28 tjänstetid
828 860 7 20 i
856 860 41 21 den
912 860 52 26 stad,
979 860 35 27 jag

194 888 39 22 har
254 890 49 20 äran
325 892 150 24 representera,
496 889 128 22 beträffande
645 889 163 27 olägenheterna
826 889 21 20 af
862 889 151 28 emigrationen

194 924 38 21 ger
253 919 43 25 mig
318 918 48 21 fullt
388 918 44 21 skäl
454 921 29 18 att
502 919 103 20 beteckna
624 918 77 21 bristen
718 918 28 27 på
764 924 24 15 en
804 919 40 26 lag,
859 924 47 15 som
921 918 93 21 ordnade

194 947 228 27 emigrantagenternas
438 947 139 27 värksamhet,
591 947 69 21 såsom
675 947 69 27 något,
759 947 111 21 hvaröfver
885 947 129 28 berättigade

194 975 106 28 klagomål
321 975 119 22 framstälts.
469 976 40 26 Jag
531 976 60 27 hade,
609 982 45 15 som
675 976 66 27 sagdt,
760 977 65 26 gärna
845 977 41 19 sett
900 977 30 20 att
945 976 69 21 denna

194 1004 155 27 omständighet
369 1004 54 21 hade
438 1005 7 19 i
460 1005 143 20 betänkandet
618 1004 68 21 blifvit
700 1007 96 18 närmare
812 1004 79 21 berörd.
921 1004 41 27 Jag
978 1004 36 20 vill

195 1032 53 21 dock
263 1033 46 20 icke
325 1034 49 25 göra
390 1033 63 27 något
467 1033 95 26 yrkande
576 1034 7 20 i
598 1033 54 26 syfte
668 1034 31 19 att
712 1033 22 20 få
744 1039 26 14 en
782 1033 66 20 sådan
860 1032 154 27 omständighet

194 1061 86 26 intagen
299 1061 7 19 i
328 1061 122 26 detsamma,
468 1063 50 18 utan
537 1061 81 27 åtnöjer
635 1061 44 26 mig
694 1061 48 21 med
758 1061 56 21 detta
830 1060 113 21 uttalande.
972 1060 42 27 Jag

194 1088 95 22 anhåller
310 1091 30 19 att
359 1089 126 27 petitionens
502 1090 58 20 kläm
577 1089 65 21 måtte
660 1090 20 20 af
699 1089 171 27 borgareståndet
885 1088 127 28 godkännas.

261 1145 33 21 Hr
314 1145 82 28 Hjelt:
427 1146 41 20 För
490 1152 52 21 egen
564 1146 33 21 del
618 1146 84 21 förenar
715 1146 35 27 jag
766 1146 42 26 mig
824 1152 33 15 om
873 1146 40 20 den
930 1145 62 27 kläm,
1006 1145 6 21 i

194 1174 84 20 hvilken
294 1174 100 21 utskottet
409 1174 37 21 har
461 1176 88 20 stannat.
580 1174 100 22 Orsaken,
696 1174 83 21 hvarför
793 1175 35 26 jag
844 1174 40 21 bad
900 1180 34 14 om
950 1174 64 26 ordet,

193 1204 24 18 är
238 1202 40 21 den
301 1205 30 18 att
352 1203 35 26 jag
410 1202 92 22 önskade
520 1203 77 21 föreslå
621 1210 26 14 en
669 1203 130 27 uteslutning
814 1210 26 13 ur
854 1202 159 28 motiveringen.

194 1230 106 22 Utskottet
322 1232 38 20 har
381 1231 86 27 mycket
488 1232 72 27 riktigt
583 1231 27 28 på
631 1232 46 20 sida
698 1232 10 20 7
727 1231 115 21 frambållit
861 1234 29 18 att
914 1231 36 21 det
967 1230 47 22 icke

193 1259 118 21 ankommit
325 1260 27 26 på
366 1260 102 21 utskottet
482 1262 30 19 att
526 1260 7 20 i
548 1260 58 21 detta
620 1260 152 27 sammanhang
783 1260 65 20 uttala
860 1260 32 27 sig
904 1259 110 28 angående

193 1288 55 20 hvad
264 1290 166 24 guvernörernas
445 1290 107 26 rapporter
567 1289 7 20 i
590 1288 208 28 emigrationsfrågan
814 1288 56 27 gifva
882 1288 35 20 vid
929 1288 85 20 handen

193 1316 89 20 rörande
305 1316 69 20 denna
396 1316 59 26 fråga
476 1318 7 18 i
506 1317 47 19 dess
576 1317 76 19 helhet.
682 1316 117 20 Utskottets
822 1317 82 25 uppgift
919 1323 38 13 var
971 1316 43 20 helt

194 1342 71 22 enkelt
280 1345 30 19 att
324 1343 75 21 utreda
414 1343 26 21 de
455 1344 108 26 spörsmål,
578 1350 46 14 som
639 1344 115 26 petitionen
770 1344 93 26 berörde,
879 1344 52 20 eller
940 1344 73 26 frågan

194 1377 35 14 om
249 1371 137 20 »utfärdande
406 1371 21 21 af
444 1372 166 27 lagstadgander
628 1371 128 22 beträffande
774 1372 55 20 hvad
847 1372 48 21 med
916 1371 98 21 afseende

194 1399 13 20 å
222 1400 139 21 utvandrares
377 1399 139 22 befordrande
531 1400 33 21 till
578 1400 131 21 främmande
724 1400 105 21 världsdel
845 1401 102 26 iakttagas
958 1400 57 21 bör».

194 1427 78 22 Vidare
293 1428 39 21 har
353 1428 101 22 utskottet
476 1429 11 20 å
510 1429 46 21 sida
578 1429 12 20 6
612 1428 90 28 påpekat
722 1431 30 19 att
766 1429 41 21 den
823 1429 191 27 materialsamling,

194 1463 46 15 som
263 1460 157 25 guvernörerna
442 1458 25 26 på
490 1460 98 19 senatens
610 1458 61 20 order
685 1457 108 28 hopbragt,
808 1458 118 21 innehåller
940 1460 74 18 nästan

194 1486 49 27 inga
267 1486 153 28 upplysningar
441 1486 129 22 beträffande
588 1486 41 22 den
645 1486 157 28 angelägenhet,
818 1493 44 15 som
877 1494 30 14 nu
922 1488 92 20 närmast

194 1515 44 21 står
253 1515 7 21 i
275 1515 63 28 fråga.
369 1515 107 21 Utskottet
493 1516 37 20 har
545 1516 116 21 emellertid
676 1516 27 27 på
718 1516 46 21 sida
779 1517 11 19 7
807 1516 39 21 och
861 1516 13 21 8
889 1516 83 27 inryckt
988 1522 25 15 en
