<?xml version="1.0" encoding="UTF-8"?>
<alto xmlns="http://www.loc.gov/standards/alto/ns-v3#" xmlns:xlink="http://www.w3.org/1999/xlink" xmlns:xsi="http://www.w3.org/2001/XMLSchema-instance" xsi:schemaLocation="http://www.loc.gov/standards/alto/ns-v3# http://www.loc.gov/alto/v3/alto-3-0.xsd">
	<Description>
		<MeasurementUnit>pixel</MeasurementUnit>
		<sourceImageInformation>
			<fileName>/tmp/tess_mou09nl8_input.PNG</fileName>
		</sourceImageInformation>
		<OCRProcessing ID="OCR_0">
			<ocrProcessingStep>
				<processingSoftware>
					<softwareName>tesseract 5.3.4</softwareName>
				</processingSoftware>
			</ocrProcessingStep>
		</OCRProcessing>
	</Description>
	<Layout>
		<Page WIDTH="1100" HEIGHT="1792" PHYSICAL_IMG_NR="0" ID="page_0">
			<PrintSpace HPOS="0" VPOS="0" WIDTH="1100" HEIGHT="1792">
				<ComposedBlock ID="cblock_0" HPOS="196" VPOS="128" WIDTH="820" HEIGHT="26">
					<TextBlock ID="block_0" HPOS="196" VPOS="128" WIDTH="820" HEIGHT="26">
						<TextLine ID="line_0" HPOS="196" VPOS="128" WIDTH="820" HEIGHT="26">
							<String ID="string_0" HPOS="196" VPOS="128" WIDTH="41" HEIGHT="21" WC="0.96" CONTENT="994"/><SP WIDTH="211" VPOS="128" HPOS="237"/>
							<String ID="string_1" HPOS="448" VPOS="134" WIDTH="98" HEIGHT="16" WC="0.93" CONTENT="Rationel"/><SP WIDTH="12" VPOS="134" HPOS="546"/>
							<String ID="string_2" HPOS="558" VPOS="132" WIDTH="207" HEIGHT="22" WC="0.89" CONTENT="skogshushållning."/><SP WIDTH="169" VPOS="132" HPOS="765"/>
							<String ID="string_3" HPOS="934" VPOS="133" WIDTH="24" HEIGHT="17" WC="0.96" CONTENT="10"/><SP WIDTH="12" VPOS="133" HPOS="958"/>
							<String ID="string_4" HPOS="970" VPOS="134" WIDTH="46" HEIGHT="20" WC="0.96" CONTENT="maj."/>
						</TextLine>
					</TextBlock>
				</ComposedBlock>
				<GraphicalElement ID="cblock_1" HPOS="196" VPOS="159" WIDTH="811" HEIGHT="11"></GraphicalElement >
				<ComposedBlock ID="cblock_2" HPOS="194" VPOS="201" WIDTH="823" HEIGHT="371">
					<TextBlock ID="block_1" HPOS="194" VPOS="201" WIDTH="823" HEIGHT="371">
						<TextLine ID="line_1" HPOS="196" VPOS="201" WIDTH="821" HEIGHT="28">
							<String ID="string_5" HPOS="196" VPOS="202" WIDTH="94" HEIGHT="21" WC="0.96" CONTENT="kommer"/><SP WIDTH="21" VPOS="202" HPOS="290"/>
							<String ID="string_6" HPOS="311" VPOS="202" WIDTH="7" HEIGHT="20" WC="0.91" CONTENT="i"/><SP WIDTH="23" VPOS="202" HPOS="318"/>
							<String ID="string_7" HPOS="341" VPOS="202" WIDTH="75" HEIGHT="27" WC="0.91" CONTENT="själfva"/><SP WIDTH="23" VPOS="202" HPOS="416"/>
							<String ID="string_8" HPOS="439" VPOS="202" WIDTH="73" HEIGHT="21" WC="0.92" CONTENT="värket"/><SP WIDTH="22" VPOS="202" HPOS="512"/>
							<String ID="string_9" HPOS="534" VPOS="202" WIDTH="32" HEIGHT="20" WC="0.96" CONTENT="till"/><SP WIDTH="20" VPOS="202" HPOS="566"/>
							<String ID="string_10" HPOS="586" VPOS="202" WIDTH="35" HEIGHT="20" WC="0.96" CONTENT="det"/><SP WIDTH="19" VPOS="202" HPOS="621"/>
							<String ID="string_11" HPOS="640" VPOS="201" WIDTH="88" HEIGHT="21" WC="0.96" CONTENT="resultat"/><SP WIDTH="18" VPOS="201" HPOS="728"/>
							<String ID="string_12" HPOS="746" VPOS="203" WIDTH="30" HEIGHT="19" WC="0.96" CONTENT="att"/><SP WIDTH="15" VPOS="203" HPOS="776"/>
							<String ID="string_13" HPOS="791" VPOS="203" WIDTH="30" HEIGHT="19" WC="0.96" CONTENT="ett"/><SP WIDTH="14" VPOS="203" HPOS="821"/>
							<String ID="string_14" HPOS="835" VPOS="201" WIDTH="67" HEIGHT="26" WC="0.96" CONTENT="stånd,"/><SP WIDTH="16" VPOS="201" HPOS="902"/>
							<String ID="string_15" HPOS="918" VPOS="207" WIDTH="46" HEIGHT="15" WC="0.96" CONTENT="som"/><SP WIDTH="15" VPOS="207" HPOS="964"/>
							<String ID="string_16" HPOS="979" VPOS="201" WIDTH="38" HEIGHT="21" WC="0.96" CONTENT="har"/>
						</TextLine>
						<TextLine ID="line_2" HPOS="195" VPOS="229" WIDTH="821" HEIGHT="28">
							<String ID="string_17" HPOS="195" VPOS="230" WIDTH="80" HEIGHT="27" WC="0.95" CONTENT="antagit"/><SP WIDTH="19" VPOS="230" HPOS="275"/>
							<String ID="string_18" HPOS="294" VPOS="236" WIDTH="26" HEIGHT="15" WC="0.93" CONTENT="en"/><SP WIDTH="19" VPOS="236" HPOS="320"/>
							<String ID="string_19" HPOS="339" VPOS="230" WIDTH="134" HEIGHT="27" WC="0.88" CONTENT="inbjudning,"/><SP WIDTH="21" VPOS="230" HPOS="473"/>
							<String ID="string_20" HPOS="494" VPOS="231" WIDTH="38" HEIGHT="20" WC="0.96" CONTENT="har"/><SP WIDTH="20" VPOS="231" HPOS="532"/>
							<String ID="string_21" HPOS="552" VPOS="230" WIDTH="35" HEIGHT="21" WC="0.96" CONTENT="två"/><SP WIDTH="15" VPOS="230" HPOS="587"/>
							<String ID="string_22" HPOS="602" VPOS="230" WIDTH="69" HEIGHT="20" WC="0.96" CONTENT="beslut"/><SP WIDTH="15" VPOS="230" HPOS="671"/>
							<String ID="string_23" HPOS="686" VPOS="230" WIDTH="26" HEIGHT="26" WC="0.96" CONTENT="på"/><SP WIDTH="14" VPOS="230" HPOS="712"/>
							<String ID="string_24" HPOS="726" VPOS="230" WIDTH="64" HEIGHT="26" WC="0.96" CONTENT="lager,"/><SP WIDTH="15" VPOS="230" HPOS="790"/>
							<String ID="string_25" HPOS="805" VPOS="230" WIDTH="69" HEIGHT="20" WC="0.96" CONTENT="såsom"/><SP WIDTH="15" VPOS="230" HPOS="874"/>
							<String ID="string_26" HPOS="889" VPOS="230" WIDTH="25" HEIGHT="20" WC="0.92" CONTENT="hr"/><SP WIDTH="15" VPOS="230" HPOS="914"/>
							<String ID="string_27" HPOS="929" VPOS="229" WIDTH="87" HEIGHT="21" WC="0.92" CONTENT="Berneri"/>
						</TextLine>
						<TextLine ID="line_3" HPOS="196" VPOS="258" WIDTH="820" HEIGHT="28">
							<String ID="string_28" HPOS="196" VPOS="259" WIDTH="95" HEIGHT="27" WC="0.96" CONTENT="utryckte"/><SP WIDTH="20" VPOS="259" HPOS="291"/>
							<String ID="string_29" HPOS="311" VPOS="259" WIDTH="37" HEIGHT="27" WC="0.96" CONTENT="sig."/><SP WIDTH="30" VPOS="259" HPOS="348"/>
							<String ID="string_30" HPOS="378" VPOS="258" WIDTH="50" HEIGHT="21" WC="0.96" CONTENT="Men"/><SP WIDTH="14" VPOS="258" HPOS="428"/>
							<String ID="string_31" HPOS="442" VPOS="259" WIDTH="36" HEIGHT="27" WC="0.96" CONTENT="jag"/><SP WIDTH="15" VPOS="259" HPOS="478"/>
							<String ID="string_32" HPOS="493" VPOS="258" WIDTH="67" HEIGHT="22" WC="0.96" CONTENT="skulle"/><SP WIDTH="16" VPOS="258" HPOS="560"/>
							<String ID="string_33" HPOS="576" VPOS="258" WIDTH="53" HEIGHT="21" WC="0.96" CONTENT="dock"/><SP WIDTH="16" VPOS="258" HPOS="629"/>
							<String ID="string_34" HPOS="645" VPOS="258" WIDTH="50" HEIGHT="27" WC="0.96" CONTENT="vilja"/><SP WIDTH="14" VPOS="258" HPOS="695"/>
							<String ID="string_35" HPOS="709" VPOS="258" WIDTH="112" HEIGHT="21" WC="0.90" CONTENT="framhålla"/><SP WIDTH="15" VPOS="258" HPOS="821"/>
							<String ID="string_36" HPOS="836" VPOS="260" WIDTH="29" HEIGHT="19" WC="0.96" CONTENT="att"/><SP WIDTH="15" VPOS="260" HPOS="865"/>
							<String ID="string_37" HPOS="880" VPOS="258" WIDTH="23" HEIGHT="20" WC="0.92" CONTENT="så"/><SP WIDTH="15" VPOS="258" HPOS="903"/>
							<String ID="string_38" HPOS="918" VPOS="258" WIDTH="98" HEIGHT="20" WC="0.91" CONTENT="fullkom-"/>
						</TextLine>
						<TextLine ID="line_4" HPOS="194" VPOS="286" WIDTH="822" HEIGHT="29">
							<String ID="string_39" HPOS="194" VPOS="288" WIDTH="39" HEIGHT="27" WC="0.96" CONTENT="ligt"/><SP WIDTH="19" VPOS="288" HPOS="233"/>
							<String ID="string_40" HPOS="252" VPOS="288" WIDTH="95" HEIGHT="27" WC="0.96" CONTENT="ologiskt,"/><SP WIDTH="21" VPOS="288" HPOS="347"/>
							<String ID="string_41" HPOS="368" VPOS="294" WIDTH="46" HEIGHT="14" WC="0.96" CONTENT="som"/><SP WIDTH="12" VPOS="294" HPOS="414"/>
							<String ID="string_42" HPOS="426" VPOS="287" WIDTH="25" HEIGHT="21" WC="0.93" CONTENT="hr"/><SP WIDTH="14" VPOS="287" HPOS="451"/>
							<String ID="string_43" HPOS="465" VPOS="288" WIDTH="89" HEIGHT="20" WC="0.92" CONTENT="Berneri"/><SP WIDTH="14" VPOS="288" HPOS="554"/>
							<String ID="string_44" HPOS="568" VPOS="288" WIDTH="38" HEIGHT="20" WC="0.96" CONTENT="har"/><SP WIDTH="15" VPOS="288" HPOS="606"/>
							<String ID="string_45" HPOS="621" VPOS="286" WIDTH="82" HEIGHT="28" WC="0.96" CONTENT="påstått,"/><SP WIDTH="15" VPOS="286" HPOS="703"/>
							<String ID="string_46" HPOS="718" VPOS="288" WIDTH="24" HEIGHT="19" WC="0.97" CONTENT="är"/><SP WIDTH="15" VPOS="288" HPOS="742"/>
							<String ID="string_47" HPOS="757" VPOS="287" WIDTH="56" HEIGHT="21" WC="0.96" CONTENT="detta"/><SP WIDTH="15" VPOS="287" HPOS="813"/>
							<String ID="string_48" HPOS="828" VPOS="286" WIDTH="120" HEIGHT="21" WC="0.96" CONTENT="förfarande"/><SP WIDTH="16" VPOS="286" HPOS="948"/>
							<String ID="string_49" HPOS="964" VPOS="286" WIDTH="52" HEIGHT="21" WC="0.96" CONTENT="icke."/>
						</TextLine>
						<TextLine ID="line_5" HPOS="195" VPOS="315" WIDTH="822" HEIGHT="27">
							<String ID="string_50" HPOS="195" VPOS="316" WIDTH="86" HEIGHT="21" WC="0.92" CONTENT="Ståndet"/><SP WIDTH="22" VPOS="316" HPOS="281"/>
							<String ID="string_51" HPOS="303" VPOS="316" WIDTH="77" HEIGHT="21" WC="0.96" CONTENT="ändrar"/><SP WIDTH="21" VPOS="316" HPOS="380"/>
							<String ID="string_52" HPOS="401" VPOS="316" WIDTH="46" HEIGHT="20" WC="0.96" CONTENT="icke"/><SP WIDTH="25" VPOS="316" HPOS="447"/>
							<String ID="string_53" HPOS="472" VPOS="316" WIDTH="36" HEIGHT="21" WC="0.96" CONTENT="sitt"/><SP WIDTH="21" VPOS="316" HPOS="508"/>
							<String ID="string_54" HPOS="529" VPOS="316" WIDTH="75" HEIGHT="26" WC="0.96" CONTENT="beslut,"/><SP WIDTH="21" VPOS="316" HPOS="604"/>
							<String ID="string_55" HPOS="625" VPOS="317" WIDTH="51" HEIGHT="19" WC="0.96" CONTENT="utan"/><SP WIDTH="21" VPOS="317" HPOS="676"/>
							<String ID="string_56" HPOS="697" VPOS="315" WIDTH="35" HEIGHT="21" WC="0.96" CONTENT="det"/><SP WIDTH="15" VPOS="315" HPOS="732"/>
							<String ID="string_57" HPOS="747" VPOS="316" WIDTH="63" HEIGHT="20" WC="0.96" CONTENT="fattar"/><SP WIDTH="15" VPOS="316" HPOS="810"/>
							<String ID="string_58" HPOS="825" VPOS="317" WIDTH="29" HEIGHT="19" WC="0.96" CONTENT="ett"/><SP WIDTH="14" VPOS="317" HPOS="854"/>
							<String ID="string_59" HPOS="868" VPOS="317" WIDTH="54" HEIGHT="25" WC="0.96" CONTENT="nytt,"/><SP WIDTH="15" VPOS="317" HPOS="922"/>
							<String ID="string_60" HPOS="937" VPOS="315" WIDTH="80" HEIGHT="21" WC="0.95" CONTENT="hvilket"/>
						</TextLine>
						<TextLine ID="line_6" HPOS="195" VPOS="343" WIDTH="821" HEIGHT="28">
							<String ID="string_61" HPOS="195" VPOS="344" WIDTH="53" HEIGHT="22" WC="0.96" CONTENT="dock"/><SP WIDTH="19" VPOS="344" HPOS="248"/>
							<String ID="string_62" HPOS="267" VPOS="344" WIDTH="47" HEIGHT="21" WC="0.96" CONTENT="icke"/><SP WIDTH="16" VPOS="344" HPOS="314"/>
							<String ID="string_63" HPOS="330" VPOS="344" WIDTH="76" HEIGHT="21" WC="0.96" CONTENT="vinner"/><SP WIDTH="14" VPOS="344" HPOS="406"/>
							<String ID="string_64" HPOS="420" VPOS="344" WIDTH="60" HEIGHT="27" WC="0.96" CONTENT="kraft,"/><SP WIDTH="16" VPOS="344" HPOS="480"/>
							<String ID="string_65" HPOS="496" VPOS="345" WIDTH="70" HEIGHT="20" WC="0.96" CONTENT="därest"/><SP WIDTH="14" VPOS="345" HPOS="566"/>
							<String ID="string_66" HPOS="580" VPOS="344" WIDTH="46" HEIGHT="21" WC="0.96" CONTENT="icke"/><SP WIDTH="16" VPOS="344" HPOS="626"/>
							<String ID="string_67" HPOS="642" VPOS="344" WIDTH="32" HEIGHT="20" WC="0.96" CONTENT="för"/><SP WIDTH="15" VPOS="344" HPOS="674"/>
							<String ID="string_68" HPOS="689" VPOS="344" WIDTH="56" HEIGHT="20" WC="0.96" CONTENT="detta"/><SP WIDTH="16" VPOS="344" HPOS="745"/>
							<String ID="string_69" HPOS="761" VPOS="350" WIDTH="42" HEIGHT="20" WC="0.96" CONTENT="nya"/><SP WIDTH="16" VPOS="350" HPOS="803"/>
							<String ID="string_70" HPOS="819" VPOS="344" WIDTH="69" HEIGHT="20" WC="0.93" CONTENT="beslut"/><SP WIDTH="14" VPOS="344" HPOS="888"/>
							<String ID="string_71" HPOS="902" VPOS="343" WIDTH="114" HEIGHT="22" WC="0.93" CONTENT="trestånds-"/>
						</TextLine>
						<TextLine ID="line_7" HPOS="194" VPOS="372" WIDTH="823" HEIGHT="28">
							<String ID="string_72" HPOS="194" VPOS="373" WIDTH="105" HEIGHT="27" WC="0.91" CONTENT="majoritet"/><SP WIDTH="16" VPOS="373" HPOS="299"/>
							<String ID="string_73" HPOS="315" VPOS="373" WIDTH="79" HEIGHT="21" WC="0.93" CONTENT="vinnes."/><SP WIDTH="30" VPOS="373" HPOS="394"/>
							<String ID="string_74" HPOS="424" VPOS="372" WIDTH="41" HEIGHT="28" WC="0.96" CONTENT="Jag"/><SP WIDTH="15" VPOS="372" HPOS="465"/>
							<String ID="string_75" HPOS="480" VPOS="373" WIDTH="38" HEIGHT="21" WC="0.96" CONTENT="har"/><SP WIDTH="15" VPOS="373" HPOS="518"/>
							<String ID="string_76" HPOS="533" VPOS="372" WIDTH="122" HEIGHT="28" WC="0.96" CONTENT="visserligen"/><SP WIDTH="15" VPOS="372" HPOS="655"/>
							<String ID="string_77" HPOS="670" VPOS="378" WIDTH="46" HEIGHT="15" WC="0.96" CONTENT="mer"/><SP WIDTH="19" VPOS="378" HPOS="716"/>
							<String ID="string_78" HPOS="735" VPOS="374" WIDTH="27" HEIGHT="19" WC="0.96" CONTENT="än"/><SP WIDTH="15" VPOS="374" HPOS="762"/>
							<String ID="string_79" HPOS="777" VPOS="379" WIDTH="27" HEIGHT="14" WC="0.96" CONTENT="en"/><SP WIDTH="15" VPOS="379" HPOS="804"/>
							<String ID="string_80" HPOS="819" VPOS="372" WIDTH="55" HEIGHT="28" WC="0.96" CONTENT="gång"/><SP WIDTH="12" VPOS="372" HPOS="874"/>
							<String ID="string_81" HPOS="886" VPOS="373" WIDTH="76" HEIGHT="20" WC="0.96" CONTENT="uttalat"/><SP WIDTH="12" VPOS="373" HPOS="962"/>
							<String ID="string_82" HPOS="974" VPOS="372" WIDTH="43" HEIGHT="28" WC="0.96" CONTENT="mig"/>
						</TextLine>
						<TextLine ID="line_8" HPOS="194" VPOS="401" WIDTH="823" HEIGHT="27">
							<String ID="string_83" HPOS="194" VPOS="404" WIDTH="44" HEIGHT="19" WC="0.96" CONTENT="mot"/><SP WIDTH="15" VPOS="404" HPOS="238"/>
							<String ID="string_84" HPOS="253" VPOS="401" WIDTH="89" HEIGHT="27" WC="0.96" CONTENT="ändring"/><SP WIDTH="15" VPOS="401" HPOS="342"/>
							<String ID="string_85" HPOS="357" VPOS="402" WIDTH="21" HEIGHT="20" WC="0.96" CONTENT="af"/><SP WIDTH="16" VPOS="402" HPOS="378"/>
							<String ID="string_86" HPOS="394" VPOS="401" WIDTH="68" HEIGHT="21" WC="0.95" CONTENT="beslut"/><SP WIDTH="15" VPOS="401" HPOS="462"/>
							<String ID="string_87" HPOS="477" VPOS="404" WIDTH="64" HEIGHT="19" WC="0.96" CONTENT="annat"/><SP WIDTH="15" VPOS="404" HPOS="541"/>
							<String ID="string_88" HPOS="556" VPOS="403" WIDTH="27" HEIGHT="19" WC="0.96" CONTENT="än"/><SP WIDTH="15" VPOS="403" HPOS="583"/>
							<String ID="string_89" HPOS="598" VPOS="401" WIDTH="7" HEIGHT="21" WC="0.93" CONTENT="i"/><SP WIDTH="15" VPOS="401" HPOS="605"/>
							<String ID="string_90" HPOS="620" VPOS="401" WIDTH="264" HEIGHT="27" WC="0.88" CONTENT="sammanjämkningsväg,"/><SP WIDTH="20" VPOS="401" HPOS="884"/>
							<String ID="string_91" HPOS="904" VPOS="408" WIDTH="48" HEIGHT="14" WC="0.96" CONTENT="men"/><SP WIDTH="12" VPOS="408" HPOS="952"/>
							<String ID="string_92" HPOS="964" VPOS="401" WIDTH="53" HEIGHT="21" WC="0.96" CONTENT="varit"/>
						</TextLine>
						<TextLine ID="line_9" HPOS="194" VPOS="429" WIDTH="822" HEIGHT="29">
							<String ID="string_93" HPOS="194" VPOS="432" WIDTH="94" HEIGHT="26" WC="0.96" CONTENT="tvungen"/><SP WIDTH="21" VPOS="432" HPOS="288"/>
							<String ID="string_94" HPOS="309" VPOS="432" WIDTH="30" HEIGHT="19" WC="0.96" CONTENT="att"/><SP WIDTH="21" VPOS="432" HPOS="339"/>
							<String ID="string_95" HPOS="360" VPOS="430" WIDTH="27" HEIGHT="28" WC="0.96" CONTENT="på"/><SP WIDTH="21" VPOS="430" HPOS="387"/>
							<String ID="string_96" HPOS="408" VPOS="430" WIDTH="67" HEIGHT="28" WC="0.96" CONTENT="grund"/><SP WIDTH="23" VPOS="430" HPOS="475"/>
							<String ID="string_97" HPOS="498" VPOS="430" WIDTH="21" HEIGHT="21" WC="0.96" CONTENT="af"/><SP WIDTH="22" VPOS="430" HPOS="519"/>
							<String ID="string_98" HPOS="541" VPOS="430" WIDTH="46" HEIGHT="21" WC="0.93" CONTENT="vårt"/><SP WIDTH="19" VPOS="430" HPOS="587"/>
							<String ID="string_99" HPOS="606" VPOS="430" WIDTH="211" HEIGHT="26" WC="0.91" CONTENT="fyrkammarsystem"/><SP WIDTH="19" VPOS="430" HPOS="817"/>
							<String ID="string_100" HPOS="836" VPOS="429" WIDTH="48" HEIGHT="27" WC="0.96" CONTENT="foga"/><SP WIDTH="22" VPOS="429" HPOS="884"/>
							<String ID="string_101" HPOS="906" VPOS="430" WIDTH="44" HEIGHT="27" WC="0.95" CONTENT="mig"/><SP WIDTH="14" VPOS="430" HPOS="950"/>
							<String ID="string_102" HPOS="964" VPOS="429" WIDTH="8" HEIGHT="21" WC="0.95" CONTENT="i"/><SP WIDTH="15" VPOS="429" HPOS="972"/>
							<String ID="string_103" HPOS="987" VPOS="431" WIDTH="29" HEIGHT="19" WC="0.95" CONTENT="ett"/>
						</TextLine>
						<TextLine ID="line_10" HPOS="194" VPOS="458" WIDTH="822" HEIGHT="28">
							<String ID="string_104" HPOS="194" VPOS="458" WIDTH="68" HEIGHT="28" WC="0.96" CONTENT="dylikt"/><SP WIDTH="18" VPOS="458" HPOS="262"/>
							<String ID="string_105" HPOS="280" VPOS="458" WIDTH="126" HEIGHT="22" WC="0.93" CONTENT="förfarande."/><SP WIDTH="29" VPOS="458" HPOS="406"/>
							<String ID="string_106" HPOS="435" VPOS="458" WIDTH="156" HEIGHT="22" WC="0.88" CONTENT="Hufvudsaken"/><SP WIDTH="23" VPOS="458" HPOS="591"/>
							<String ID="string_107" HPOS="614" VPOS="460" WIDTH="22" HEIGHT="19" WC="0.96" CONTENT="är"/><SP WIDTH="22" VPOS="460" HPOS="636"/>
							<String ID="string_108" HPOS="658" VPOS="458" WIDTH="53" HEIGHT="21" WC="0.96" CONTENT="dock"/><SP WIDTH="19" VPOS="458" HPOS="711"/>
							<String ID="string_109" HPOS="730" VPOS="460" WIDTH="30" HEIGHT="19" WC="0.96" CONTENT="att"/><SP WIDTH="17" VPOS="460" HPOS="760"/>
							<String ID="string_110" HPOS="777" VPOS="465" WIDTH="49" HEIGHT="14" WC="0.96" CONTENT="man"/><SP WIDTH="20" VPOS="465" HPOS="826"/>
							<String ID="string_111" HPOS="846" VPOS="464" WIDTH="34" HEIGHT="15" WC="0.96" CONTENT="ser"/><SP WIDTH="14" VPOS="464" HPOS="880"/>
							<String ID="string_112" HPOS="894" VPOS="458" WIDTH="32" HEIGHT="21" WC="0.93" CONTENT="till"/><SP WIDTH="16" VPOS="458" HPOS="926"/>
							<String ID="string_113" HPOS="942" VPOS="460" WIDTH="30" HEIGHT="19" WC="0.96" CONTENT="att"/><SP WIDTH="14" VPOS="460" HPOS="972"/>
							<String ID="string_114" HPOS="986" VPOS="460" WIDTH="30" HEIGHT="19" WC="0.96" CONTENT="ett"/>
						</TextLine>
						<TextLine ID="line_11" HPOS="194" VPOS="486" WIDTH="821" HEIGHT="29">
							<String ID="string_115" HPOS="194" VPOS="487" WIDTH="187" HEIGHT="28" WC="0.92" CONTENT="landtdagsbeslut,"/><SP WIDTH="15" VPOS="487" HPOS="381"/>
							<String ID="string_116" HPOS="396" VPOS="487" WIDTH="74" HEIGHT="21" WC="0.91" CONTENT="sädant"/><SP WIDTH="16" VPOS="487" HPOS="470"/>
							<String ID="string_117" HPOS="486" VPOS="488" WIDTH="35" HEIGHT="21" WC="0.93" CONTENT="det"/><SP WIDTH="15" VPOS="488" HPOS="521"/>
							<String ID="string_118" HPOS="536" VPOS="487" WIDTH="82" HEIGHT="27" WC="0.92" CONTENT="engäng"/><SP WIDTH="15" VPOS="487" HPOS="618"/>
							<String ID="string_119" HPOS="633" VPOS="487" WIDTH="77" HEIGHT="27" WC="0.93" CONTENT="fattats,"/><SP WIDTH="14" VPOS="487" HPOS="710"/>
							<String ID="string_120" HPOS="724" VPOS="486" WIDTH="47" HEIGHT="22" WC="0.93" CONTENT="icke"/><SP WIDTH="15" VPOS="486" HPOS="771"/>
							<String ID="string_121" HPOS="786" VPOS="487" WIDTH="32" HEIGHT="21" WC="0.91" CONTENT="fär"/><SP WIDTH="14" VPOS="487" HPOS="818"/>
							<String ID="string_122" HPOS="832" VPOS="486" WIDTH="76" HEIGHT="22" WC="0.96" CONTENT="ändras"/><SP WIDTH="14" VPOS="486" HPOS="908"/>
							<String ID="string_123" HPOS="922" VPOS="488" WIDTH="51" HEIGHT="20" WC="0.96" CONTENT="utan"/><SP WIDTH="12" VPOS="488" HPOS="973"/>
							<String ID="string_124" HPOS="985" VPOS="488" WIDTH="30" HEIGHT="20" WC="0.96" CONTENT="att"/>
						</TextLine>
						<TextLine ID="line_12" HPOS="194" VPOS="514" WIDTH="822" HEIGHT="30">
							<String ID="string_125" HPOS="194" VPOS="516" WIDTH="65" HEIGHT="28" WC="0.96" CONTENT="laglig"/><SP WIDTH="14" VPOS="516" HPOS="259"/>
							<String ID="string_126" HPOS="273" VPOS="516" WIDTH="105" HEIGHT="27" WC="0.96" CONTENT="majoritet"/><SP WIDTH="16" VPOS="516" HPOS="378"/>
							<String ID="string_127" HPOS="394" VPOS="516" WIDTH="74" HEIGHT="20" WC="0.96" CONTENT="vinnes"/><SP WIDTH="15" VPOS="516" HPOS="468"/>
							<String ID="string_128" HPOS="483" VPOS="516" WIDTH="32" HEIGHT="21" WC="0.96" CONTENT="för"/><SP WIDTH="15" VPOS="516" HPOS="515"/>
							<String ID="string_129" HPOS="530" VPOS="516" WIDTH="35" HEIGHT="22" WC="0.97" CONTENT="det"/><SP WIDTH="15" VPOS="516" HPOS="565"/>
							<String ID="string_130" HPOS="580" VPOS="522" WIDTH="42" HEIGHT="20" WC="0.96" CONTENT="nya"/><SP WIDTH="16" VPOS="522" HPOS="622"/>
							<String ID="string_131" HPOS="638" VPOS="516" WIDTH="95" HEIGHT="20" WC="0.93" CONTENT="beslutet."/><SP WIDTH="25" VPOS="516" HPOS="733"/>
							<String ID="string_132" HPOS="758" VPOS="516" WIDTH="106" HEIGHT="20" WC="0.92" CONTENT="Materielt"/><SP WIDTH="14" VPOS="516" HPOS="864"/>
							<String ID="string_133" HPOS="878" VPOS="518" WIDTH="58" HEIGHT="25" WC="0.96" CONTENT="taget"/><SP WIDTH="14" VPOS="518" HPOS="936"/>
							<String ID="string_134" HPOS="950" VPOS="514" WIDTH="32" HEIGHT="23" WC="0.96" CONTENT="stä"/><SP WIDTH="10" VPOS="514" HPOS="982"/>
							<String ID="string_135" HPOS="992" VPOS="516" WIDTH="24" HEIGHT="26" WC="0.96" CONTENT="ju"/>
						</TextLine>
						<TextLine ID="line_13" HPOS="195" VPOS="544" WIDTH="621" HEIGHT="28">
							<String ID="string_136" HPOS="195" VPOS="545" WIDTH="24" HEIGHT="20" WC="0.88" CONTENT="hr"/><SP WIDTH="15" VPOS="545" HPOS="219"/>
							<String ID="string_137" HPOS="234" VPOS="545" WIDTH="87" HEIGHT="21" WC="0.92" CONTENT="Berneri"/><SP WIDTH="16" VPOS="545" HPOS="321"/>
							<String ID="string_138" HPOS="337" VPOS="545" WIDTH="39" HEIGHT="21" WC="0.96" CONTENT="och"/><SP WIDTH="15" VPOS="545" HPOS="376"/>
							<String ID="string_139" HPOS="391" VPOS="545" WIDTH="35" HEIGHT="27" WC="0.96" CONTENT="jag"/><SP WIDTH="14" VPOS="545" HPOS="426"/>
							<String ID="string_140" HPOS="440" VPOS="544" WIDTH="27" HEIGHT="28" WC="0.96" CONTENT="pä"/><SP WIDTH="15" VPOS="544" HPOS="467"/>
							<String ID="string_141" HPOS="482" VPOS="545" WIDTH="86" HEIGHT="21" WC="0.96" CONTENT="alldeles"/><SP WIDTH="16" VPOS="545" HPOS="568"/>
							<String ID="string_142" HPOS="584" VPOS="551" WIDTH="81" HEIGHT="14" WC="0.93" CONTENT="samma"/><SP WIDTH="15" VPOS="551" HPOS="665"/>
							<String ID="string_143" HPOS="680" VPOS="544" WIDTH="136" HEIGHT="27" WC="0.92" CONTENT="ständpunkt."/>
						</TextLine>
					</TextBlock>
				</ComposedBlock>
				<ComposedBlock ID="cblock_3" HPOS="192" VPOS="607" WIDTH="824" HEIGHT="170">
					<TextBlock ID="block_2" HPOS="192" VPOS="607" WIDTH="824" HEIGHT="170">
						<TextLine ID="line_14" HPOS="262" VPOS="607" WIDTH="752" HEIGHT="27">
							<String ID="string_144" HPOS="262" VPOS="607" WIDTH="31" HEIGHT="21" WC="0.96" CONTENT="Hr"/><SP WIDTH="17" VPOS="607" HPOS="293"/>
							<String ID="string_145" HPOS="310" VPOS="608" WIDTH="195" HEIGHT="26" WC="0.96" CONTENT="Aejmelaeus:"/><SP WIDTH="31" VPOS="608" HPOS="505"/>
							<String ID="string_146" HPOS="536" VPOS="607" WIDTH="101" HEIGHT="24" WC="0.96" CONTENT="Minäkin,"/><SP WIDTH="16" VPOS="607" HPOS="637"/>
							<String ID="string_147" HPOS="653" VPOS="607" WIDTH="65" HEIGHT="21" WC="0.96" CONTENT="kuten"/><SP WIDTH="16" VPOS="607" HPOS="718"/>
							<String ID="string_148" HPOS="734" VPOS="607" WIDTH="38" HEIGHT="21" WC="0.93" CONTENT="hra"/><SP WIDTH="15" VPOS="607" HPOS="772"/>
							<String ID="string_149" HPOS="787" VPOS="607" WIDTH="94" HEIGHT="26" WC="0.91" CONTENT="Berneri,"/><SP WIDTH="16" VPOS="607" HPOS="881"/>
							<String ID="string_150" HPOS="897" VPOS="607" WIDTH="63" HEIGHT="27" WC="0.96" CONTENT="pidän"/><SP WIDTH="16" VPOS="607" HPOS="960"/>
							<String ID="string_151" HPOS="976" VPOS="607" WIDTH="38" HEIGHT="20" WC="0.96" CONTENT="sitä"/>
						</TextLine>
						<TextLine ID="line_15" HPOS="193" VPOS="635" WIDTH="822" HEIGHT="28">
							<String ID="string_152" HPOS="193" VPOS="636" WIDTH="176" HEIGHT="27" WC="0.95" CONTENT="sopimattomana"/><SP WIDTH="21" VPOS="636" HPOS="369"/>
							<String ID="string_153" HPOS="390" VPOS="638" WIDTH="42" HEIGHT="18" WC="0.93" CONTENT="että"/><SP WIDTH="23" VPOS="638" HPOS="432"/>
							<String ID="string_154" HPOS="455" VPOS="636" WIDTH="157" HEIGHT="27" WC="0.92" CONTENT="porvarissääty,"/><SP WIDTH="21" VPOS="636" HPOS="612"/>
							<String ID="string_155" HPOS="633" VPOS="635" WIDTH="131" HEIGHT="27" WC="0.96" CONTENT="luopumalla"/><SP WIDTH="18" VPOS="635" HPOS="764"/>
							<String ID="string_156" HPOS="782" VPOS="636" WIDTH="98" HEIGHT="20" WC="0.93" CONTENT="entisestä"/><SP WIDTH="16" VPOS="636" HPOS="880"/>
							<String ID="string_157" HPOS="896" VPOS="635" WIDTH="119" HEIGHT="27" WC="0.92" CONTENT="päätökses-"/>
						</TextLine>
						<TextLine ID="line_16" HPOS="194" VPOS="664" WIDTH="822" HEIGHT="27">
							<String ID="string_158" HPOS="194" VPOS="666" WIDTH="47" HEIGHT="19" WC="0.96" CONTENT="tään"/><SP WIDTH="21" VPOS="666" HPOS="241"/>
							<String ID="string_159" HPOS="262" VPOS="664" WIDTH="83" HEIGHT="26" WC="0.96" CONTENT="asiassa,"/><SP WIDTH="21" VPOS="664" HPOS="345"/>
							<String ID="string_160" HPOS="366" VPOS="666" WIDTH="56" HEIGHT="19" WC="0.96" CONTENT="ottaa"/><SP WIDTH="18" VPOS="666" HPOS="422"/>
							<String ID="string_161" HPOS="440" VPOS="666" WIDTH="85" HEIGHT="19" WC="0.96" CONTENT="varteen"/><SP WIDTH="20" VPOS="666" HPOS="525"/>
							<String ID="string_162" HPOS="545" VPOS="664" WIDTH="105" HEIGHT="22" WC="0.96" CONTENT="ritariston"/><SP WIDTH="15" VPOS="664" HPOS="650"/>
							<String ID="string_163" HPOS="665" VPOS="664" WIDTH="21" HEIGHT="27" WC="0.96" CONTENT="ja"/><SP WIDTH="15" VPOS="664" HPOS="686"/>
							<String ID="string_164" HPOS="701" VPOS="664" WIDTH="79" HEIGHT="21" WC="0.93" CONTENT="aatelin"/><SP WIDTH="14" VPOS="664" HPOS="780"/>
							<String ID="string_165" HPOS="794" VPOS="664" WIDTH="140" HEIGHT="26" WC="0.92" CONTENT="kutsumusta,"/><SP WIDTH="17" VPOS="664" HPOS="934"/>
							<String ID="string_166" HPOS="951" VPOS="664" WIDTH="65" HEIGHT="20" WC="0.96" CONTENT="koska"/>
						</TextLine>
						<TextLine ID="line_17" HPOS="194" VPOS="692" WIDTH="820" HEIGHT="27">
							<String ID="string_167" HPOS="194" VPOS="695" WIDTH="38" HEIGHT="24" WC="0.96" CONTENT="nyt"/><SP WIDTH="14" VPOS="695" HPOS="232"/>
							<String ID="string_168" HPOS="246" VPOS="693" WIDTH="21" HEIGHT="26" WC="0.96" CONTENT="jo"/><SP WIDTH="16" VPOS="693" HPOS="267"/>
							<String ID="string_169" HPOS="283" VPOS="699" WIDTH="27" HEIGHT="14" WC="0.96" CONTENT="on"/><SP WIDTH="15" VPOS="699" HPOS="310"/>
							<String ID="string_170" HPOS="325" VPOS="694" WIDTH="55" HEIGHT="20" WC="0.96" CONTENT="tässä"/><SP WIDTH="16" VPOS="694" HPOS="380"/>
							<String ID="string_171" HPOS="396" VPOS="693" WIDTH="77" HEIGHT="20" WC="0.96" CONTENT="asiassa"/><SP WIDTH="16" VPOS="693" HPOS="473"/>
							<String ID="string_172" HPOS="489" VPOS="692" WIDTH="102" HEIGHT="21" WC="0.96" CONTENT="olemassa"/><SP WIDTH="15" VPOS="692" HPOS="591"/>
							<String ID="string_173" HPOS="606" VPOS="692" WIDTH="86" HEIGHT="21" WC="0.96" CONTENT="kolmen"/><SP WIDTH="15" VPOS="692" HPOS="692"/>
							<String ID="string_174" HPOS="707" VPOS="692" WIDTH="80" HEIGHT="27" WC="0.96" CONTENT="säädyn"/><SP WIDTH="16" VPOS="692" HPOS="787"/>
							<String ID="string_175" HPOS="803" VPOS="694" WIDTH="77" HEIGHT="25" WC="0.96" CONTENT="päätös,"/><SP WIDTH="15" VPOS="694" HPOS="880"/>
							<String ID="string_176" HPOS="895" VPOS="692" WIDTH="36" HEIGHT="20" WC="0.93" CONTENT="siis"/><SP WIDTH="15" VPOS="692" HPOS="931"/>
							<String ID="string_177" HPOS="946" VPOS="694" WIDTH="68" HEIGHT="25" WC="0.91" CONTENT="sääty-"/>
						</TextLine>
						<TextLine ID="line_18" HPOS="194" VPOS="720" WIDTH="820" HEIGHT="29">
							<String ID="string_178" HPOS="194" VPOS="723" WIDTH="76" HEIGHT="26" WC="0.89" CONTENT="päätös."/><SP WIDTH="30" VPOS="723" HPOS="270"/>
							<String ID="string_179" HPOS="300" VPOS="721" WIDTH="135" HEIGHT="21" WC="0.89" CONTENT="Semmoinen"/><SP WIDTH="21" VPOS="721" HPOS="435"/>
							<String ID="string_180" HPOS="456" VPOS="721" WIDTH="49" HEIGHT="21" WC="0.96" CONTENT="teko"/><SP WIDTH="20" VPOS="721" HPOS="505"/>
							<String ID="string_181" HPOS="525" VPOS="720" WIDTH="149" HEIGHT="22" WC="0.96" CONTENT="käsittääkseni"/><SP WIDTH="15" VPOS="720" HPOS="674"/>
							<String ID="string_182" HPOS="689" VPOS="722" WIDTH="48" HEIGHT="20" WC="0.93" CONTENT="sotii"/><SP WIDTH="16" VPOS="722" HPOS="737"/>
							<String ID="string_183" HPOS="753" VPOS="723" WIDTH="72" HEIGHT="19" WC="0.92" CONTENT="vaston"/><SP WIDTH="16" VPOS="723" HPOS="825"/>
							<String ID="string_184" HPOS="841" VPOS="721" WIDTH="25" HEIGHT="20" WC="0.93" CONTENT="V."/><SP WIDTH="16" VPOS="721" HPOS="866"/>
							<String ID="string_185" HPOS="882" VPOS="720" WIDTH="34" HEIGHT="21" WC="0.95" CONTENT="J:n"/><SP WIDTH="16" VPOS="720" HPOS="916"/>
							<String ID="string_186" HPOS="932" VPOS="721" WIDTH="82" HEIGHT="21" WC="0.96" CONTENT="henkeä"/>
						</TextLine>
						<TextLine ID="line_19" HPOS="192" VPOS="749" WIDTH="455" HEIGHT="28">
							<String ID="string_187" HPOS="192" VPOS="750" WIDTH="21" HEIGHT="27" WC="0.95" CONTENT="ja"/><SP WIDTH="15" VPOS="750" HPOS="213"/>
							<String ID="string_188" HPOS="228" VPOS="756" WIDTH="28" HEIGHT="14" WC="0.96" CONTENT="on"/><SP WIDTH="15" VPOS="756" HPOS="256"/>
							<String ID="string_189" HPOS="271" VPOS="749" WIDTH="126" HEIGHT="22" WC="0.96" CONTENT="muutenkin"/><SP WIDTH="13" VPOS="749" HPOS="397"/>
							<String ID="string_190" HPOS="410" VPOS="750" WIDTH="70" HEIGHT="20" WC="0.93" CONTENT="huono"/><SP WIDTH="16" VPOS="750" HPOS="480"/>
							<String ID="string_191" HPOS="496" VPOS="750" WIDTH="151" HEIGHT="27" WC="0.92" CONTENT="järjestystapa."/>
						</TextLine>
					</TextBlock>
				</ComposedBlock>
				<ComposedBlock ID="cblock_4" HPOS="193" VPOS="811" WIDTH="821" HEIGHT="57">
					<TextBlock ID="block_3" HPOS="193" VPOS="811" WIDTH="821" HEIGHT="57">
						<TextLine ID="line_20" HPOS="262" VPOS="811" WIDTH="752" HEIGHT="28">
							<String ID="string_192" HPOS="262" VPOS="812" WIDTH="67" HEIGHT="21" WC="0.90" CONTENT="Sedan"/><SP WIDTH="23" VPOS="812" HPOS="329"/>
							<String ID="string_193" HPOS="352" VPOS="812" WIDTH="147" HEIGHT="21" WC="0.90" CONTENT="diskussionen"/><SP WIDTH="23" VPOS="812" HPOS="499"/>
							<String ID="string_194" HPOS="522" VPOS="812" WIDTH="50" HEIGHT="20" WC="0.92" CONTENT="härä"/><SP WIDTH="22" VPOS="812" HPOS="572"/>
							<String ID="string_195" HPOS="594" VPOS="811" WIDTH="110" HEIGHT="21" WC="0.93" CONTENT="förklarats"/><SP WIDTH="26" VPOS="811" HPOS="704"/>
							<String ID="string_196" HPOS="730" VPOS="812" WIDTH="96" HEIGHT="27" WC="0.90" CONTENT="afslutad,"/><SP WIDTH="21" VPOS="812" HPOS="826"/>
							<String ID="string_197" HPOS="847" VPOS="812" WIDTH="121" HEIGHT="21" WC="0.92" CONTENT="framstälde"/><SP WIDTH="22" VPOS="812" HPOS="968"/>
							<String ID="string_198" HPOS="990" VPOS="812" WIDTH="24" HEIGHT="20" WC="0.96" CONTENT="hr"/>
						</TextLine>
						<TextLine ID="line_21" HPOS="193" VPOS="840" WIDTH="527" HEIGHT="28">
							<String ID="string_199" HPOS="193" VPOS="841" WIDTH="122" HEIGHT="21" WC="0.92" CONTENT="talmannen"/><SP WIDTH="14" VPOS="841" HPOS="315"/>
							<String ID="string_200" HPOS="329" VPOS="840" WIDTH="93" HEIGHT="28" WC="0.93" CONTENT="följande"/><SP WIDTH="16" VPOS="840" HPOS="422"/>
							<String ID="string_201" HPOS="438" VPOS="840" WIDTH="282" HEIGHT="28" WC="0.92" CONTENT="omröstningsproposition"/><SP WIDTH="-10" VPOS="840" HPOS="720"/>
							<String ID="string_202" HPOS="710" VPOS="836" WIDTH="13" HEIGHT="37" WC="0.88" CONTENT=":"/>
						</TextLine>
					</TextBlock>
				</ComposedBlock>
				<ComposedBlock ID="cblock_5" HPOS="191" VPOS="902" WIDTH="823" HEIGHT="113">
					<TextBlock ID="block_4" HPOS="191" VPOS="902" WIDTH="823" HEIGHT="56">
						<TextLine ID="line_22" HPOS="261" VPOS="902" WIDTH="753" HEIGHT="28">
							<String ID="string_203" HPOS="261" VPOS="902" WIDTH="38" HEIGHT="27" WC="0.93" CONTENT="De,"/><SP WIDTH="20" VPOS="902" HPOS="299"/>
							<String ID="string_204" HPOS="319" VPOS="903" WIDTH="75" HEIGHT="21" WC="0.96" CONTENT="hvilka"/><SP WIDTH="22" VPOS="903" HPOS="394"/>
							<String ID="string_205" HPOS="416" VPOS="904" WIDTH="82" HEIGHT="26" WC="0.96" CONTENT="antaga"/><SP WIDTH="18" VPOS="904" HPOS="498"/>
							<String ID="string_206" HPOS="516" VPOS="902" WIDTH="27" HEIGHT="22" WC="0.96" CONTENT="R."/><SP WIDTH="16" VPOS="902" HPOS="543"/>
							<String ID="string_207" HPOS="559" VPOS="910" WIDTH="18" HEIGHT="14" WC="0.93" CONTENT="o."/><SP WIDTH="17" VPOS="910" HPOS="577"/>
							<String ID="string_208" HPOS="594" VPOS="902" WIDTH="41" HEIGHT="21" WC="0.93" CONTENT="A:s"/><SP WIDTH="15" VPOS="902" HPOS="635"/>
							<String ID="string_209" HPOS="650" VPOS="902" WIDTH="141" HEIGHT="28" WC="0.82" CONTENT="inbjudning,"/><SP WIDTH="15" VPOS="902" HPOS="791"/>
							<String ID="string_210" HPOS="806" VPOS="904" WIDTH="59" HEIGHT="19" WC="0.96" CONTENT="rösta"/><SP WIDTH="9" VPOS="904" HPOS="865"/>
							<String ID="string_211" HPOS="874" VPOS="903" WIDTH="41" HEIGHT="27" WC="0.95" CONTENT="ja;"/><SP WIDTH="16" VPOS="903" HPOS="915"/>
							<String ID="string_212" HPOS="931" VPOS="903" WIDTH="32" HEIGHT="26" WC="0.96" CONTENT="de,"/><SP WIDTH="16" VPOS="903" HPOS="963"/>
							<String ID="string_213" HPOS="979" VPOS="903" WIDTH="35" HEIGHT="20" WC="0.96" CONTENT="det"/>
						</TextLine>
						<TextLine ID="line_23" HPOS="191" VPOS="931" WIDTH="254" HEIGHT="27">
							<String ID="string_214" HPOS="191" VPOS="931" WIDTH="45" HEIGHT="21" WC="0.96" CONTENT="icke"/><SP WIDTH="13" VPOS="931" HPOS="236"/>
							<String ID="string_215" HPOS="249" VPOS="933" WIDTH="60" HEIGHT="25" WC="0.93" CONTENT="göra,"/><SP WIDTH="15" VPOS="933" HPOS="309"/>
							<String ID="string_216" HPOS="324" VPOS="933" WIDTH="59" HEIGHT="19" WC="0.96" CONTENT="rösta"/><SP WIDTH="15" VPOS="933" HPOS="383"/>
							<String ID="string_217" HPOS="398" VPOS="931" WIDTH="47" HEIGHT="27" WC="0.86" CONTENT="nej;"/>
						</TextLine>
					</TextBlock>
					<TextBlock ID="block_5" HPOS="191" VPOS="959" WIDTH="821" HEIGHT="56">
						<TextLine ID="line_24" HPOS="260" VPOS="959" WIDTH="752" HEIGHT="28">
							<String ID="string_218" HPOS="260" VPOS="959" WIDTH="79" HEIGHT="21" WC="0.95" CONTENT="vinner"/><SP WIDTH="24" VPOS="959" HPOS="339"/>
							<String ID="string_219" HPOS="363" VPOS="959" WIDTH="42" HEIGHT="27" WC="0.95" CONTENT="nej,"/><SP WIDTH="26" VPOS="959" HPOS="405"/>
							<String ID="string_220" HPOS="431" VPOS="959" WIDTH="41" HEIGHT="21" WC="0.93" CONTENT="har"/><SP WIDTH="23" VPOS="959" HPOS="472"/>
							<String ID="string_221" HPOS="495" VPOS="959" WIDTH="174" HEIGHT="28" WC="0.92" CONTENT="borgareständet"/><SP WIDTH="22" VPOS="959" HPOS="669"/>
							<String ID="string_222" HPOS="691" VPOS="959" WIDTH="71" HEIGHT="28" WC="0.90" CONTENT="afböjt"/><SP WIDTH="22" VPOS="959" HPOS="762"/>
							<String ID="string_223" HPOS="784" VPOS="959" WIDTH="162" HEIGHT="28" WC="0.81" CONTENT="inbjudningen"/><SP WIDTH="28" VPOS="959" HPOS="946"/>
							<String ID="string_224" HPOS="974" VPOS="959" WIDTH="38" HEIGHT="21" WC="0.93" CONTENT="och"/>
						</TextLine>
						<TextLine ID="line_25" HPOS="191" VPOS="987" WIDTH="527" HEIGHT="28">
							<String ID="string_225" HPOS="191" VPOS="987" WIDTH="112" HEIGHT="28" WC="0.90" CONTENT="vidblifvit"/><SP WIDTH="14" VPOS="987" HPOS="303"/>
							<String ID="string_226" HPOS="317" VPOS="988" WIDTH="39" HEIGHT="21" WC="0.93" CONTENT="sitt"/><SP WIDTH="14" VPOS="988" HPOS="356"/>
							<String ID="string_227" HPOS="370" VPOS="988" WIDTH="80" HEIGHT="27" WC="0.65" CONTENT="förut"/><SP WIDTH="-5" VPOS="988" HPOS="450"/>
							<String ID="string_228" HPOS="445" VPOS="983" WIDTH="9" HEIGHT="36" WC="0.96" CONTENT="i"/><SP WIDTH="10" VPOS="983" HPOS="454"/>
							<String ID="string_229" HPOS="464" VPOS="989" WIDTH="67" HEIGHT="20" WC="0.96" CONTENT="saken"/><SP WIDTH="15" VPOS="989" HPOS="531"/>
							<String ID="string_230" HPOS="546" VPOS="988" WIDTH="83" HEIGHT="27" WC="0.96" CONTENT="fattade"/><SP WIDTH="17" VPOS="988" HPOS="629"/>
							<String ID="string_231" HPOS="646" VPOS="988" WIDTH="72" HEIGHT="21" WC="0.96" CONTENT="beslut."/>
						</TextLine>
					</TextBlock>
				</ComposedBlock>
				<ComposedBlock ID="cblock_6" HPOS="191" VPOS="1055" WIDTH="821" HEIGHT="80">
					<TextBlock ID="block_6" HPOS="191" VPOS="1055" WIDTH="821" HEIGHT="80">
						<TextLine ID="line_26" HPOS="261" VPOS="1055" WIDTH="750" HEIGHT="28">
							<String ID="string_232" HPOS="261" VPOS="1055" WIDTH="40" HEIGHT="22" WC="0.91" CONTENT="Vid"/><SP WIDTH="23" VPOS="1055" HPOS="301"/>
							<String ID="string_233" HPOS="324" VPOS="1055" WIDTH="81" HEIGHT="22" WC="0.91" CONTENT="anstäld"/><SP WIDTH="23" VPOS="1055" HPOS="405"/>
							<String ID="string_234" HPOS="428" VPOS="1056" WIDTH="95" HEIGHT="27" WC="0.92" CONTENT="votering"/><SP WIDTH="23" VPOS="1056" HPOS="523"/>
							<String ID="string_235" HPOS="546" VPOS="1055" WIDTH="94" HEIGHT="28" WC="0.92" CONTENT="afgäfvos"/><SP WIDTH="23" VPOS="1055" HPOS="640"/>
							<String ID="string_236" HPOS="663" VPOS="1056" WIDTH="25" HEIGHT="21" WC="0.96" CONTENT="12"/><SP WIDTH="20" VPOS="1056" HPOS="688"/>
							<String ID="string_237" HPOS="708" VPOS="1056" WIDTH="21" HEIGHT="27" WC="0.96" CONTENT="ja"/><SP WIDTH="20" VPOS="1056" HPOS="729"/>
							<String ID="string_238" HPOS="749" VPOS="1056" WIDTH="39" HEIGHT="21" WC="0.96" CONTENT="och"/><SP WIDTH="22" VPOS="1056" HPOS="788"/>
							<String ID="string_239" HPOS="810" VPOS="1056" WIDTH="26" HEIGHT="21" WC="0.96" CONTENT="50"/><SP WIDTH="20" VPOS="1056" HPOS="836"/>
							<String ID="string_240" HPOS="856" VPOS="1057" WIDTH="42" HEIGHT="26" WC="0.96" CONTENT="nej,"/><SP WIDTH="16" VPOS="1057" HPOS="898"/>
							<String ID="string_241" HPOS="914" VPOS="1056" WIDTH="31" HEIGHT="21" WC="0.94" CONTENT="till"/><SP WIDTH="15" VPOS="1056" HPOS="945"/>
							<String ID="string_242" HPOS="960" VPOS="1056" WIDTH="51" HEIGHT="27" WC="0.81" CONTENT="följd"/>
						</TextLine>
						<TextLine ID="line_27" HPOS="191" VPOS="1084" WIDTH="821" HEIGHT="28">
							<String ID="string_243" HPOS="191" VPOS="1085" WIDTH="73" HEIGHT="20" WC="0.93" CONTENT="hvaraf"/><SP WIDTH="22" VPOS="1085" HPOS="264"/>
							<String ID="string_244" HPOS="286" VPOS="1084" WIDTH="172" HEIGHT="27" WC="0.87" CONTENT="borgareständet"/><SP WIDTH="24" VPOS="1084" HPOS="458"/>
							<String ID="string_245" HPOS="482" VPOS="1085" WIDTH="66" HEIGHT="27" WC="0.87" CONTENT="afböjt"/><SP WIDTH="17" VPOS="1085" HPOS="548"/>
							<String ID="string_246" HPOS="565" VPOS="1084" WIDTH="23" HEIGHT="21" WC="0.96" CONTENT="R."/><SP WIDTH="22" VPOS="1084" HPOS="588"/>
							<String ID="string_247" HPOS="610" VPOS="1091" WIDTH="18" HEIGHT="14" WC="0.92" CONTENT="o."/><SP WIDTH="22" VPOS="1091" HPOS="628"/>
							<String ID="string_248" HPOS="650" VPOS="1085" WIDTH="38" HEIGHT="20" WC="0.93" CONTENT="A:s"/><SP WIDTH="22" VPOS="1085" HPOS="688"/>
							<String ID="string_249" HPOS="710" VPOS="1085" WIDTH="128" HEIGHT="26" WC="0.79" CONTENT="inbjudning"/><SP WIDTH="27" VPOS="1085" HPOS="838"/>
							<String ID="string_250" HPOS="865" VPOS="1085" WIDTH="39" HEIGHT="20" WC="0.93" CONTENT="och"/><SP WIDTH="23" VPOS="1085" HPOS="904"/>
							<String ID="string_251" HPOS="927" VPOS="1085" WIDTH="85" HEIGHT="21" WC="0.92" CONTENT="beslutit"/>
						</TextLine>
						<TextLine ID="line_28" HPOS="191" VPOS="1113" WIDTH="508" HEIGHT="22">
							<String ID="string_252" HPOS="191" VPOS="1113" WIDTH="101" HEIGHT="21" WC="0.92" CONTENT="vidblifva"/><SP WIDTH="15" VPOS="1113" HPOS="292"/>
							<String ID="string_253" HPOS="307" VPOS="1113" WIDTH="35" HEIGHT="21" WC="0.93" CONTENT="sitt"/><SP WIDTH="15" VPOS="1113" HPOS="342"/>
							<String ID="string_254" HPOS="357" VPOS="1113" WIDTH="56" HEIGHT="21" WC="0.91" CONTENT="förut"/><SP WIDTH="14" VPOS="1113" HPOS="413"/>
							<String ID="string_255" HPOS="427" VPOS="1113" WIDTH="7" HEIGHT="20" WC="0.96" CONTENT="i"/><SP WIDTH="16" VPOS="1113" HPOS="434"/>
							<String ID="string_256" HPOS="450" VPOS="1113" WIDTH="65" HEIGHT="21" WC="0.96" CONTENT="saken"/><SP WIDTH="16" VPOS="1113" HPOS="515"/>
							<String ID="string_257" HPOS="531" VPOS="1113" WIDTH="78" HEIGHT="22" WC="0.96" CONTENT="fattade"/><SP WIDTH="15" VPOS="1113" HPOS="609"/>
							<String ID="string_258" HPOS="624" VPOS="1113" WIDTH="75" HEIGHT="21" WC="0.96" CONTENT="beslut."/>
						</TextLine>
					</TextBlock>
				</ComposedBlock>
				<ComposedBlock ID="cblock_7" HPOS="188" VPOS="1255" WIDTH="823" HEIGHT="169">
					<TextBlock ID="block_7" HPOS="188" VPOS="1255" WIDTH="823" HEIGHT="169">
						<TextLine ID="line_29" HPOS="258" VPOS="1255" WIDTH="752" HEIGHT="28">
							<String ID="string_259" HPOS="258" VPOS="1255" WIDTH="116" HEIGHT="27" WC="0.92" CONTENT="Föredrogs"/><SP WIDTH="16" VPOS="1255" HPOS="374"/>
							<String ID="string_260" HPOS="390" VPOS="1262" WIDTH="26" HEIGHT="14" WC="0.93" CONTENT="en"/><SP WIDTH="15" VPOS="1262" HPOS="416"/>
							<String ID="string_261" HPOS="431" VPOS="1255" WIDTH="47" HEIGHT="21" WC="0.93" CONTENT="frän"/><SP WIDTH="12" VPOS="1255" HPOS="478"/>
							<String ID="string_262" HPOS="490" VPOS="1256" WIDTH="42" HEIGHT="27" WC="0.92" CONTENT="lag-"/><SP WIDTH="12" VPOS="1256" HPOS="532"/>
							<String ID="string_263" HPOS="544" VPOS="1257" WIDTH="40" HEIGHT="20" WC="0.93" CONTENT="och"/><SP WIDTH="10" VPOS="1257" HPOS="584"/>
							<String ID="string_264" HPOS="594" VPOS="1255" WIDTH="203" HEIGHT="22" WC="0.92" CONTENT="ekonomiutskottet"/><SP WIDTH="10" VPOS="1255" HPOS="797"/>
							<String ID="string_265" HPOS="807" VPOS="1257" WIDTH="76" HEIGHT="20" WC="0.93" CONTENT="anländ"/><SP WIDTH="12" VPOS="1257" HPOS="883"/>
							<String ID="string_266" HPOS="895" VPOS="1257" WIDTH="115" HEIGHT="26" WC="0.93" CONTENT="skrifvelse,"/>
						</TextLine>
						<TextLine ID="line_30" HPOS="189" VPOS="1284" WIDTH="821" HEIGHT="22">
							<String ID="string_267" HPOS="189" VPOS="1284" WIDTH="59" HEIGHT="20" WC="0.92" CONTENT="hvari"/><SP WIDTH="16" VPOS="1284" HPOS="248"/>
							<String ID="string_268" HPOS="264" VPOS="1284" WIDTH="99" HEIGHT="21" WC="0.92" CONTENT="utskottet"/><SP WIDTH="15" VPOS="1284" HPOS="363"/>
							<String ID="string_269" HPOS="378" VPOS="1284" WIDTH="125" HEIGHT="21" WC="0.92" CONTENT="meddelade"/><SP WIDTH="15" VPOS="1284" HPOS="503"/>
							<String ID="string_270" HPOS="518" VPOS="1287" WIDTH="30" HEIGHT="18" WC="0.93" CONTENT="att"/><SP WIDTH="15" VPOS="1287" HPOS="548"/>
							<String ID="string_271" HPOS="563" VPOS="1284" WIDTH="111" HEIGHT="21" WC="0.93" CONTENT="utskottets"/><SP WIDTH="16" VPOS="1284" HPOS="674"/>
							<String ID="string_272" HPOS="690" VPOS="1284" WIDTH="132" HEIGHT="21" WC="0.92" CONTENT="betänkande"/><SP WIDTH="16" VPOS="1284" HPOS="822"/>
							<String ID="string_273" HPOS="838" VPOS="1291" WIDTH="33" HEIGHT="14" WC="0.95" CONTENT="n:o"/><SP WIDTH="17" VPOS="1291" HPOS="871"/>
							<String ID="string_274" HPOS="888" VPOS="1286" WIDTH="12" HEIGHT="19" WC="0.96" CONTENT="5"/><SP WIDTH="15" VPOS="1286" HPOS="900"/>
							<String ID="string_275" HPOS="915" VPOS="1285" WIDTH="8" HEIGHT="20" WC="0.93" CONTENT="i"/><SP WIDTH="15" VPOS="1285" HPOS="923"/>
							<String ID="string_276" HPOS="938" VPOS="1285" WIDTH="72" HEIGHT="21" WC="0.90" CONTENT="anled-"/>
						</TextLine>
						<TextLine ID="line_31" HPOS="188" VPOS="1312" WIDTH="823" HEIGHT="27">
							<String ID="string_277" HPOS="188" VPOS="1312" WIDTH="52" HEIGHT="27" WC="0.96" CONTENT="ning"/><SP WIDTH="15" VPOS="1312" HPOS="240"/>
							<String ID="string_278" HPOS="255" VPOS="1313" WIDTH="21" HEIGHT="20" WC="0.93" CONTENT="af"/><SP WIDTH="15" VPOS="1313" HPOS="276"/>
							<String ID="string_279" HPOS="291" VPOS="1312" WIDTH="77" HEIGHT="27" WC="0.93" CONTENT="nädiga"/><SP WIDTH="15" VPOS="1312" HPOS="368"/>
							<String ID="string_280" HPOS="383" VPOS="1313" WIDTH="156" HEIGHT="26" WC="0.96" CONTENT="propositionen"/><SP WIDTH="16" VPOS="1313" HPOS="539"/>
							<String ID="string_281" HPOS="555" VPOS="1319" WIDTH="34" HEIGHT="15" WC="0.94" CONTENT="n:o"/><SP WIDTH="13" VPOS="1319" HPOS="589"/>
							<String ID="string_282" HPOS="602" VPOS="1313" WIDTH="27" HEIGHT="20" WC="0.93" CONTENT="28"/><SP WIDTH="13" VPOS="1313" HPOS="629"/>
							<String ID="string_283" HPOS="642" VPOS="1313" WIDTH="109" HEIGHT="26" WC="0.93" CONTENT="angäende"/><SP WIDTH="10" VPOS="1313" HPOS="751"/>
							<String ID="string_284" HPOS="761" VPOS="1313" WIDTH="197" HEIGHT="22" WC="0.92" CONTENT="kleresifriheter"/><SP WIDTH="11" VPOS="1313" HPOS="958"/>
							<String ID="string_285" HPOS="969" VPOS="1313" WIDTH="42" HEIGHT="22" WC="0.96" CONTENT="för"/>
						</TextLine>
						<TextLine ID="line_32" HPOS="190" VPOS="1340" WIDTH="820" HEIGHT="28">
							<String ID="string_286" HPOS="190" VPOS="1340" WIDTH="42" HEIGHT="21" WC="0.93" CONTENT="det"/><SP WIDTH="19" VPOS="1340" HPOS="232"/>
							<String ID="string_287" HPOS="251" VPOS="1340" WIDTH="180" HEIGHT="27" WC="0.91" CONTENT="grekisk-ryska"/><SP WIDTH="15" VPOS="1340" HPOS="431"/>
							<String ID="string_288" HPOS="446" VPOS="1341" WIDTH="193" HEIGHT="27" WC="0.96" CONTENT="prästerskapets"/><SP WIDTH="16" VPOS="1341" HPOS="639"/>
							<String ID="string_289" HPOS="655" VPOS="1340" WIDTH="9" HEIGHT="21" WC="0.96" CONTENT="i"/><SP WIDTH="15" VPOS="1340" HPOS="664"/>
							<String ID="string_290" HPOS="679" VPOS="1340" WIDTH="106" HEIGHT="22" WC="0.93" CONTENT="Finland"/><SP WIDTH="15" VPOS="1340" HPOS="785"/>
							<String ID="string_291" HPOS="800" VPOS="1340" WIDTH="123" HEIGHT="23" WC="0.95" CONTENT="boställen"/><SP WIDTH="20" VPOS="1340" HPOS="923"/>
							<String ID="string_292" HPOS="943" VPOS="1341" WIDTH="67" HEIGHT="21" WC="0.94" CONTENT="blifvit"/>
						</TextLine>
						<TextLine ID="line_33" HPOS="189" VPOS="1368" WIDTH="821" HEIGHT="27">
							<String ID="string_293" HPOS="189" VPOS="1368" WIDTH="21" HEIGHT="21" WC="0.91" CONTENT="af"/><SP WIDTH="20" VPOS="1368" HPOS="210"/>
							<String ID="string_294" HPOS="230" VPOS="1368" WIDTH="96" HEIGHT="27" WC="0.93" CONTENT="samtliga"/><SP WIDTH="17" VPOS="1368" HPOS="326"/>
							<String ID="string_295" HPOS="343" VPOS="1368" WIDTH="61" HEIGHT="21" WC="0.93" CONTENT="ständ"/><SP WIDTH="16" VPOS="1368" HPOS="404"/>
							<String ID="string_296" HPOS="420" VPOS="1369" WIDTH="113" HEIGHT="26" WC="0.92" CONTENT="godkändt,"/><SP WIDTH="18" VPOS="1369" HPOS="533"/>
							<String ID="string_297" HPOS="551" VPOS="1368" WIDTH="82" HEIGHT="21" WC="0.91" CONTENT="hvadan"/><SP WIDTH="17" VPOS="1368" HPOS="633"/>
							<String ID="string_298" HPOS="650" VPOS="1369" WIDTH="154" HEIGHT="26" WC="0.92" CONTENT="handlingarna"/><SP WIDTH="15" VPOS="1369" HPOS="804"/>
							<String ID="string_299" HPOS="819" VPOS="1369" WIDTH="7" HEIGHT="20" WC="0.93" CONTENT="i"/><SP WIDTH="15" VPOS="1369" HPOS="826"/>
							<String ID="string_300" HPOS="841" VPOS="1369" WIDTH="86" HEIGHT="22" WC="0.91" CONTENT="ärendet"/><SP WIDTH="15" VPOS="1369" HPOS="927"/>
							<String ID="string_301" HPOS="942" VPOS="1370" WIDTH="68" HEIGHT="21" WC="0.93" CONTENT="öfver-"/>
						</TextLine>
						<TextLine ID="line_34" HPOS="188" VPOS="1397" WIDTH="390" HEIGHT="27">
							<String ID="string_302" HPOS="188" VPOS="1397" WIDTH="89" HEIGHT="20" WC="0.90" CONTENT="lämnats"/><SP WIDTH="16" VPOS="1397" HPOS="277"/>
							<String ID="string_303" HPOS="293" VPOS="1397" WIDTH="31" HEIGHT="21" WC="0.93" CONTENT="till"/><SP WIDTH="15" VPOS="1397" HPOS="324"/>
							<String ID="string_304" HPOS="339" VPOS="1397" WIDTH="239" HEIGHT="27" WC="0.91" CONTENT="expeditionsutskottet."/>
						</TextLine>
					</TextBlock>
				</ComposedBlock>
			</PrintSpace>
		</Page>
	</Layout>
</alto>
