1114 1803
196 141 55 20 1418
487 140 235 31 Sakförareföreningar.
931 146 25 16 25
969 145 46 20 maj.

195 213 31 20 till
241 213 135 27 behandling.
401 209 145 25 Öfverhufvud
562 219 63 21 synes
640 213 44 26 mig
698 215 30 19 att
742 213 47 20 från
804 213 98 26 juridiskt
912 213 42 20 håll
965 213 51 20 allra

195 242 64 21 minst
281 241 65 21 borde
368 241 126 22 framställas
516 243 29 20 ett
566 241 94 27 yrkande
684 241 20 20 af
722 242 69 20 denna
807 244 36 23 art,
859 244 22 24 ty
898 242 18 20 vi
932 242 85 27 jurister

197 272 46 19 veta
265 272 29 19 att
317 270 69 21 denna
408 270 58 27 fråga
482 270 106 27 värkligen
605 272 23 18 är
644 270 120 21 brännande
781 270 39 21 och
835 272 30 19 att
880 270 40 20 den
937 270 53 21 varit
1005 269 11 22 å

195 299 54 20 bane
271 298 7 21 i
301 301 30 19 tre
354 299 118 26 decennier,
495 302 22 23 ty
540 299 64 20 redan
622 299 33 20 för
671 299 26 20 30
713 299 22 20 är
750 299 64 20 sedan
831 299 56 20 skref
902 299 37 20 vär
953 299 63 20 fram-

195 327 87 21 stäende
304 327 111 21 rättslärde
434 327 108 21 Ehrström
562 334 33 14 om
615 327 38 20 och
674 327 70 21 utlade
760 327 41 21 den
817 327 96 27 gällande
928 327 89 26 lagstift-

195 356 90 26 ningens
300 355 81 27 brister,
396 356 39 20 och
450 356 65 20 sedan
531 355 47 21 dess
593 356 37 20 har
646 355 56 21 detta
716 355 103 27 spörsmäl
829 355 128 21 fortfarande
968 356 49 20 stätt

195 384 26 27 pä
243 384 165 26 dagordningen.
438 384 73 20 Såsom
533 384 25 20 hr
572 384 94 20 Jusölius
682 384 63 20 redan
762 384 6 20 i
783 384 37 26 går
835 384 103 25 framhöll,
954 384 62 20 hafva

196 412 119 27 upprepade
338 412 70 20 försök
430 413 65 25 gjorts
518 413 21 20 af
558 412 101 26 juridiska
675 412 123 26 föreningen
814 415 29 17 att
857 412 21 20 fä
894 418 25 14 en
936 412 34 26 lag
985 412 31 20 till

195 440 60 20 ständ
278 440 89 21 rörande
382 440 233 27 sakförareföreningar,
634 443 48 17 utan
699 442 29 19 att
743 447 48 13 man
808 440 44 21 däri
867 440 87 27 lyckats,
969 440 46 20 huf-

196 468 143 27 vudsakligast
354 469 88 20 emedan
459 469 71 21 herrar
544 469 106 21 sakförare
666 469 52 20 visat
733 469 59 26 ringa
804 468 50 22 eller
864 470 53 20 intet
926 470 89 20 intresse

195 497 32 20 för
241 497 70 20 saken.
342 496 95 22 Emedan
454 498 23 19 hr
492 497 90 21 Jansson
598 498 42 26 just
655 497 91 27 begärde
762 497 64 27 ordet,
842 497 52 21 skall
907 498 35 26 jag
952 497 63 27 nägot

195 526 95 20 närmare
313 525 85 27 utlägga
420 525 56 21 detta
499 526 37 21 och
561 525 36 21 ber
619 528 29 18 att
668 526 21 20 fä
706 525 87 27 upplysa
809 532 34 14 om
858 529 35 24 att,
909 526 26 20 dä
950 526 64 20 saken

195 560 38 14 var
247 554 44 20 före
306 554 7 20 i
327 554 102 27 juridiska
445 554 129 27 föreningen,
590 554 86 21 hvarvid
693 554 147 21 diskussionen
856 554 96 22 inleddes
967 554 48 21 med

195 584 30 19 ett
246 582 76 27 sakligt
345 582 38 21 och
406 582 132 27 fullständigt
561 583 81 23 referat,
665 583 134 21 sakförarena
821 583 54 27 lyste
890 590 75 20 genom
982 583 32 21 sin

194 611 103 26 fränvaro,
321 611 67 21 ehuru
411 612 25 20 de
460 613 124 26 uppmanats
606 614 30 18 att
657 611 80 21 infinna
760 612 32 26 sig
812 612 27 27 pä
859 614 66 18 mötet
940 612 32 20 för
986 614 30 18 att

194 639 96 21 meddela
313 640 46 21 sina
382 640 82 21 äsikter.
494 640 41 21 Vid
558 640 36 21 det
612 640 88 27 tidigare
716 640 22 20 af
752 640 26 21 de
793 640 6 21 i
815 640 64 21 saken
895 640 71 21 hällna
981 640 34 21 tvä

194 668 183 21 sammanträdena
396 675 49 14 voro
462 669 121 26 visserligen
600 675 25 15 en
641 669 51 20 eller
708 669 34 20 två
757 669 106 20 sakförare
879 669 136 26 närvarande,

195 703 48 14 men
260 697 33 20 vid
311 697 35 21 det
361 703 73 15 senare
450 697 90 21 tillfället
556 705 36 14 var
606 697 46 22 icke
668 697 69 27 någon
754 697 106 22 tillstädes.
887 697 41 21 Det
944 697 71 22 betän-

194 724 74 28 kande,
291 732 44 14 som
358 732 30 14 nu
411 725 96 23 utdelats,
529 726 70 21 stöder
620 726 36 26 sig,
676 726 87 20 likasom
784 726 161 27 propositionen,
961 726 6 20 i
986 726 29 20 alt

195 738 111 46 väsentligt
321 754 25 26 på
365 754 41 20 den
422 749 164 33 öfverläggning,
602 761 44 14 som
662 754 105 21 förefallit.
782 754 40 21 och
838 755 25 20 de
880 754 74 25 beslut,
970 761 44 14 som

194 782 70 20 fattats
279 782 21 20 af
314 782 102 27 juridiska
436 784 122 25 föreningen
575 783 39 21 och
630 783 46 21 dess
692 783 172 27 filialföreningar
878 786 50 18 utan
946 783 67 27 någon

193 811 100 19 nämvärd
317 810 147 28 skiljaktighet.
494 811 86 21 Således
598 812 37 20 har
658 812 63 20 saken
742 799 127 33 åtminstone
884 812 58 20 inom
957 812 58 20 fack-

193 839 160 21 mannakretsar
369 839 67 21 blifvit
452 840 83 26 dryftad
552 840 47 21 med
616 840 27 20 all
659 840 40 20 den
714 840 140 27 grundlighet,
865 846 45 14 som
922 840 39 20 den
974 840 41 21 för-

195 868 73 26 tjänar,
283 868 40 20 och
338 874 34 14 om
388 868 134 21 sakförarena
538 868 72 21 därvid
627 868 45 21 icke
688 868 122 22 medvärkat
826 875 45 15 mer
880 871 27 18 än
918 870 26 20 de
955 870 60 26 gjort,

193 898 23 18 är
229 896 50 21 felet
295 896 60 21 deras
374 900 52 24 eget.
456 896 78 22 Vidare
550 898 37 20 har
601 897 135 27 lagförslaget
751 898 53 20 varit
819 898 114 20 refereradt
948 898 7 20 i
970 898 45 20 lan-

193 925 46 20 dets
261 925 107 27 tidningar
389 925 32 21 för
439 932 37 20 par
492 926 22 20 är
529 926 91 21 tillbaka.
650 925 41 21 Dot
706 926 66 21 måste
788 926 121 27 visserligen
927 926 87 27 medgif-

194 960 36 14 vas
252 956 30 18 att
304 954 68 26 nägon
396 954 91 26 polemik
510 955 71 20 därom
604 954 46 21 icke
671 954 99 27 uppstätt,
785 960 47 15 men
849 955 35 20 det
899 956 23 19 är
933 956 22 26 ju
972 955 42 20 ofta

193 982 58 20 fallet
274 982 47 21 med
345 982 105 21 allmänna
472 983 69 27 frågor
557 985 29 19 att
602 983 25 21 de
642 983 47 20 icke
705 983 79 27 dryftas
800 984 6 20 i
822 985 86 25 prässen
923 983 91 21 tillräck-

193 1010 38 27 ligt
253 1010 20 20 af
295 1011 55 26 dem,
366 1017 44 14 som
426 1012 64 20 saken
506 1014 39 18 rör.
575 1011 44 27 Mig
634 1018 63 20 synes
712 1012 82 20 säledes
810 1014 29 18 att
853 1012 53 20 intet
921 1012 46 20 skäl
981 1012 33 20 för

192 1038 71 21 vidare
278 1039 91 27 uppskof
384 1039 72 21 finnes.

258 1067 41 26 Jag
319 1068 77 20 nämde
411 1068 64 20 redan
492 1070 29 18 att
536 1068 57 20 inom
608 1068 101 27 juridiska
726 1068 85 26 kretsar,
827 1074 45 15 som
888 1068 46 21 bäst
948 1068 65 21 förstä

192 1095 87 20 bedöma
303 1096 71 26 saken,
398 1102 25 15 en
445 1096 81 27 värklig
549 1096 84 27 längtan
656 1098 30 19 att
701 1097 20 20 fä
736 1097 180 26 sakförarefrägan
932 1096 80 21 ordnad

191 1124 38 19 har
246 1124 132 20 förefunnits.
407 1124 30 27 Ty
453 1125 26 20 de
495 1112 122 33 nuvarande
632 1124 158 21 förhållandena
806 1127 35 18 äro
857 1125 154 27 oefterrättliga.

191 1151 73 21 Såsom
279 1152 7 19 i
301 1152 38 27 går
354 1146 119 27 anmärktes
492 1153 37 20 och
545 1153 79 21 hvilket
639 1153 25 20 hr
678 1153 91 21 Jansson
785 1153 61 21 äfven
862 1153 90 27 medgaf,
961 1159 52 26 upp-

191 1180 58 21 träda
265 1180 25 27 på
306 1180 145 28 landsbygden
475 1181 67 21 såsom
560 1181 106 21 sakförare
682 1181 40 21 alla
738 1181 85 28 möjliga
840 1170 112 39 urspårade
968 1182 44 20 exi-

191 1211 86 24 stenser,
299 1209 71 20 hvilka
392 1209 32 21 till
443 1209 64 27 ingen
522 1211 60 25 nytta
597 1211 35 20 äro
648 1210 32 20 för
694 1210 158 26 rättsväsendet,
867 1216 48 15 men
932 1210 34 21 väl
981 1210 30 20 till

191 1237 65 20 skada
271 1237 57 21 såväl
344 1237 32 21 för
391 1239 95 26 parterna
502 1244 44 15 som
563 1238 123 26 domstolen,
696 1238 33 20 för
738 1241 103 24 parterna,
852 1238 89 21 emedan
952 1239 60 20 dessa

190 1265 91 21 förledas
297 1265 31 21 till
344 1265 92 28 oskäliga
452 1267 138 26 rättegångar,
605 1267 39 20 och
659 1266 33 21 för
706 1267 124 26 domstolen,
841 1267 88 20 emedan
942 1267 70 20 denna

191 1293 102 27 betungas
308 1294 48 21 med
373 1295 86 26 onödigt
474 1295 76 20 arbete.
581 1295 41 20 Vid
637 1295 128 20 hofrätterna
780 1297 23 18 är
818 1293 140 22 förhållandet
974 1295 38 20 alls

191 1322 45 20 icke
261 1322 72 26 bättre,
355 1324 23 25 ty
399 1323 37 20 där
450 1323 38 20 har
503 1322 35 22 det
552 1323 124 21 nuvarande
691 1325 101 24 systemet
807 1323 43 21 ledt
865 1323 31 21 till
912 1323 35 20 det
962 1330 15 14 s.
992 1323 19 20 k.

190 1350 186 21 bulvanväsendet.
406 1351 151 25 Advokatyren
574 1351 106 20 därstädes
696 1351 77 20 drifves
789 1351 121 26 visserligen
927 1351 32 20 till
969 1353 43 18 stor

191 1377 34 21 del
240 1378 21 19 af
276 1384 100 21 personer
397 1379 49 20 med
460 1379 88 26 juridisk
565 1378 101 27 bildning,
680 1385 50 14 men
746 1379 60 20 dessa
822 1382 104 23 emottaga
941 1379 71 20 hvilka

190 1406 104 27 skräpmäl
317 1412 45 15 som
384 1407 60 27 hälst,
464 1407 39 21 och
519 1407 26 21 dä
560 1407 26 21 de
602 1407 132 27 naturligtvis
749 1407 46 22 icke
811 1407 71 21 kunna
898 1409 52 19 sätta
966 1407 45 21 sina

189 1441 101 20 personer
311 1435 7 20 i
342 1435 43 21 blöt
406 1436 32 20 för
460 1436 72 26 dylika
554 1435 47 28 mäl,
624 1436 23 20 sä
669 1436 93 21 anskaffa
782 1436 26 21 de
824 1443 27 14 en
866 1436 145 22 vaktmästare,

190 1463 137 28 stadsbetjänt
347 1464 51 21 eller
414 1471 70 14 annan
499 1463 65 22 sädan
580 1470 75 22 person
672 1465 39 20 och
725 1464 70 21 lämna
810 1465 69 21 denne
894 1465 8 20 i
918 1465 93 28 uppdrag

190 1494 29 19 att
234 1492 33 21 för
281 1499 26 15 en
323 1493 61 28 ringa
399 1493 115 28 ersättning
530 1493 68 22 säsom
613 1493 107 22 författare
736 1494 144 21 underteckna
895 1495 39 20 och
947 1494 63 21 sedan

189 1521 94 21 inlämna
305 1521 26 22 de
351 1522 21 21 af
388 1521 25 22 de
428 1522 55 21 förre
499 1525 97 25 uppsatta
610 1522 115 28 inlagorna.
755 1522 49 22 Man
820 1523 40 21 kan
877 1523 70 21 därför
962 1525 49 26 säga
