1125 1803
127 139 9 16 1
147 139 51 21 juni.
512 142 22 16 1.
548 141 21 16 0.
894 133 54 22 1565

195 210 31 19 att
240 208 154 22 bondeständet
408 209 92 26 godkänt
512 209 142 21 betänkandet
669 209 140 21 oförändradt.

195 236 11 21 I
221 237 116 27 anledning
352 237 59 20 häraf
425 237 38 20 och
479 237 33 20 för
527 237 105 21 vinnande
648 237 21 21 af
683 237 192 28 ständerpluralitet
889 237 6 20 i
907 236 41 21 den

127 265 34 20 del
176 265 22 20 af
213 265 71 27 saken,
305 265 60 21 hvari
380 265 35 21 tvä
429 266 61 20 ständ
506 267 83 20 stannat
604 268 43 19 mot
662 265 40 28 tvä,
718 265 32 21 fär
765 265 101 21 utskottet
887 265 62 20 vörd-

126 294 54 19 samt
195 293 85 21 föreslä:

401 352 33 19 att
452 351 150 27 ridderskapet
623 351 39 20 och
681 351 64 21 adeln
766 353 58 18 sami
847 351 100 26 borgare-

333 378 87 22 ståndet
436 378 52 22 ville
505 379 82 27 frångå
601 378 40 22 sitt
656 379 69 21 beslut
739 379 135 27 beträffande
888 378 59 28 före-

331 407 84 21 nämda
430 407 10 20 i
451 408 160 20 reservationen
625 408 124 26 föreslagna
765 407 152 27 tilläggskläm.

388 475 31 21 På
433 475 147 27 lagutskottets
597 477 88 26 vägnar:

427 532 87 28 August
529 532 108 28 Nybergh.

683 596 63 28 Filip
765 596 112 21 Grönvall.

194 687 33 22 Hr
241 688 202 27 Schybergson
459 688 71 21 anhöll
545 695 34 14 om
595 688 59 21 ordet
669 688 38 21 och
722 689 92 26 yttrade:
841 688 59 21 Efter
912 689 36 20 det

126 716 75 26 beslut,
225 723 45 14 som
294 717 154 26 prästeståndet
462 717 7 19 i
484 717 40 26 dag
543 717 38 20 har
602 717 65 26 fattat,
687 716 69 21 finnes
770 717 23 26 ju
809 717 59 25 ringa
883 717 65 21 utsikt

125 744 33 21 för
182 747 31 19 att
235 745 69 20 denna
327 745 94 27 petition,
443 745 62 21 äfven
526 751 35 15 om
582 745 41 21 den
639 745 119 21 föranleder
774 745 127 27 proposition
916 745 32 21 till

125 776 61 18 nästa
208 774 107 26 landtdag,
337 774 55 20 skall
414 774 56 26 gifva
492 774 64 26 något
577 780 46 14 som
643 774 54 20 hälst
711 773 93 21 resultat.
834 774 49 20 Men
901 774 47 21 icke

126 802 58 21 desto
201 802 82 21 mindre
299 803 38 20 och
353 802 27 21 då
395 802 40 21 den
446 802 133 28 inbjudning,
590 809 44 14 som
646 802 73 21 riktats
729 802 32 21 till
772 802 175 26 borgareståndet,

126 831 75 21 endast
221 831 66 27 gäller
306 833 31 19 att
357 831 83 21 ståndet
458 831 64 20 måtte
542 831 74 27 frångå
631 830 35 22 det
678 830 73 28 tillägg
765 830 83 22 ståndet
864 834 62 24 antog
941 831 7 20 i

126 860 94 26 enlighet
243 860 48 21 med
313 860 157 20 reservationen
486 860 7 20 i
509 860 111 21 utskottets
643 859 139 27 betänkande,
796 860 106 25 nämligen
919 862 30 19 att

126 888 76 21 valrätt
224 888 65 21 borde
311 888 137 21 tillerkännas
470 889 61 20 äfven
554 888 85 25 kvinna,
662 888 38 21 och
721 889 57 20 detta
797 888 72 27 tillägg
884 890 22 18 är
922 895 26 14 en

126 917 63 27 detalj
205 917 6 20 i
227 917 80 27 frågan,
322 917 86 21 hvilken
423 917 104 21 måhända
542 917 123 27 lämpligare
684 917 95 21 kommer
793 917 53 21 fram
861 917 7 20 i
884 920 64 18 annat

127 946 158 27 sammanhang,
301 946 23 20 så
339 946 38 20 ber
391 946 35 27 jag
440 947 30 20 att
484 946 22 20 få
520 946 105 26 tillstyrka
637 946 311 26 sammanjämkningförslaget.

195 1003 34 21 Hr
246 1003 147 27 Federley:
423 1003 41 21 För
483 1003 43 20 min
547 1003 34 21 del
604 1003 37 21 ber
655 1003 34 27 jag
705 1005 29 19 att
749 1003 21 21 få
786 1003 93 26 afstyrka
894 1003 54 21 före-

127 1032 93 20 varande
242 1032 133 26 inbjudning.
405 1031 41 21 Det
467 1032 79 27 tillägg,
568 1038 45 14 som
635 1032 68 20 finnes
718 1032 7 20 i
741 1032 162 25 reservationen,
925 1033 23 19 är

127 1060 46 20 icke
195 1060 23 20 så
239 1060 94 27 oviktigt,
348 1066 45 14 som
412 1060 41 20 den
468 1060 127 27 föregående
610 1060 79 20 talaren
705 1066 64 20 synes
784 1066 56 14 anse.
869 1060 42 20 Det
925 1062 24 18 är

128 1090 89 19 tvärtom
234 1089 21 20 af
271 1088 79 27 ganska
365 1091 44 18 stor
424 1088 114 27 betydelse,
554 1088 26 21 då
595 1088 36 21 det
645 1089 40 20 kan
702 1088 65 21 blifva
782 1094 26 15 en
824 1088 124 27 kompensa-

127 1117 45 20 tion
186 1117 33 20 för
234 1117 42 21 den
291 1117 145 26 utsträckning
450 1117 21 20 af
486 1117 108 27 valrätten,
610 1123 45 14 som
670 1116 33 21 för
714 1117 64 26 öfrigt
787 1116 99 21 förordas.
908 1116 41 21 För

126 1145 44 20 min
186 1145 35 21 del
237 1151 61 15 anser
318 1146 35 26 jag
368 1147 35 26 att,
418 1145 26 20 då
457 1145 153 28 prästeståndet
624 1145 47 21 icke
685 1146 38 19 har
738 1146 80 25 antagit
832 1145 114 27 petitionen

127 1174 38 21 och
191 1174 84 27 enighet
296 1175 58 20 inom
379 1175 191 26 representationen
594 1173 82 22 således
690 1174 47 21 icke
752 1174 38 20 har
805 1174 92 25 vunnits,
912 1174 37 20 det

127 1209 50 14 vore
193 1203 66 20 bättre
275 1204 30 19 att
319 1203 73 26 frågan
415 1202 43 21 helt
477 1203 38 20 och
531 1202 64 21 hållet
609 1202 56 27 finge
680 1203 88 21 förfalla.
798 1202 41 27 Jag
853 1203 95 20 förordar

128 1231 70 21 därför
212 1233 31 19 att
258 1231 172 27 borgareståndet
444 1231 112 21 vidblifver
570 1232 36 20 sitt
621 1231 55 21 förra
692 1231 73 21 beslut.

195 1288 32 21 Hr
256 1288 134 21 Stenroth:
416 1288 122 21 Puolestani
559 1288 86 27 pyydän
664 1288 63 21 saada
742 1288 66 27 yhtyä
826 1288 37 20 hra
883 1287 65 27 Schy-

127 1316 128 28 bergsoniin.
277 1317 194 21 Porvarissäädyllä
486 1323 27 14 on
528 1316 40 21 sitä
582 1316 120 21 vähemmin
717 1318 63 25 syytä
794 1318 67 26 pysyä
876 1316 72 21 edelli-

126 1347 58 19 sessä
199 1345 162 27 päätöksessään
379 1347 69 19 tämän
464 1346 59 20 asian
538 1346 95 26 suhteen,
649 1345 43 21 kun
707 1347 59 25 sääty
782 1344 123 28 puolestaan
920 1351 28 14 on

127 1376 130 24 myöntynyt
279 1374 124 21 sulkemaan
426 1374 72 20 naisen
521 1374 46 27 pois
588 1376 96 18 monesta
702 1374 122 20 oikeudesta
843 1373 105 21 kunnalli-

127 1402 53 20 sissa
202 1402 93 27 asioissa,
313 1402 58 27 jotka
386 1402 72 20 kaikki
473 1402 109 21 kuitenkin
599 1404 48 18 ovat
662 1402 39 21 sitä
715 1402 71 21 laatua
802 1404 42 18 että
858 1408 26 14 ne
900 1403 49 19 ovat

127 1430 129 25 käsitykseni
279 1432 92 18 mukaan
394 1430 62 20 aivan
479 1431 173 19 välttämättömät
673 1430 87 20 naiselle
775 1430 121 20 ennenkuin
912 1430 37 19 hä-

126 1457 56 21 nelle
199 1457 90 21 voidaan
304 1457 121 22 valtiollista
440 1457 141 21 äänioikeutta
597 1457 71 21 suoda.
695 1457 118 21 Mielestäni
829 1457 28 20 oli
866 1457 28 26 jo,
904 1457 43 20 kun

126 1486 145 27 porvarisääty
290 1486 43 20 teki
355 1485 149 21 ensimmäisen
520 1485 138 28 päätöksensä
673 1487 55 19 tässä
743 1487 84 25 asiassa,
842 1485 107 20 omituista

127 1516 43 19 että
177 1516 58 25 sääty
245 1515 60 26 yhtyi
313 1515 189 25 vastalauseeseen,
512 1514 107 21 sittenkun
631 1514 110 21 tuloksena
751 1515 77 20 muista
839 1514 110 27 naiskysy-
