1111 1806
100 137 25 16 25
138 137 47 20 maj.
401 130 212 31 Rättegångsombud.
862 130 54 20 1427

99 206 63 27 ingen
185 208 60 24 nytta
267 206 32 20 för
321 207 97 26 parterna
440 208 54 18 samt
516 205 62 21 hafva
601 212 25 14 en
650 205 108 27 synnerlig
779 204 93 27 förmåga
888 207 29 18 att

100 240 96 21 uppegga
211 234 106 27 allmogen
332 234 39 21 och
386 234 105 26 enfaldiga
506 236 69 25 parter
590 234 31 20 till
635 234 138 26 rättegångar.
799 232 33 21 Då
841 233 76 20 under-

100 263 142 20 domstolarna
264 263 63 20 hafva
349 263 78 20 försökt
450 265 34 22 att,
507 262 27 27 på
548 262 68 27 grund
632 262 20 20 af
668 261 128 21 domstolens
812 261 105 21 allmänna

100 291 119 21 kännedom
244 297 33 14 om
299 291 62 20 dessa
378 290 209 27 rättegångsombuds
602 290 167 20 kvalifikationer
784 290 64 20 vräka
863 290 55 25 dem,

99 320 63 20 hafva
177 319 95 26 utslagen
288 319 34 20 vid
339 319 126 21 öfverrätten
481 319 6 19 i
502 319 72 26 regeln
589 318 136 25 underkänts,
740 318 89 20 emedan
845 318 70 20 öfver-

99 349 67 19 rätten
188 348 80 20 fordrat
283 349 30 19 att
327 347 225 27 inhabilitetsgrunden
567 347 68 21 skulle
651 347 98 27 uppvisas
764 347 7 19 i
787 346 72 27 hvarje
875 348 42 18 sär-

100 376 63 21 skildt
185 376 42 21 fall.
257 376 32 20 Då
310 382 29 14 nu
355 376 151 20 bondeståndet
521 376 47 21 med
585 378 43 18 stor
643 375 106 27 pluralitet
763 376 38 19 har
816 375 102 20 förkastat

99 405 134 27 lagförslaget
248 405 39 20 och
303 404 26 20 då
344 404 104 27 utgången
466 404 62 21 också
540 404 7 20 i
559 404 56 20 detta
627 404 61 20 stånd
700 410 63 20 synes
774 403 62 25 oviss,
849 403 68 20 skulle

99 434 35 26 jag
154 434 32 19 för
207 433 43 20 min
271 433 34 20 del
321 432 76 21 föreslå
412 435 30 18 att
456 432 61 21 dessa
532 432 132 26 afdelningar
678 432 7 19 i
700 432 134 27 lagförslaget
849 432 68 19 skulle

99 461 71 21 ställas
190 461 119 21 oberoende
329 461 22 20 af
366 461 121 20 hvarandra.
516 461 42 20 Det
573 461 41 20 kan
628 461 23 26 ju
667 460 69 21 hända
751 462 28 19 att
795 460 72 26 frågan
883 466 34 14 om

99 489 229 27 sakförareföreningar
342 489 81 21 lämnas
438 489 106 20 beroende
558 489 32 21 till
605 495 27 14 en
648 488 107 21 obestämd
766 488 91 23 framtid,
868 494 48 14 men

101 518 70 21 därför
190 518 65 21 borde
275 518 46 21 icke
337 517 26 21 de
379 517 194 21 missförhållanden
589 517 35 27 jag
639 517 44 20 haft
698 519 49 18 äran
759 517 80 26 påpeka
854 516 64 21 blifva

100 547 118 26 oafhjälpta.
248 546 48 21 Den
319 546 107 26 afdelning
448 546 21 20 af
491 546 56 21 detta
568 545 118 27 lagförslag,
710 551 45 14 som
777 545 88 20 handlar
883 551 34 14 om

100 575 200 27 rättegångsombud
316 575 7 20 i
339 574 119 24 allmänhet,
466 574 68 21 finnes
548 575 7 19 i
572 575 11 19 1
600 574 38 20 och
649 575 12 19 3
673 574 31 26 $$,
717 573 71 20 hvilka
799 573 120 27 paragrafer

100 603 69 21 skulle
185 605 75 19 ersätta
277 604 12 19 2
305 603 39 21 och
360 603 12 20 3
388 603 26 26 $$
429 603 7 20 i
454 603 24 20 15
495 603 45 27 kap.
555 603 24 20 R.
595 603 24 20 B.
644 602 69 21 Jämte
729 602 35 21 det
774 602 143 25 stadgandena

99 633 8 19 i
129 632 124 21 nästnämda
274 632 82 27 lagrum
377 631 179 27 förfullständigas
574 631 39 20 och
634 631 130 26 förtydligas,
779 631 139 26 medgifves
907 627 14 36 i

101 661 12 20 3
130 661 11 26 8
158 661 20 20 af
193 660 140 27 lagförslaget,
348 660 147 20 motsvarande
511 661 12 19 2
540 660 11 27 &
567 660 26 20 15
609 659 45 27 kap.
671 659 21 20 af
706 659 23 20 R.
746 659 29 26 B.
791 662 34 23 att,
841 665 34 14 om
891 665 26 14 en

100 695 82 21 person,
202 695 44 14 som
261 689 47 20 icke
323 690 24 19 är
361 689 135 20 examinerad
512 689 65 26 jurist,
593 688 6 20 i
615 690 29 18 ett
659 688 90 20 enskildt
765 687 41 21 mäl
822 687 36 20 vill
874 687 44 20 föra

101 717 68 27 någon
186 723 79 15 annans
281 717 62 27 talan,
357 719 68 18 rätten
441 723 49 20 eger
505 717 72 27 pröfva
593 723 31 14 om
642 716 35 21 det
692 716 40 21 kan
747 716 77 21 tillåtas
836 716 82 20 honom.

100 746 130 26 Härigenom
253 746 68 20 skulle
344 745 117 21 domstolen
484 752 28 14 nu
534 745 83 21 komma
638 747 29 18 att
685 745 49 26 ingå
748 745 7 20 i
771 745 97 26 pröfning
884 751 34 13 om

101 781 26 15 en
145 775 65 20 sådan
225 781 75 20 person
315 774 32 21 får
362 774 102 27 uppträda
479 774 68 20 såsom
563 774 89 20 advokat
668 774 44 25 och,
728 775 50 19 utan
793 775 29 18 att
837 779 26 14 en
878 773 41 20 viss

101 803 197 27 inhabilitetsgrund
322 803 88 20 behöfde
432 802 88 27 påvisas,
540 803 83 20 kassera
645 802 83 26 honom,
751 808 32 14 om
801 801 117 21 domstolen

102 838 61 14 anser
184 832 78 20 honom
285 831 46 21 icke
347 838 49 13 vara
418 831 22 20 så
461 831 139 26 kvalificerad,
615 837 44 14 som
676 833 29 18 ett
720 830 198 27 rättegångsombud

102 861 38 20 bör
155 867 54 14 vara.
239 860 40 27 Jag
295 860 87 21 föreslår
397 862 29 18 att
441 860 83 21 ståndet
538 859 68 21 skulle
622 859 81 20 besluta
718 861 29 18 att
764 859 9 20 1
791 859 39 20 och
847 859 11 20 3
875 859 44 26 $$
905 855 17 36 i

102 889 56 20 detta
178 889 112 26 lagförslag
305 889 63 20 måtte
384 890 91 25 antagas,
498 889 5 20 3
520 889 11 26 &
547 888 53 21 dock
615 887 47 21 med
678 887 133 21 uteslutande
827 887 92 20 därifrån

101 917 55 21 hvad
180 924 32 14 om
236 917 227 26 sakförareföreningar
485 917 44 20 däri
550 917 68 20 finnes
639 916 102 27 stadgadt,
759 916 39 21 och
813 918 30 18 att
859 915 60 21 dessa

102 946 35 21 tvä
151 946 120 27 paragrafer
285 946 7 20 i
307 945 73 21 sädant
391 945 99 21 afseende
502 945 67 21 blefve
581 945 32 21 till
625 945 101 20 utskottet
736 944 182 21 äterremitterade.

102 975 67 20 Dessa
191 975 119 26 paragrafer
332 974 67 20 skulle
420 974 26 20 dä
469 974 104 26 upphäfva
595 974 12 19 2
628 973 39 20 och
683 974 11 19 3
711 973 26 27 $$
755 974 24 19 15
795 973 45 26 kap.
856 973 23 20 R.
895 973 23 19 B.

103 1003 38 21 och
162 1003 121 27 därigenom
305 1002 67 21 skulle
394 1002 25 20 de
435 1002 202 26 missförhållanden,
652 1008 46 14 som
714 1001 86 21 allmänt
815 1001 104 21 öfverkla-

102 1034 45 24 gats
173 1032 38 20 och
235 1032 72 20 hvilka
331 1031 32 21 för
387 1031 93 20 ständets
504 1031 138 20 medlemmar
666 1032 97 24 nogsamt
788 1030 58 20 torde
870 1036 49 14 vara

101 1060 96 26 bekanta,
219 1060 65 20 blifva
306 1059 105 27 afhjälpta,
434 1060 118 20 oberoende
574 1059 21 21 af
615 1065 33 14 om
665 1058 254 21 sakförareinstitutionen

101 1089 79 20 införes
194 1089 7 19 i
217 1088 45 20 värt
276 1088 50 20 land
342 1088 51 20 eller
408 1088 25 26 ej.

169 1145 32 21 Hr
222 1145 131 26 Jusölius,
373 1145 107 27 August:
513 1144 41 21 Det
574 1144 82 27 förslag,
677 1150 44 14 som
741 1144 25 20 hr
787 1144 81 26 Nysten
890 1150 29 13 nu

102 1176 69 18 senast
193 1174 66 26 väckt,
279 1174 105 26 nämligen
406 1175 30 19 att
456 1173 75 21 endast
551 1174 10 20 1
578 1174 39 20 och
633 1174 11 19 3
661 1173 25 26 $$
702 1173 7 19 i
724 1172 137 21 förevarande
877 1172 43 26 lag-

101 1202 78 26 förslag
200 1202 67 20 skulle
290 1202 122 27 godkännas
435 1202 39 20 och
497 1202 83 20 komma
603 1203 29 19 att
647 1203 76 19 ersätta
739 1202 11 19 1
767 1201 39 21 och
821 1202 12 19 2
850 1201 27 26 $$
893 1200 26 20 15

101 1232 46 26 kap.
163 1231 23 20 R.
201 1231 24 20 B.
241 1230 68 21 finner
323 1231 35 26 jag
372 1230 46 20 icke
435 1237 48 13 vara
498 1230 121 21 tilltalande.
644 1230 32 20 Hr
691 1230 93 26 Nystens
800 1230 87 26 mening
898 1231 23 17 är

103 1260 33 20 väl
158 1262 30 18 att
209 1259 116 27 ändringen
349 1258 67 21 skulle
436 1259 54 26 gälla
506 1259 73 20 endast
595 1259 12 19 2
623 1259 11 25 $
652 1258 25 20 15
693 1258 46 27 kap.
754 1258 23 20 R.
794 1258 30 26 B,
840 1260 22 24 ty
879 1258 40 26 18

103 1288 83 20 beröres
207 1288 47 20 icke
277 1288 20 20 af
319 1288 56 20 detta
396 1287 118 27 lagförslag.
544 1287 48 21 Men
613 1287 67 20 sävidt
700 1287 35 26 jag
750 1293 28 13 nu
795 1286 7 20 i
817 1287 47 19 hast
878 1286 40 19 kan

102 1316 89 20 bedöma
213 1316 24 20 hr
259 1316 93 26 Nystens
374 1315 83 27 förslag,
480 1315 68 21 skulle
571 1315 115 21 detsamma
707 1314 100 21 innebära
829 1316 30 18 att
873 1314 46 20 icke

103 1344 38 20 alls
163 1344 69 27 någon
255 1344 153 26 inskränkning
429 1344 7 20 i
460 1350 29 14 nu
511 1344 96 26 gällande
627 1343 97 27 rättighet
739 1343 32 20 för
786 1344 59 19 snart
860 1342 60 26 sagdt

103 1373 61 20 hvem
184 1379 45 14 som
245 1373 53 20 hälst
314 1374 29 19 att
358 1379 49 13 vara
422 1372 78 20 ombud
516 1372 7 20 i
539 1372 75 20 hofrätt
629 1372 51 20 eller
695 1373 86 19 senaten
797 1371 69 20 skulle
882 1376 38 20 ega

103 1408 52 13 rum.
185 1400 31 20 En
237 1401 153 26 inskränkning
412 1400 7 20 i
434 1400 74 21 sädant
524 1400 97 20 afseende
636 1406 37 14 var
688 1400 63 19 likväl
766 1400 64 20 redan
847 1398 72 21 afsedd

103 1430 6 18 i
125 1429 35 19 det
175 1429 78 25 förslag
267 1429 31 19 till
315 1428 94 26 partiella
424 1429 114 25 ändringar
551 1429 7 19 i
573 1428 23 20 R.
612 1428 30 25 B.,
658 1434 43 13 som
713 1428 34 19 vid
759 1428 56 19 detta
827 1427 94 19 ständer-

103 1458 56 18 möte
180 1456 87 26 tidigare
290 1456 128 26 behandlats,
438 1462 50 14 men
503 1456 76 19 hvarur
595 1456 12 18 2
623 1455 12 26 &
652 1456 26 19 15
694 1455 45 26 kap.
755 1454 23 20 R.
794 1454 23 21 B.
834 1454 87 20 uteslöts

103 1485 7 19 i
132 1484 99 20 afvaktan
254 1484 26 27 pä
302 1490 28 14 nu
354 1484 142 26 föreliggande
519 1484 133 26 proposition.
682 1483 38 20 Att
738 1484 75 19 stanna
829 1483 34 19 vid
880 1482 39 20 den

104 1513 79 27 ätgärd,
198 1519 45 14 som
259 1513 24 20 hr
297 1512 81 27 Nysten
394 1512 105 27 tillstyrkt,
514 1518 61 14 anser
589 1512 35 27 jag
639 1518 50 14 vara
704 1518 26 14 en
745 1512 120 26 halfmesyr,
876 1517 44 14 som
