1106 1798
97 125 24 16 15
133 125 47 20 maj.
327 124 123 18 Folkskolor
461 126 7 16 i
481 125 212 17 landskommunerna.
864 118 55 22 1163

97 193 91 28 pykälän
205 193 146 22 kolmannessa
367 194 135 21 momentissa
518 193 110 21 säädetään
645 195 42 20 että
704 193 142 22 kuvernöörin
856 193 63 26 tulee,

97 222 122 21 ennenkuin
241 223 41 20 hän
304 223 111 26 hyväksyy
437 223 28 20 tai
488 222 77 27 hylkää
591 222 189 21 kuntakokouksen
805 222 114 27 päätöksen

97 251 121 26 piirijaosta,
244 251 76 20 asiasta
346 251 92 20 hankkia
464 251 153 20 asianomaisen
643 251 275 26 kansakouluntarkastajan

96 279 106 26 lausunto,
217 279 43 20 niin
278 285 26 14 on
320 279 133 27 epäilemättä
468 279 75 20 eduksi
558 280 42 19 että
615 279 261 26 kansakouluntarkastaja
891 285 27 14 on

96 307 65 25 läsnä,
177 307 43 20 kun
236 307 89 20 ehdotus
336 307 115 27 piirijaoksi
461 307 97 26 tehdään,
568 306 66 21 koska
645 307 40 20 hän
696 307 69 20 silloin
777 307 33 20 voi
821 308 98 25 perustaa

97 335 156 21 kuvernöörille
274 338 127 18 annettavan
423 335 138 21 lausuntonsa
583 335 159 27 asiallisempiin
756 335 22 26 ja
792 335 127 26 tarkempiin

95 363 102 21 tietoihin.
228 363 128 21 Valiokunta
379 370 64 14 sanoo
466 365 43 19 että
530 365 53 19 tästä
604 363 90 26 syntyisi
713 363 77 21 haittaa
812 363 107 21 kunnalle.

95 391 45 21 Sitä
162 394 38 23 nyt
220 398 28 14 on
270 392 115 21 mahdoton
407 392 88 21 käsittää
517 393 42 20 että
579 391 47 21 siitä
648 391 52 21 voisi
722 391 41 21 olla
778 392 77 20 haittaa
877 393 42 19 että

94 421 201 26 asian-ymmärtävä
317 420 53 21 mies
391 427 26 13 on
439 420 91 26 neuvoja
545 422 123 19 antamassa.
699 419 129 22 Valiokunta
843 420 77 21 väittää

96 448 98 27 myöskin
217 451 42 18 että
280 449 47 20 siitä
350 448 89 27 syntyisi
462 448 117 27 viivytystä.
615 448 68 21 Mutta
704 449 107 26 suurempi
827 448 92 26 viivytys

96 477 32 20 kai
152 479 78 24 syntyy
253 477 47 20 siitä
320 479 42 19 että
384 477 276 26 kausakouluntarkastajan
680 477 120 20 lausunnon
822 477 97 26 johdosta

95 505 87 21 kunnan
199 507 71 26 päätös
285 505 57 22 tulee
357 505 112 27 hylätyksi.
499 505 88 21 Muuten
603 507 85 25 näyttää
703 505 75 21 olevan
793 505 125 26 jokseenkin

93 534 101 27 joutavaa
215 539 36 16 tuo
267 535 55 26 puhe
338 534 156 27 viivytyksestä,
510 534 43 20 kun
569 540 27 15 on
612 534 103 26 kysymys
730 533 82 27 asiasta,
826 533 50 27 joka
891 539 27 15 on

95 563 143 27 suoritettava,
254 563 97 20 niinkuin
367 562 122 21 valiokunta
504 563 103 26 ehdottaa,
623 562 85 21 kolmen
724 562 84 21 vuoden
818 562 100 21 kuluessa

94 592 30 20 tai
140 591 88 24 kahden,
244 591 98 21 niinkuin
357 591 65 27 esitys
437 591 103 21 ehdottaa.

164 648 32 21 Hr
211 648 182 27 Wiljakainen:
409 648 105 27 Nykyään
530 655 26 14 on
568 648 283 27 kansakouluntarkastajain
862 647 57 28 piirit

93 677 68 26 jaettu
183 677 49 22 niin,
256 679 41 19 että
318 677 58 21 vireä
397 677 113 27 tarkastaja
532 677 49 20 ehtii
599 677 67 26 käydä
680 676 115 27 jokaisessa
812 677 105 20 kunnassa

94 705 139 21 lukuvuoden
248 706 105 21 kuluessa.
382 705 38 21 Jos
436 706 80 21 kunnat
532 705 75 28 ajoissa
622 705 110 21 valitsevat
747 705 112 26 komitean,
868 705 50 27 joka

95 734 60 21 tekee
177 736 51 19 tuon
244 733 233 28 piirijakoehdotuksen,
493 735 43 19 niin
552 737 71 18 sattuu
638 734 50 20 ihan
703 740 99 15 varmaan
819 735 42 20 että
877 738 40 16 tar-

95 763 81 26 kastaja
198 763 56 20 tulee
276 763 93 20 kuntaan
392 763 46 20 sillä
453 763 68 26 ajalla,
536 762 73 27 jolloin
625 762 44 21 asia
684 769 27 14 on
730 763 187 26 valmistettavana,

93 792 23 26 ja
130 792 70 20 silloin
216 792 33 20 voi
265 791 91 21 komitea
378 791 64 26 hyvin
466 791 81 26 hyvästi
563 791 120 21 neuvotella
698 791 128 26 tarkastajan
842 791 76 21 kanssa

93 820 201 27 jakoehdotuksesta
315 820 21 27 ja
356 822 62 19 antaa
439 820 97 26 myöskin
552 819 141 27 tarkastajalle
708 819 52 21 niitä
774 820 78 27 tietoja,
867 819 51 27 joita

94 855 23 14 se
138 849 49 27 jaon
210 848 129 28 perusteeksi
362 848 72 22 katsoo
452 848 112 21 huomioon
581 848 124 21 otettaviksi.
734 848 81 21 Tuokin
831 848 86 20 lausun-

95 884 42 14 non
153 878 121 20 antaminen
290 877 34 21 voi
340 877 69 21 silloin
425 877 86 21 samalla
526 877 71 20 kertaa
613 877 99 27 tapahtua
726 877 21 27 ja
757 876 160 28 piirijakoehdo-

94 909 35 18 tus
145 913 25 14 on
188 906 68 21 silloin
273 906 75 21 valmis
362 906 156 21 kuvernöörille
527 905 164 27 lähetettäväksi,
702 905 47 21 eikä
761 906 76 20 tarvita
847 906 71 20 monia

95 935 81 21 mutkia
198 941 36 15 sen
256 935 189 26 käsittelemisessä,
465 935 33 27 jos
519 934 111 27 tarkastaja
653 940 27 15 on
703 934 53 21 ollut
770 934 93 21 mukana
878 934 40 20 sitä

94 964 110 20 tehtäessä.
234 963 93 21 Minäkin
351 964 35 20 siis
408 964 108 20 kannatan
538 963 38 21 sitä
592 964 157 20 sanamuutosta
764 964 42 19 että
821 964 96 25 määräys

94 991 57 21 tulee
167 992 130 20 kuulumaan
315 991 153 21 »kutsukoon».

164 1048 33 20 Hr
219 1048 135 26 Nybergh,
376 1048 118 26 August:
509 1048 41 27 Jag
565 1047 91 27 begärde
672 1047 59 21 ordet
746 1048 74 20 endast
834 1047 33 21 för
882 1048 35 25 att,

95 1076 48 22 med
164 1076 115 27 anledning
299 1076 21 21 af
335 1077 25 20 hr
374 1076 114 21 Sundvalls
502 1076 88 27 tidigare
606 1075 141 27 andragande,
762 1075 111 21 framhälla
888 1077 30 19 att

95 1105 36 21 det
153 1106 23 20 är
198 1111 25 15 en
246 1105 49 21 tvist
318 1111 33 15 om
374 1105 87 27 päfvens
476 1105 65 27 skägg
557 1104 103 22 huruvida
676 1104 124 27 stadgandet
816 1104 37 20 bör
867 1104 51 26 lyda

94 1133 71 21 säsom
184 1134 7 20 i
212 1134 142 20 betänkandet
375 1133 51 21 eller
442 1133 69 21 säsom
525 1134 7 20 i
548 1133 161 27 propositionen.
739 1132 30 27 Ty
784 1132 38 21 mä
837 1132 39 21 och
891 1134 26 18 är

94 1164 36 18 äro
152 1162 6 20 i
182 1162 56 21 detta
260 1162 37 21 fall
320 1161 86 22 alldeles
428 1162 105 20 identiska
552 1162 90 26 uttryck.
672 1160 39 22 Mä
725 1161 89 21 innebär
828 1161 47 21 icke
890 1167 26 15 en

96 1190 121 27 befallning,
233 1192 50 19 utan
306 1196 27 15 en
356 1190 96 21 tillätelse
474 1191 38 20 och
532 1192 23 18 är
569 1190 99 26 liktydigt
682 1190 48 20 med
746 1190 49 20 kam.
824 1189 51 21 Men
891 1189 26 21 dä

94 1225 50 14 man
166 1218 26 27 pä
215 1225 73 15 senare
304 1218 54 21 tider
372 1219 38 20 har
424 1219 134 21 missförstått
572 1219 60 20 ordet
647 1218 42 26 må,
705 1218 23 20 sä
742 1218 70 20 finner
825 1218 36 27 jag
876 1218 41 20 den

94 1246 22 21 af
137 1247 101 21 utskottet
253 1248 99 27 vidtagna
367 1247 166 27 formuleringen
548 1246 122 27 berättigad.
700 1246 132 21 Innebörden
849 1246 21 21 af
885 1248 32 18 ut-

93 1275 136 27 tryckssättet
250 1276 39 20 har
310 1275 34 21 väl
366 1276 53 20 varit
441 1277 30 18 att
493 1276 108 20 dekretera
624 1277 28 18 att
667 1275 213 27 folkskoleinspektor
894 1276 23 18 är

93 1303 86 27 skyldig
194 1306 30 19 att
238 1304 187 21 tillstädeskomma
440 1303 32 21 till
488 1306 28 19 ett
531 1303 160 26 sammanträde,
708 1309 34 15 om
760 1303 53 20 hans
828 1305 89 18 närvara

94 1332 99 27 påkallas,

162 1388 33 21 Hr
216 1388 143 28 Holmberg,
380 1388 74 21 Axel:
470 1388 41 27 Jag
526 1388 37 21 ber
578 1390 29 19 att
622 1387 21 21 få
658 1387 69 21 erinra
742 1388 26 20 de
784 1387 72 26 talare,
871 1393 46 14 som

95 1416 63 21 hafva
180 1417 61 26 yrkat
261 1417 27 26 på
309 1419 30 18 att
360 1417 212 26 folkskoleinspektor
586 1417 8 19 i
609 1416 72 25 hvarje
697 1416 37 20 fall
749 1415 54 21 skall
818 1415 99 21 tillkallas

94 1444 33 21 för
149 1446 30 19 att
194 1445 80 20 biträda
289 1445 36 20 det
341 1445 84 26 utskott,
440 1451 47 13 som
502 1444 53 21 skall
570 1446 94 24 uppgöra
679 1443 238 26 distriktsindelningen,

95 1475 30 18 att
145 1473 7 20 i
174 1479 80 15 samma
281 1472 102 28 paragraf,
411 1472 57 21 såväl
487 1473 7 19 i
517 1472 41 21 den
578 1471 76 28 nådiga
673 1471 156 28 propositionen
849 1471 69 21 som
902 1467 20 37 i

96 1501 112 22 utskottets
223 1501 83 28 förslag,
322 1501 60 28 ingår
396 1501 160 27 bestämningen
571 1503 31 19 att
614 1502 111 26 guvernör,
740 1501 66 20 innan
816 1499 42 22 han
867 1500 51 21 fast-
