1109 1781
76 127 12 16 6
100 127 46 20 maj.
369 121 231 31 Förmynderskapslag.
850 123 40 19 857

72 195 91 27 tillgripa
178 195 57 21 detta
250 198 88 23 yttersta
353 195 74 23 medel,
442 195 45 21 ifall
502 202 70 15 annan
588 197 64 26 utväg
666 197 30 19 att
710 195 62 21 räcka
788 195 25 21 de
830 195 62 22 oäkta

72 224 80 21 barnen
174 230 25 14 en
223 224 102 27 hjälpsam
348 224 55 20 hand
426 225 18 26 ej
468 225 41 20 kan
532 224 101 27 påfinnas.
655 220 16 36 I
694 225 35 19 sitt
747 224 145 27 föreliggande

72 252 133 21 betänkande
230 254 60 25 säger
312 252 62 21 också
396 252 146 26 lagutskottet:
560 259 39 14 »en
614 252 124 27 förbättring
753 253 21 20 af
789 252 26 21 de
830 253 62 20 oäkta

72 281 92 20 barnens
186 280 99 27 ställning
308 282 22 19 är
352 281 38 20 hos
410 287 33 14 oss
459 281 153 26 otvifvelaktigt
626 281 20 20 af
662 280 98 21 behofvet
774 280 116 27 påkallad.>

140 308 108 27 Impulsen
272 308 31 21 till
326 309 26 20 de
374 309 183 27 petitionsförslag,
580 315 45 14 som
647 309 35 20 vid
704 309 70 20 denna
791 309 102 27 landtdag

72 337 95 27 ingifvits
188 337 89 21 rörande
301 337 61 20 oäkta
385 337 57 26 barn,
457 337 38 20 har
512 337 68 27 utgått
595 337 45 20 från
656 343 106 21 personer,
778 343 46 14 som
839 337 31 21 stå
885 337 7 21 i

73 367 83 25 spetsen
177 365 31 21 för
230 365 39 21 den
286 372 14 14 s.
317 366 19 19 k.
351 365 177 27 kvinnorörelsen,
544 366 39 21 och
599 372 48 14 man
663 365 41 20 kan
719 365 51 27 godt
784 365 64 21 förstå
863 367 30 20 att

72 394 44 27 just
137 394 94 21 kvinnan
253 394 53 20 skall
328 400 39 21 ega
389 396 67 25 öppen
479 394 56 21 blick
554 394 33 21 för
606 393 83 21 mindre
708 393 88 28 lyckligt
813 394 79 21 lottade

73 423 58 20 likar.
161 422 50 21 Men
234 422 26 21 de
282 422 47 21 från
352 423 56 20 detta
425 422 43 21 håll
482 422 142 21 framkastade
639 422 105 27 förslagen
759 423 70 26 skjuta
844 423 49 20 vida

74 451 58 20 öfver
154 451 69 20 målet.
254 450 111 27 Samtidigt
385 457 45 14 som
453 457 48 14 man
522 451 64 27 yrkar
608 450 26 28 på
656 451 83 20 arfsrätt
761 451 53 20 efter
828 451 65 27 fader,

73 479 115 28 uppställer
203 486 47 14 man
267 479 84 21 fordran
367 479 27 27 på
408 479 101 21 afvikelse
524 480 47 20 från
582 479 97 28 gällande
689 479 154 27 processregler
853 480 40 21 och

74 508 37 20 vill
126 508 31 21 till
173 508 39 21 och
227 508 47 21 med
296 508 6 20 i
318 508 56 20 vissa
388 508 37 20 fall
439 508 71 21 lämna
524 508 80 21 kvinna
619 509 41 19 rätt
674 510 30 18 att
718 514 78 21 genom
810 508 83 28 edgång

74 537 52 26 fylla
140 536 112 26 bevisning
267 543 34 14 om
316 536 116 27 faderskap.
462 537 49 20 Men
528 537 63 21 bland
606 536 106 28 förslagen
727 537 61 20 fanns
802 539 34 24 ett,
847 543 46 14 som

74 568 72 24 syntes
161 566 44 26 mig
220 565 119 27 anslående,
354 566 43 26 just
411 565 57 21 detta
483 572 34 14 om
533 565 101 21 särskilda
647 565 134 26 förmyndare
789 565 33 21 för
832 565 62 21 oäkta

74 594 58 20 barn.
162 593 47 21 Kan
232 594 110 20 samhället
364 594 54 20 tillse
441 596 29 18 att
488 594 126 20 åtminstone
636 594 40 20 den
692 595 40 19 rätt
746 593 97 27 gällande
858 594 35 26 lag

74 622 136 20 tillförsäkrar
233 622 61 21 oäkta
316 622 52 20 barn
390 622 31 20 till
439 622 131 21 underhålls-
586 622 39 20 och
640 622 217 27 uppfostringsbidrag
872 622 22 20 af

73 650 59 21 fader
147 650 61 28 utgår
223 651 39 20 och
278 650 108 26 värkligen
401 651 95 20 kommer
512 651 79 20 barnen
607 650 31 21 till
654 650 60 27 godo,
728 650 31 26 då,
771 656 48 14 men
830 650 64 21 också

73 679 54 21 blott
152 679 26 21 då
200 679 52 21 låter
275 679 35 21 det
332 679 93 20 försvara
446 679 37 27 sig,
504 686 33 14 om
552 685 48 15 man
617 678 115 21 tillsvidare
748 678 98 21 förhåller
862 679 32 27 sig

74 708 109 20 afvisande
202 708 31 20 till
252 708 100 27 förslaget
367 714 33 14 om
416 708 83 20 arfsrätt
514 708 53 20 efter
582 707 64 21 fader.
675 706 33 22 Då
723 708 35 26 jag
772 707 122 21 inlämnade

74 736 46 21 mitt
136 736 183 28 petitionsförslag,
335 736 63 21 visste
412 737 36 26 jag
462 736 46 21 icke
524 738 29 19 att
568 742 80 15 samma
664 736 40 27 dag
719 736 6 20 i
741 736 153 27 prästeståndet

74 765 68 27 ingafs
166 771 25 14 en
214 765 86 27 petition
320 765 7 20 i
350 771 80 14 samma
448 767 67 23 ämne,
531 772 45 14 som
592 767 78 25 upptog
685 764 47 21 hela
747 767 147 25 programmet,

76 794 83 20 arfsrätt
182 793 52 21 efter
255 793 64 27 fader,
342 793 133 21 underlättad
491 794 111 26 bevisning
617 800 34 14 om
667 793 110 27 faderskap
794 794 38 20 och
848 793 46 21 där-

74 822 64 27 jämte
152 822 136 26 förmyndare
302 822 33 21 för
350 822 26 21 de
387 822 61 20 oäkta
460 822 85 21 barnen.
575 821 76 22 Denna
663 822 154 26 omständighet
829 822 65 20 borde

74 852 75 26 utgöra
172 857 25 15 en
223 850 88 21 särskild
336 851 87 27 maning
445 852 29 19 att
490 851 44 20 visa
549 850 135 21 förutseende
706 850 38 20 och
767 851 7 19 i
794 850 29 21 tid
843 850 51 21 söka

75 886 76 20 genom
175 879 85 27 lämplig
282 879 73 27 åtgärd
373 881 65 19 värna
460 879 54 27 dem,
536 886 45 14 som
604 879 46 21 icke
673 879 72 21 kunna
766 879 81 27 skydda
862 879 33 27 sig

75 908 80 27 själfva.
184 908 42 26 Jag
240 908 100 27 beklagar
356 910 29 18 att
399 908 136 26 lagutskottet
550 908 48 20 med
614 908 85 26 styrkan
715 908 21 20 af
751 908 32 20 sin
802 908 92 20 auktori-

74 938 31 19 tet
119 936 101 22 förklarat
234 936 228 35 förmyndareutvägen
476 936 212 21 otillfredsställande.
717 936 38 21 Att
773 936 69 21 denna
858 943 37 13 an-

75 965 56 22 litats
152 966 7 19 i
182 968 29 18 ett
232 965 50 21 land
297 965 49 21 med
362 965 23 21 så
399 968 56 18 stora
470 965 145 21 förhållanden
631 971 45 14 som
690 964 106 27 Tyskland
812 978 27 2 —
855 965 39 20 och

76 994 117 21 detsamma
211 995 23 20 är
256 994 59 21 fallet
336 993 63 22 också
420 994 8 20 i
450 990 105 25 Österrike
579 994 39 21 och
640 995 57 19 ännu
719 993 7 20 i
746 993 64 27 några
829 993 66 21 andra

75 1023 75 20 länder
165 1035 27 2 —
207 1022 65 21 borde
295 1023 54 20 dock
367 1023 73 20 kunna
454 1023 102 20 motivera
572 1025 29 18 ett
616 1022 70 21 försök
701 1023 38 20 hos
754 1029 40 14 oss.
824 1022 73 21 Skulle

76 1051 57 21 detta
155 1051 71 21 försök
248 1051 44 20 visa
314 1051 32 27 sig
362 1052 124 25 ovärksamt,
504 1051 27 20 då
545 1051 53 21 först
612 1051 38 20 har
664 1057 49 14 man
729 1051 44 20 skäl
790 1053 29 18 att
834 1051 63 20 tänka

75 1080 27 27 på
120 1080 65 20 andra
207 1081 88 25 utvägar
316 1067 33 33 för
371 1081 35 25 att,
427 1079 68 21 såsom
511 1080 62 20 äfven
589 1079 136 35 lagutskottet
740 1085 62 14 anser
817 1079 81 27 nödigt,

76 1109 101 20 förbättra
193 1108 25 21 de
234 1096 61 33 oäkta
305 1108 91 21 barnens
411 1104 105 31 ställning.
546 1108 107 21 Utskottet
663 1107 92 28 påpekar
765 1108 132 32 svårigheten

76 1139 30 19 att
124 1137 32 20 för
179 1137 79 20 enhvar
280 1137 20 20 af
323 1137 26 20 de
372 1137 105 20 femtusen
500 1137 62 20 oäkta
584 1137 58 26 barn,
661 1143 45 14 som
722 1136 78 27 årligen
816 1136 60 21 födas
890 1137 8 20 i

76 1165 78 27 landet,
176 1165 58 21 finna
253 1165 99 27 lämpliga
374 1165 135 26 förmyndare
525 1168 54 18 samt
594 1153 98 32 hänvisar
707 1165 31 20 till
754 1165 144 26 förmyndare-

77 1194 92 21 nämden
189 1194 39 21 och
246 1193 228 28 fattigvårdsstyrelsen
489 1194 38 20 och
543 1194 97 27 tillägger
654 1195 30 19 att
698 1193 8 20 i
721 1193 77 21 sådana
814 1193 42 27 fall,
872 1193 27 21 då

76 1223 88 20 modern
186 1223 47 20 icke
254 1222 47 27 själf
316 1224 23 19 är
354 1222 67 27 egnad
438 1224 30 19 att
482 1222 44 21 föra
542 1222 84 21 barnets
641 1221 62 27 talan,
716 1222 35 21 det
766 1224 23 18 är
804 1222 95 26 tillfylles

78 1253 30 19 att
128 1254 47 18 utse
198 1257 26 14 en
246 1251 40 27 god
305 1257 50 14 man
374 1251 32 20 för
424 1253 30 18 att
468 1251 7 20 i
490 1251 58 27 fråga
564 1257 33 14 om
613 1250 84 21 faderns
712 1251 140 26 förpliktande
868 1251 32 20 till

80 1279 124 27 utgifvande
219 1279 21 20 af
256 1279 176 21 barnaunderhäll
455 1279 79 20 bevaka
557 1279 85 20 barnets
664 1281 45 18 rätt.
743 1279 49 20 Men
814 1279 86 20 faktiskt

78 1309 24 19 är
116 1310 30 19 att
161 1308 92 21 hvarken
269 1307 228 28 förmyndarenämden
512 1308 52 21 eller
579 1307 139 27 fattigvården
728 1307 85 21 förmått
824 1309 76 19 uträtta

79 1337 90 26 mycket.
204 1336 106 27 Mängden
336 1336 22 21 af
382 1336 105 27 uppgifter
509 1336 55 21 vålla
591 1335 72 22 härvid
686 1336 133 27 svårigheter.
852 1335 48 21 Den

79 1365 137 20 kommunala
241 1364 140 28 fattigvården
402 1365 38 20 har
454 1365 32 20 till
501 1365 38 20 och
555 1364 48 21 med
620 1364 48 27 själf
682 1364 38 21 fått
735 1364 69 21 känna
820 1367 80 24 tungan

80 1393 21 20 af
120 1395 30 19 att
170 1393 106 27 begagnas
295 1393 69 21 såsom
379 1393 157 20 hittebarnshus
550 1393 22 21 af
587 1393 64 26 fäder,
666 1398 45 15 som
728 1392 81 21 kunnat
823 1393 77 20 under-

80 1421 55 20 hålla
154 1421 46 20 sina
221 1421 57 20 barn.
308 1421 31 20 På
361 1421 29 20 tal
408 1427 34 14 om
460 1421 132 26 svårigheten
612 1422 30 19 att
662 1420 78 21 erhålla
758 1420 86 26 lämplig
859 1420 41 20 för-

80 1449 102 26 myndare
204 1448 38 21 bör
264 1455 49 14 man
332 1448 90 21 betänka
443 1450 30 19 att
487 1449 117 27 uppdraget
618 1448 47 21 icke
681 1448 68 20 blefve
765 1448 136 26 synnerligen

80 1477 133 27 arbetsdrygt
238 1477 38 21 och
295 1478 29 20 att.
346 1483 80 15 samma
450 1482 75 22 person
548 1476 70 22 kunde
641 1476 119 21 handhafva
782 1476 52 21 flera
860 1476 41 21 för-

80 1506 148 28 mynderskap.
260 1505 42 22 Det
324 1506 69 20 blefve
416 1505 123 28 visserligen
562 1512 27 14 en
610 1505 117 27 värneplikt
750 1505 32 21 för
802 1506 99 26 värjande
