1070 1823
230 259 3 4 N
299 231 39 27 Ett
349 232 98 29 lifsvilkor
461 234 32 20 för
507 236 70 20 staden
593 239 22 17 är
630 237 77 20 säledes
723 240 30 18 att
766 239 112 20 densamma
893 239 87 22 kommer

227 265 14 26 i
256 260 221 25 jernvägsförbindelse.
504 256 7 37 =
513 263 78 22 Endast
606 265 83 21 sålunda
703 267 52 19 skall
767 268 34 19 det
813 256 65 37 blifva
892 274 25 14 en
930 270 49 24 möj-

227 288 62 24 lighet
311 288 32 20 för
360 291 70 19 staden
452 294 30 17 att
504 292 103 21 återvinna
628 294 120 21 åtminstone
766 296 61 24 något
837 297 26 19 af
877 298 35 19 sitt
925 296 55 22 förra

227 316 170 22 handelsområde,

297 346 53 20 Utan
373 349 29 18 att
422 354 26 14 nu
469 348 47 26 vilja
537 352 46 22 taga
607 351 102 25 vällofliga
731 352 174 25 borgareståndets
921 355 56 19 -tid
965 342 16 39 i

226 374 87 24 anspråk
327 376 45 20 med
387 378 29 18 ett
430 377 172 26 återupprepande
617 379 22 20 af
652 380 24 20 de
692 380 51 25 skäl,
758 387 42 14 som
810 381 21 21 af
838 386 139 21 representan-

225 404 56 18 terne
296 403 32 21 för
342 404 111 22 Brahestad
468 407 33 19 vid
515 408 56 20 såväl
586 408 55 21 1885
656 414 43 15 som
717 409 55 21 1888
787 410 58 21 årens
860 412 118 24 landtdagar

224 432 30 19 uti
276 432 23 20 af
318 433 44 20 dem
384 434 30 20 till
436 435 79 21 ståvdet
532 436 75 25 ingifna
625 438 197 24 petitionsmemorial
837 439 66 21 blifvit
917 440 60 20 fram-

219 456 72 41 hållna
308 461 32 21 för
362 462 151 25 ifrågavarande
535 466 52 20 bana
609 467 37 19 och
660 467 68 20 hvilka
743 468 43 20 skäl
800 468 123 21 fortfarande
939 472 39 23 äga

223 494 31 16 sin
268 490 50 21 fulla
332 492 96 24 giltighet,
443 494 36 19 ber
491 494 35 24 jag
541 497 30 17 att
585 495 64 20 såsom
664 496 117 24 ytterligare
795 498 61 19 motiv
868 497 33 21 för
911 498 65 21 denna

223 519 63 21 banas
301 520 102 26 byggande
418 522 20 20 få
453 522 76 26 anföra,
543 526 30 17 att
594 524 72 24 derest,
682 526 65 19 såsom
757 526 101 24 antagligt,
869 526 106 21 Savolaks-

224 548 64 20 banan
307 550 71 20 varder
393 550 91 26 förlängd
499 552 52 20 ända
565 552 49 20 fram
628 553 31 20 till
673 554 80 24 Kajana
767 556 51 24 stad,
833 556 82 24 uppstår
929 556 46 20 med

223 582 107 19 detsamma
349 582 58 20 äfven
422 581 56 24 fråga
494 587 30 14 om
539 581 112 25 riktningen
666 582 22 20 af
701 583 38 20 den
755 588 59 15 norra
829 584 144 20 sammanbind-

222 610 123 24 ningsbanan
367 610 83 20 emellan
473 610 123 20 Savolakska
617 611 36 20 och
674 611 138 25 Uleäborgska
834 613 139 26 jernvägarna,

221 639 82 21 hvarvid
319 640 64 19 säsom
401 639 37 20 den
454 639 128 25 naturligaste
597 640 37 20 och
650 640 65 20 tillika
729 641 89 19 kortaste
834 642 139 24 sträckningen

222 672 31 16 ter
267 669 30 24 sig
314 674 25 14 en
356 668 54 25 linie,
426 674 48 17 som,
488 668 98 24 utgäende
601 668 44 20 frän
660 669 60 24 nägot
735 669 57 20 ställe
806 669 13 20 &
834 669 64 21 banan
913 671 61 19 söder

221 703 31 13 om
274 697 78 25 Kajana
374 698 51 24 siad,
448 697 70 23 skulle,
540 698 45 19 med
602 698 111 20 berörande
729 698 22 20 af
764 698 124 20 Vuottolahti
904 699 33 19 vik
951 700 22 19 af

220 726 51 20 Uleä
286 727 61 23 träsk,
362 726 94 21 fortsätta
469 731 70 20 genom
553 726 83 26 Kestilä,
647 727 101 19 Frantsila
763 727 37 20 och
816 727 86 21 Paavola
915 728 55 19 kom-

219 761 68 14 muner
309 756 7 19 i
330 756 37 20 räk
382 756 94 24 riktning,
491 755 83 21 sålunda
589 758 29 17 att
633 755 58 20 deras
707 756 89 24 samtliga
811 756 75 24 kyrkor
898 757 71 23 jemväl

220 784 21 19 af
259 785 108 24 jernvägen
389 785 102 23 berördes,
506 785 30 19 till
549 784 65 25 Lappi
629 785 74 19 station
718 785 13 19 ä
745 784 137 24 Uleäborgska
896 785 73 25 banan,

218 812 45 20 frän
281 814 75 19 hvilket
374 814 58 20 ställe
446 814 86 20 bibanan
547 813 30 20 till
592 813 111 20 Brahestad
718 816 23 17 är
755 813 69 20 afsedd
838 815 30 18 att
882 814 87 24 vidtaga.

218 840 75 22 Genom
315 848 24 14 en
361 842 251 26 sammanbindningsbana,
627 842 74 24 dragen
715 842 8 19 i
737 842 131 24 nyssnämnda
882 842 88 25 riktning

218 870 38 20 och
277 871 45 19 med
337 871 113 23 anslutning
464 871 31 19 till
509 872 85 19 nämnda
610 871 73 20 bibana
697 870 64 20 blefve
776 871 44 20 icke
836 871 50 20 blott
900 870 67 20 behof-

217 901 33 17 vet
264 899 22 20 af
299 900 37 19 den
352 900 30 19 till
398 900 104 19 utförande
515 899 119 25 ifrågasatta
649 899 64 20 Vaala
727 899 66 20 banan
803 899 97 24 betydligt
909 900 58 19 redu-

217 928 68 19 ceradt
306 930 48 17 utan
372 933 74 15 vunnes
468 929 99 19 dessutom
586 929 38 19 den
638 928 91 20 fördelen
744 930 29 17 att
788 929 34 18 det
836 929 42 19 inre
894 928 74 24 landet,

216 961 43 14 som
273 957 12 19 &
299 956 48 23 hela
359 957 37 19 den
411 957 58 24 långa
483 957 138 20 kuststräckan
637 957 43 20 från
695 956 152 25 Gamlakarleby
862 957 30 19 till
907 957 60 20 Uleä-

216 985 49 24 borg
287 987 22 18 är
328 986 7 18 i
350 985 96 20 afsaknad
461 985 22 20 af
497 985 213 25 jernvägsförbindelse
736 985 44 20 med
801 985 74 24 hafvet,
892 985 75 20 erhölle

216 1019 24 14 en
262 1013 32 20 för
315 1016 71 22 export
407 1015 36 19 och
465 1015 72 24 import
558 1015 45 24 god,
618 1015 47 24 djup
681 1013 37 20 och
733 1014 37 19 lätt
784 1013 117 26 tillgänglig,
919 1014 45 19 med

214 1041 89 25 ledfyrar
322 1042 81 21 försedd
420 1044 63 25 hamn,
504 1049 41 15 som
560 1043 67 20 dertill
641 1043 47 20 höst
702 1043 38 20 och
754 1043 35 20 vär
804 1042 76 20 tillåter
895 1043 72 24 sjöfart

214 1071 142 28 sammanlagdt
371 1072 82 24 ungefär
467 1078 24 14 en
506 1073 71 19 månad
591 1073 68 23 längre
675 1074 25 17 än
714 1071 111 25 Uleåborgs
840 1072 65 19 hamn.

284 1099 64 21 Äfven
369 1101 32 20 mä
420 1101 71 20 härvid
509 1101 88 25 päpekas
617 1103 31 18 att
663 1100 26 20 dä
703 1102 30 18 ett
745 1100 124 20 seminarium
884 1105 83 14 numera

213 1128 65 20 blifvit
295 1130 88 23 förlagdt
402 1130 29 19 till
449 1130 111 20 Brahestad
574 1132 50 18 samt
639 1130 107 19 detsamma
761 1129 42 19 med
820 1129 26 19 all
862 1129 101 19 sannolik-

212 1156 35 20 het
267 1158 52 20 inom
341 1157 51 21 allra
410 1160 97 18 närmaste
529 1158 80 20 framtid
622 1158 72 20 varder
708 1157 103 24 utvidgadt
826 1157 30 20 till
871 1159 29 18 ett
914 1163 49 14 sam-

212 1188 86 18 mansatt
312 1186 72 20 sådant
398 1188 44 19 med
458 1190 29 18 ett
501 1188 98 19 elevantal
614 1186 20 21 af
647 1187 62 23 något
723 1186 56 20 öfver
794 1185 42 21 200
846 1188 50 18 samt
906 1186 57 20 äfven

212 1215 33 19 det
261 1215 11 19 &
287 1217 57 17 orten
354 1215 118 26 förefintliga
481 1216 197 20 handelslärovärket
688 1216 36 19 har
734 1215 55 20 öfver
800 1215 77 19 hundra
891 1215 73 23 elever,

212 1244 21 19 af
253 1244 67 20 hvilka
342 1244 25 20 de
381 1243 57 22 flesta
460 1248 35 17 äro
518 1245 37 20 och
577 1244 77 20 komma
673 1246 30 18 att
719 1250 49 14 vara
782 1243 49 20 från.
841 1244 42 19 vidt
898 1244 65 19 skilda

210 1273 78 20 trakter
303 1273 21 20 af
337 1273 45 20 vårt
396 1274 53 26 land,
464 1274 37 20 bör
515 1274 35 19 det
564 1274 86 18 tillskott
660 1273 8 18 i
678 1270 135 22 inkomsterna
823 1272 44 20 från
879 1278 82 18 person-

210 1302 92 23 trafiken,
317 1307 42 15 som
373 1302 65 20 banan
453 1302 36 20 har
504 1304 30 18 att
548 1302 88 24 päräkua
644 1301 22 20 af
672 1301 171 26 nämnda'elevers
853 1300 48 21 flere
913 1301 49 25 gän-

210 1336 35 18 ger
259 1336 30 15 om
305 1331 44 20 året
363 1330 87 20 skeende
464 1336 57 14 resor
539 1331 45 20 icke
599 1330 61 20 blifva
675 1330 23 20 sä
713 1330 115 24 obetydligt.

280 1360 58 19 Efter
357 1360 33 19 det
404 1360 149 22 ifrågavarande
568 1359 72 19 bibana
654 1358 171 24 hufvudsakligast
839 1359 26 24 på
880 1358 81 20 stadens

208 1386 112 21 bekostnad
342 1386 66 21 blifvit
426 1388 45 19 med
492 1386 112 25 Kejserliga
626 1386 96 20 Senatens
744 1386 56 20 bifall
814 1386 146 20 instrumentalt

208 1416 110 20 undersökt
328 1416 21 20 af
360 1416 137 24 Uleåborgska
505 1415 283 25 jernvägsbyggnadskomitén
795 1416 63 19 under
866 1415 95 20 inseende

208 1444 22 20 af'
244 1445 44 20 dess
310 1445 150 25 öfveringeniör,
475 1444 36 20 har
526 1444 69 20 staden
605 1444 117 24 ytterlikare
732 1450 69 18 genom
817 1444 142 24 stadsingeniö-

207 1479 36 14 ren
265 1474 86 20 Herman
365 1474 98 20 Norrmén
485 1473 45 21 låtit
552 1475 93 23 upprätta
660 1473 33 20 två
708 1474 64 20 skilda
787 1473 174 24 kostnadsförslag
