1103 1817
202 128 54 20 1020
498 127 231 32 Järnvägsbyggnader.
938 134 23 16 12
973 134 47 21 maj.

201 202 82 27 Kajana
298 202 32 21 till
344 202 81 20 Iisalmi
440 204 22 18 är
478 202 26 20 90
520 202 115 27 kilometer,
652 202 46 20 från
713 202 81 21 Iisalmi
809 202 31 21 till
855 202 84 27 Kuopio
950 202 26 21 86
986 202 35 21 km

201 232 39 19 och
256 230 45 20 frän
317 230 83 28 Kuopio
416 230 32 21 till
463 230 80 27 Viborg
559 231 41 21 394
611 231 41 24 km,
665 237 82 15 summa
759 231 40 20 570
809 231 41 20 km.
880 227 65 24 Öfver
957 230 66 22 Joen-

202 265 40 15 suu
264 261 22 19 är
307 258 104 22 afständet
431 259 45 21 åter
491 260 39 20 556
547 260 41 20 km.
618 259 85 21 Således
719 261 23 19 är
757 259 61 21 äfven
834 260 69 20 denna
919 260 80 27 uppgift
1014 260 7 20 i

202 288 175 20 kommissionens
403 288 109 20 berättelse
534 288 91 27 felaktig.
655 288 30 20 Pä
704 288 65 21 slutet
789 288 20 20 af
830 294 80 14 samma
925 288 45 20 sida
986 288 36 20 vill

201 322 50 14 man
266 316 47 21 icke
328 316 60 21 ställa
402 316 162 27 Kajanaboarna
576 317 7 20 i
594 316 104 21 beroende
712 317 21 20 af
743 316 177 28 spanmälsprisen
929 316 8 20 i
947 316 76 21 Sorda-

202 345 53 25 vala,
277 350 49 14 men
346 345 69 20 kastar
434 345 49 20 dem
497 345 86 26 mycket
597 345 168 21 förtroendefullt
783 346 4 20 i
802 345 107 21 händerna
924 344 26 28 pä
965 344 58 22 Kuo-

203 373 35 27 pio
253 372 153 22 handlandena.
436 373 30 21 På
482 374 74 26 pagina
572 374 26 20 60
614 373 94 26 angifves
723 373 98 22 Karttula
837 373 112 21 kommuns
964 373 60 21 äker-

203 401 56 21 areal
274 401 32 21 till
322 402 88 26 170,000
425 402 74 20 hektar
514 402 38 21 och
567 402 27 28 pä
609 402 76 27 pagina
701 402 27 20 54
743 402 110 27 uppgifves
869 402 44 21 äter
928 402 97 21 kommu-

202 436 53 15 nens
270 430 48 21 hela
333 430 56 21 areal
411 430 31 21 till
467 430 41 21 660
530 430 204 21 kvadratkilometer.
763 431 31 20 Pä
808 431 76 27 pagina
899 431 27 20 63
942 430 40 21 och
996 431 29 20 64

202 459 69 20 finnas
293 459 80 27 ganska
395 461 56 18 stora
478 459 195 28 besynnerligheter
702 459 129 22 beträffande
853 459 130 28 mäjerierna.
1013 459 11 22 I

202 487 104 21 Pielavesi
321 487 68 22 skulle
404 487 69 22 finnas
489 488 41 21 305
546 488 96 27 mäjerier
656 488 48 21 med
720 490 29 19 ett
764 488 224 28 tillvärkningsbelopp
1003 488 23 21 af

203 516 89 27 200,000
314 517 28 26 kg
362 517 39 20 och
416 517 7 20 i
439 516 98 21 Sotkamo
560 517 25 20 12
606 517 97 27 mäjerier
719 517 47 21 med
782 523 79 15 samma
877 517 148 27 produktions-

202 545 82 27 belopp.
314 545 99 21 Sotkamo
436 547 88 19 smörets
547 545 135 22 bruttovärde
703 552 81 21 uppges
806 545 31 21 till
853 546 74 21 endast
950 546 75 26 36,000

203 574 65 26 mark,
284 573 81 22 således
381 574 75 21 endast
471 574 26 21 18
512 575 64 26 penni
592 581 36 20 per
643 574 108 27 kilogram.
781 574 63 21 Detta
859 575 41 20 kan
916 581 50 14 vara
978 581 47 20 nog.

202 603 41 26 Jag
259 603 37 20 har
311 602 56 21 velat
382 603 72 20 anföra
469 603 97 28 exempel
582 603 26 28 pä
622 603 55 20 huru
694 603 109 28 bristfällig
817 603 70 21 denna
897 603 130 27 utdredning

203 633 29 25 är,
247 631 26 28 pä
289 631 84 21 hvilken
389 631 113 22 ständerna
517 632 68 21 skulle
598 632 82 21 besluta
695 631 121 28 byggandet
831 633 20 20 af
866 638 26 15 en
904 631 54 22 bana
967 631 60 22 Kuo-

204 660 148 27 pio—Tisalmi.

271 688 41 27 Jag
334 689 79 27 hoppas
435 691 30 19 att
486 689 114 21 ständerna
622 689 39 21 och
684 689 73 20 främst
778 689 173 27 borgareständet
972 689 54 21 skall

203 717 72 26 lyssna
300 717 31 21 till
353 717 155 22 Nordkarelens
534 717 103 22 anhållan.
667 717 41 22 Det
731 717 64 28 hegär
813 718 47 21 icke
875 720 65 19 annat
954 719 27 20 än
996 719 31 20 att

204 746 48 21 dess
267 745 130 22 trafikkällor
418 747 39 20 och
479 746 155 28 trafikförmäga
656 746 59 21 skola
738 746 65 21 blifva
818 747 128 21 undersökta
960 747 66 20 innan

205 775 35 20 det
254 775 111 27 ödesdigra
380 775 91 22 beslutet
486 775 67 22 fattas.
583 775 28 21 Vi
626 775 101 22 Karelens
739 777 168 26 representanter
917 777 47 20 veta
975 782 51 21 nog-

204 806 54 19 samt
280 806 30 19 att
329 804 36 21 det
380 805 34 27 tal,
426 804 49 21 med
490 804 80 21 hvilket
583 811 50 14 man
648 804 37 21 vill
701 804 77 28 afspisa
793 811 34 14 oss
842 805 33 20 för
888 805 139 26 närvarande,

205 833 18 20 d.
240 839 17 14 v.
273 839 15 14 s.
304 835 29 19 att
348 833 61 21 äfven
431 833 37 21 vär
488 835 35 19 tur
544 835 58 19 snart
617 834 100 26 kommer,
733 835 22 19 är
770 835 29 19 ett
815 835 52 20 tomt
881 834 34 20 tal.
945 833 31 27 Ty
990 833 36 22 det

204 868 50 14 vore
270 864 28 18 ett
314 861 97 22 slösande
426 862 48 21 med
490 862 82 21 landets
594 868 94 15 resurser
703 869 34 14 om
752 862 36 21 tvä
803 862 66 21 banor
883 862 69 21 skulle
967 862 60 21 ledas

205 897 42 20 upp
263 890 31 21 till
309 890 82 28 Kajana
412 891 64 20 härad
499 891 39 20 och
560 891 105 26 Uleåborg
679 897 76 21 genom
771 891 62 20 dessa
848 891 53 27 glest
916 891 111 21 befolkade

205 919 83 20 trakter.
317 918 42 22 Det
376 919 68 21 skulle
458 926 50 14 vara
519 921 29 19 att
559 919 112 21 förfördela
679 919 66 21 andra
760 919 79 22 trakter
853 920 21 20 af
888 919 78 27 landet,
981 926 46 15 som

205 947 61 21 hafva
282 949 65 20 större
363 947 143 28 berättigande
521 948 27 27 pä
562 948 92 27 järnväg.
683 948 42 26 Jag
740 948 99 27 beklagar
853 950 29 19 att
893 949 26 20 de
930 948 96 21 karelska

205 978 206 25 representanternas
436 977 98 20 anhållan
557 977 37 20 har
622 977 54 20 måst
705 977 70 20 ikläda
798 977 31 27 sig
857 983 26 14 en
905 977 60 23 form,
980 983 46 15 som

205 1005 117 27 misshagar
336 1005 181 21 savolaksboarna.
547 1005 41 22 Det
602 1006 38 21 har
655 1005 46 21 icke
716 1005 83 22 kunnat
813 1006 85 27 hjälpas.
928 1005 42 22 Det
984 1006 42 20 kan

205 1034 24 27 ju
244 1033 69 22 hända
328 1036 29 19 att
371 1034 35 21 vid
419 1041 25 14 en
460 1034 65 21 sådan
542 1034 162 27 undersökning,
719 1035 86 20 hvarom
822 1035 21 20 vi
853 1034 89 27 anhålla,
952 1034 76 21 sådant

205 1062 88 21 resultat
308 1062 68 21 skulle
397 1063 87 27 framgå,
492 1065 30 18 att
531 1063 118 23 ständerna
665 1063 68 21 skulle
748 1063 110 26 föredraga
874 1063 41 21 den
930 1063 97 21 karelska

203 1091 99 20 'sträckan
324 1091 86 21 framför
433 1091 41 21 den
496 1091 130 21 savolakska.
656 1091 49 20 Men
727 1092 60 20 öfver
802 1091 52 21 både
871 1091 101 21 Savolaks
988 1092 39 20 och

206 1119 92 21 Karelen
314 1119 41 22 står
370 1119 47 22 hela
432 1120 76 21 landet.
540 1119 43 22 Och
604 1120 35 21 det
654 1120 41 21 kan
710 1120 47 21 icke
771 1126 50 15 vara
837 1123 63 18 annat
916 1122 26 19 än
957 1121 70 20 fören-

206 1148 38 26 ligt
258 1148 48 21 med
329 1148 47 21 hela
399 1148 81 22 landets
497 1149 38 20 väl
556 1151 29 18 att
607 1149 127 20 beträffande
751 1149 60 20 dessa
827 1148 52 27 dyra
894 1149 39 20 och
948 1149 79 27 viktiga

206 1177 296 21 kommunikationsanstalter
516 1184 110 21 noggrann
641 1177 114 27 utredning
769 1177 131 21 införskaffas
910 1177 71 21 förrän
992 1177 36 21 be-

206 1205 64 20 slutet
292 1211 34 15 om
347 1205 63 27 långa
430 1207 182 26 järnvägsstäckor
626 1206 7 20 i
648 1205 60 21 dessa
731 1205 79 22 trakter
830 1205 67 22 fattas.
927 1205 35 22 Nu
985 1205 43 21 står

207 1233 191 27 representationen
415 1234 61 21 delad
490 1235 8 19 i
513 1234 36 21 två
563 1234 63 27 läger,
641 1235 33 19 för
688 1234 35 21 två
738 1234 56 21 olika
809 1234 150 27 sträckningar.
980 1233 47 22 Den

207 1268 39 14 ena
262 1262 85 21 stäckan
362 1264 23 19 är
401 1263 120 23 undersökt,
544 1263 68 20 ehuru
634 1263 74 20 endast
730 1263 21 20 af
774 1263 41 20 den
837 1269 40 14 ena
891 1265 79 24 parten,
986 1262 41 21 den

209 1290 64 21 andra
288 1291 96 20 sträckan
397 1293 23 18 är
434 1291 44 21 helt
493 1291 40 21 och
547 1291 65 21 hållet
626 1291 134 20 oundersökt.
789 1291 42 27 Jag
845 1291 42 20 kan
901 1291 47 20 icke
963 1290 65 21 förstå

206 1320 66 19 annat
292 1321 27 18 än
339 1321 35 24 att,
395 1326 35 14 om
451 1326 49 14 man
520 1319 71 22 ställer
606 1320 32 27 sig
652 1319 26 28 på
693 1326 26 14 en
735 1319 92 27 objektiv
843 1319 135 28 ståndpunkt,
993 1319 35 22 det

207 1347 103 26 knappast
324 1347 42 21 kan
381 1348 68 20 finnas
464 1354 58 14 mera
537 1350 27 18 än
580 1350 29 18 ett
624 1350 39 17 sätt
678 1350 30 17 att
723 1348 82 20 besluta
820 1349 7 18 i
843 1348 69 20 denna
927 1348 43 19 sak.

275 1402 33 21 Hr
322 1402 141 22 Kerttula:
487 1402 72 21 Oulun
574 1403 55 20 lääni
645 1409 27 14 on
687 1402 54 21 ollut
751 1404 22 26 ja
783 1410 27 14 on
821 1403 103 21 tavallaan
937 1402 90 22 vieläkin

206 1430 129 29 takapajulla
348 1431 78 21 muista
440 1431 107 27 lääneistä,
563 1432 51 20 mitä
628 1432 243 21 rautatierakennuksiin
879 1432 63 20 tulee.
964 1432 64 20 Tämä

205 1460 234 21 rautatievaliokunnan
458 1461 96 20 mietintö
570 1460 64 21 onkin
649 1460 142 28 miellyttänyt
806 1460 84 22 kaikkia
904 1460 124 28 pohjolaisia

207 1489 119 21 erittäinkin
351 1489 48 21 siitä
423 1491 72 25 syystä
519 1490 43 20 että
583 1491 55 19 tässä
660 1490 137 21 mietinnössä
819 1490 125 21 ehdotetaan
967 1491 61 25 myös

206 1517 81 21 Vaalan
303 1518 82 21 ratakin
400 1518 189 21 rakennettavaksi.
611 1518 81 21 Vaalan
707 1520 58 20 rataa
781 1525 27 15 on
824 1518 62 22 tähän
897 1519 39 21 asti
947 1523 81 17 vastus-
