1084 1803
349 161 295 30 Petitionsmemorial.

200 225 111 38 Borg.st.
723 232 43 23 N:o
781 232 39 24 62.

299 546 48 21 Till
365 546 133 25 Vällofliga
515 546 213 25 Borgareståndet.

201 605 59 23 Ända
280 609 62 20 sedan
364 607 54 21 1882
436 609 33 19 års
489 610 94 24 landtdag
602 610 37 19 har
653 610 69 23 frågan
744 615 32 14 om
796 616 25 14 en
842 610 46 24 syd-

136 637 144 20 österbottnisk
293 638 89 24 jernväg,
393 637 86 25 hvilken,
495 638 120 20 sträckande
630 638 30 24 sig
679 638 56 24 längs
750 638 55 25 Kyrö
820 638 68 24 elfdal,

136 666 65 20 skulle
223 668 52 18 sätta
295 666 115 24 någondera
431 666 21 20 af
470 667 94 19 städerna
582 666 69 20 Kaskö
669 667 49 19 eller
732 667 134 20 Kristinestad
881 668 7 19 i

136 694 122 20 förbindelse
279 695 44 19 med
342 695 77 19 landets
439 695 134 25 jernvägsnät,
588 696 52 19 varit
655 695 82 20 föremål
752 695 32 20 för
798 696 90 19 ständer-

136 728 37 15 nas
188 723 154 25 öfverläggning,
363 723 72 20 Vikten
451 724 36 19 och
503 724 115 24 betydelsen
633 723 22 20 af
669 729 24 14 en
708 724 62 19 sådan
786 724 51 19 bana
852 723 37 20 har

135 751 22 20 af
176 751 25 20 de
214 751 177 26 jernvägsutskott,
405 752 68 19 hvilka
486 752 44 19 haft
545 755 29 16 att
589 752 63 20 uttala
667 753 29 24 sig
710 753 7 19 i
732 752 76 24 frågan,
824 752 64 20 blifvit

136 779 76 21 erkänd
227 780 38 20 och
279 780 122 20 framhållen.
425 780 69 20 Ehuru
509 781 168 24 Borgareståndet
690 781 54 20 såväl
759 781 63 20 under
832 780 54 20 1891

136 814 42 15 som
200 808 56 20 1894
276 809 33 20 års
329 809 118 24 landtdagar
465 809 78 20 förenat
558 809 29 24 sig
602 815 31 14 om
648 814 25 14 en
687 809 85 25 petition
787 809 101 24 angående

136 843 25 14 en
180 837 81 20 teknisk
276 837 37 20 och
327 837 117 20 ekonomisk
458 837 148 25 undersökning
620 837 22 20 af
655 838 77 25 nämda,
747 838 142 24 projekterade

135 866 128 24 bansträcka,
283 865 37 20 har
340 865 62 21 likväl
422 867 184 24 ständerpluralitet
625 866 32 20 för
671 866 99 20 aflåtande
785 867 31 19 till
832 872 55 19 rege-

135 895 70 24 ringen
227 895 22 19 af
265 900 24 14 en
311 895 61 20 sådap
387 895 85 24 petition
488 896 17 23 ej
522 895 81 24 ernätts,
619 895 26 20 dä
659 895 62 20 andra
736 895 152 20 bansträcknin-

136 928 42 19 gar,
198 923 68 20 hvilka
286 923 90 20 tillmätts
397 925 64 18 större
482 923 110 25 betydelse,
612 923 60 20 hafva
689 924 50 24 tagit
756 924 131 19 statsvärkets

136 952 105 25 tillgångar
259 953 7 18 i
281 952 92 25 anspråk.
403 951 79 24 Frågan
498 958 30 14 om
544 958 24 14 en
584 952 181 25 sydösterbottnisk
780 953 52 19 bana
846 953 43 20 står

134 980 71 21 därför
219 981 37 19 allt
270 983 53 18 änna
337 981 26 24 på
378 981 153 24 dagordningen,
547 981 37 20 och
599 981 92 20 behofvet
706 981 22 19 af
741 987 24 14 en
776 981 62 20 sådan
848 981 41 20 blir

136 1009 32 20 för
189 1009 37 20 den
246 1009 98 26 landsdel,
365 1014 41 14 som
424 1009 22 20 af
464 1009 112 20 densamma
591 1009 64 20 skulle
670 1009 89 25 beröras,
774 1010 36 19 allt
825 1010 63 19 känn-

135 1037 72 20 barare
231 1038 37 20 och
283 1044 54 13 mera
351 1038 117 24 trängande,
482 1038 7 19 i
504 1044 73 14 samma
590 1038 45 19 mån
650 1038 217 21 kommunikationerna
882 1039 6 18 i

133 1066 68 24 öfriga
222 1066 57 19 delar
294 1066 21 19 af
328 1066 69 19 landet
410 1066 108 20 förbättras
532 1068 38 19 och
585 1066 62 24 draga
661 1066 31 20 till
706 1067 30 23 sig
750 1066 85 21 trafiken
850 1066 41 21 och

136 1094 246 25 affärsföretagsamheten.

203 1123 30 19 En
251 1123 7 19 i
277 1123 61 24 detalj
353 1123 75 24 gående
443 1123 147 25 undersökning
609 1123 20 20 af
643 1123 71 20 nämda
728 1123 160 25 bansträckning,

135 1151 80 20 hvilken
230 1152 148 24 undersökning
393 1151 64 20 skulle
472 1153 49 23 tagit
536 1152 89 25 opartisk
635 1151 75 26 hänsyn
726 1153 30 18 till
771 1152 40 20 alla
820 1153 26 24 på
856 1158 31 14 sa-

136 1181 39 19 ken
195 1180 101 21 värkande
317 1180 174 24 omständigheter,
510 1181 36 19 har
561 1183 52 18 ännu
627 1181 18 23 ej
661 1180 65 21 blifvit
740 1181 64 24 gjord.
834 1181 54 20 Utan

136 1211 31 18 att
187 1214 48 15 vara
255 1209 25 24 på
302 1209 60 24 något
381 1211 39 18 sätt
438 1209 114 24 sangvinisk
570 1210 38 19 kan
624 1215 45 14 man
684 1209 52 20 dock
750 1210 63 19 redan
828 1215 26 14 nu
869 1210 19 24 ej

136 1238 81 20 komma
231 1237 31 20 till
279 1243 65 14 annan
360 1238 89 25 slutsats,
463 1240 25 17 än
504 1241 30 17 att
548 1243 24 14 en
588 1237 182 26 sydösterbottnisk
784 1238 52 19 bana
851 1238 37 19 har

137 1266 127 25 synnerligen
285 1269 56 18 stora
361 1267 163 24 förutsättningar
547 1269 30 18 att
595 1269 70 22 genast
680 1267 44 20 från
739 1267 63 20 första
817 1267 70 24 början

136 1295 67 20 lämna
225 1297 30 17 ett
273 1296 49 23 godt
342 1295 125 20 ekonomiskt
484 1295 89 20 resultat.
603 1295 30 20 De
649 1295 91 26 socknar,
756 1296 76 23 Ilmola,
846 1295 42 20 Ku-

136 1324 66 24 rikka,
223 1323 122 25 Kauhajoki,
365 1321 115 23 Östermark
500 1323 39 22 och
559 1324 84 25 Närpes,
659 1329 69 19 genom
742 1324 68 20 hvilka
823 1324 65 19 banan

137 1353 66 19 skulle
225 1353 79 20 komma
322 1355 31 18 att
373 1353 78 24 dragas,
466 1353 49 20 höra
530 1353 31 19 till
576 1349 138 23 Österbottens
728 1356 50 16 mest
793 1353 95 26 folkrika,

137 1381 115 20 välmående
266 1381 39 20 och
320 1381 83 24 bördiga
417 1381 92 20 socknar.
538 1381 44 20 Den
597 1381 62 24 årliga
674 1384 95 22 exporten
785 1381 45 20 från
845 1381 43 20 dem

137 1409 22 20 af
171 1410 186 25 mejeriprodukter,
373 1410 35 19 säd
423 1410 37 19 och
476 1409 169 26 skogsprodukter
660 1412 23 17 är
696 1410 59 23 högst
769 1409 118 25 betydande.

136 1438 31 19 De
182 1438 123 19 vidsträckta
320 1438 133 22 odlingsbara,
468 1442 44 14 men
528 1437 22 19 af
563 1438 66 23 odling
644 1439 52 17 ännu
709 1439 18 22 ej
739 1438 85 19 berörda
833 1438 56 18 land-

137 1465 107 21 områdena
265 1466 6 18 i
292 1466 59 20 dessa
369 1465 115 20 kommuner
504 1466 61 23 borga
584 1465 31 19 för
633 1470 24 14 en
672 1464 80 21 fortsatt
766 1466 32 18 rik
814 1466 74 18 ekono-
