1100 1789
90 125 22 16 10
125 125 46 20 maj.

343 125 98 17 Rationel
453 125 206 21 skogshushållning.
870 120 40 20 993

88 193 46 20 sina
149 193 88 26 tidigare
256 193 79 21 fattade
357 193 75 21 beslut.
461 193 41 27 Jag
520 193 81 22 erinrar
615 194 44 26 mig
674 193 35 22 det
723 193 44 26 fall,
782 193 27 20 då
824 193 35 22 det
874 199 37 15 var

88 221 58 26 fråga
168 227 33 15 om
225 223 29 19 att
274 221 131 21 öfverlämna
424 221 21 22 åt
463 222 154 21 kommunerna
631 224 30 19 att
676 221 83 22 besluta
774 229 34 13 om
823 224 41 19 rätt
879 222 33 20 för

88 249 126 27 gästgifvare
236 251 30 19 att
280 250 105 21 utskänka
399 250 26 20 öl.
450 250 73 21 Sävidt
535 251 36 27 jag
586 250 80 21 erinrar
680 251 49 26 mig,
744 250 54 21 hade
813 249 97 28 borgare-

88 278 91 21 iständet
194 278 86 21 beslutit
295 280 29 19 att
339 279 154 20 kommunerna
507 279 46 20 icke
569 278 68 21 skulle
652 278 21 21 fä
688 278 70 21 denna
771 280 45 25 rätt,
826 285 47 14 men
884 278 27 27 pä

87 306 129 27 inbjudning
231 307 21 20 af
267 306 154 21 bondeständet
435 307 95 27 frängick
546 307 171 26 borgareständet
728 307 36 20 sitt
773 306 75 21 beslut.
870 307 41 20 För

89 335 44 20 min
153 335 34 21 del
202 335 38 21 har
254 335 35 27 jag
304 335 64 21 ocksä
383 335 59 21 hällit
457 335 26 27 pä
498 335 41 21 den
555 335 161 28 uppfattningen
731 336 30 19 att
776 335 41 20 den
833 335 77 27 praxis,

90 369 44 14 som
151 370 29 14 nu
196 363 38 21 har
249 363 90 21 utbildat
354 364 37 26 sig,
404 364 74 20 endast
493 364 64 21 borde
573 363 104 28 tillämpas
692 364 7 20 i
714 363 137 27 synnerligen
867 363 44 21 vik-

88 392 42 27 tiga
146 392 75 26 frägor.
251 391 75 22 Denna
348 393 55 26 gäng
417 392 50 21 ville
482 393 36 26 jag
533 392 53 21 dock
602 392 77 21 föreslä
694 394 30 19 att
739 392 172 27 borgareständet

88 420 69 21 skulle
179 420 74 28 frängä
275 421 35 20 sitt
328 421 88 27 tidigare
439 421 70 21 beslut
531 421 38 21 och
589 421 74 21 förena
678 421 31 27 sig
725 421 48 20 med
789 421 23 20 R.
829 427 18 14 o.
863 421 48 20 A.i

89 449 69 21 denna
180 449 92 27 oviktiga
294 448 59 28 fräga
374 449 26 27 pä
422 450 69 26 grund
514 449 58 21 däraf
593 451 30 19 att
644 449 182 27 borgareständets
841 449 70 21 beslut

88 477 82 21 tillkom
185 477 134 21 uteslutande
335 484 76 21 genom
422 478 165 27 öfverraskning.
617 477 61 21 Hade
688 477 154 27 handlingarna
854 478 58 27 legat

88 506 32 20 till
134 506 74 26 hands,
231 506 53 21 hade
306 506 173 27 borgareständet
501 506 138 27 ovilkorligen
655 506 65 27 afböjt
734 506 106 26 förslaget.
869 505 43 22 Det

88 536 24 18 är
126 534 26 28 på
168 534 68 21 denna
258 535 68 27 grund
348 535 36 27 jag
405 541 61 15 anser
484 537 30 19 att
529 534 172 28 borgareståndet
715 534 65 22 borde
796 537 75 25 antaga
886 535 24 21 R.

88 569 18 15 0.
121 564 37 20 A:s
174 563 132 27 inbjudning.
336 564 42 20 För
392 564 63 26 öfrigt
469 566 23 18 är
503 564 62 21 äfven
575 564 35 27 jag
621 564 20 20 af
653 564 24 20 hr
688 563 158 27 Schybergsons
857 563 54 21 åsikt

88 593 30 19 att
139 592 154 28 inbjudningen
317 592 66 21 måste
406 592 47 21 leda
475 592 31 21 till
529 592 186 22 trestånds-beslut
737 592 32 21 för
794 594 30 19 att
848 592 62 21 hafva

88 620 69 28 någon
174 620 85 28 påföljd.

156 678 32 20 Hr
203 678 127 21 Berneri:
361 675 124 24 Äskeisessä
499 678 163 21 lausunnossani
679 678 47 21 olen
742 678 64 21 tullut
821 678 89 20 mainin-

88 706 72 21 neeksi
183 708 60 24 myös
266 707 39 21 sitä
328 709 96 25 tapausta
446 708 43 20 että
510 708 153 26 säätypäätöstä
683 706 19 21 ei
724 707 33 21 ole
772 706 103 21 olemassa
890 707 20 26 ja

88 735 84 21 lausuin
188 735 70 21 silloin
274 735 155 21 vakuutukseni
445 736 75 20 olevan
537 737 42 19 että
595 735 19 21 ei
629 735 125 21 silloinkaan
766 734 33 22 ole
810 734 101 28 säädyillä

88 764 68 20 valtaa
171 765 95 20 muuttaa
286 766 126 24 päätöstään.
438 764 27 20 Se
480 770 27 14 on
523 764 77 20 todella
616 763 166 21 vakaumukseni
800 764 21 26 ja
835 764 75 20 minun

87 792 117 21 mielestäni
213 798 27 15 on
248 792 131 21 semmoinen
392 792 24 20 V.
426 792 36 21 J:n
473 792 164 25 tulkitseminen,
645 792 64 28 jonka
716 792 38 20 hra
763 792 147 27 Schybergson

87 822 55 19 tässä
165 820 65 22 äsken
252 821 61 27 esitti,
336 822 69 20 varsin
428 821 170 21 mielivaltainen.
627 820 55 22 Joko
703 820 95 27 säädyllä
813 827 27 14 on
855 820 56 21 valta

87 850 96 20 muuttaa
205 850 120 26 päätöstään
342 849 29 21 tai
386 849 47 21 sillä
448 850 18 20 ei
483 849 32 21 ole
531 849 44 27 sitä,
593 850 97 20 »tertium
703 855 42 15 non
762 849 80 21 datur».
872 848 38 21 Jos

88 877 94 27 säädyllä
197 884 27 14 on
240 878 55 20 valta
311 879 80 19 muttaa
405 879 121 26 päätöstään
541 878 21 26 ja
577 884 23 15 se
615 884 38 14 sen
669 877 67 27 tekee,
751 877 44 21 niin
811 877 57 21 minä
884 884 27 14 en

88 906 33 20 voi
136 906 89 21 käsittää
247 908 73 20 muuta
342 907 52 20 kuin
413 908 43 20 että
475 906 70 21 silloin
561 906 87 21 samalla
663 912 28 15 on
707 906 85 21 entinen
803 908 71 25 päätös
889 906 21 26 jo

88 936 122 25 peruutettu
232 935 20 27 ja
274 936 59 26 tehty
356 935 71 21 varsin
449 934 143 21 nulliteetiksi.
622 934 27 22 Se
672 934 26 21 on
721 941 73 14 saman
809 934 101 21 arvoinen

87 963 52 19 knin
162 964 32 25 jos
217 964 39 19 sitä
278 964 18 19 ei
318 964 47 19 olisi
388 964 119 26 tehtykään.
537 962 57 21 Minä
617 969 25 14 en
667 963 33 20 voi
715 963 86 26 ajatella
815 962 39 21 sitä
870 964 42 19 että

88 991 93 26 säädyllä
196 991 47 21 olisi
264 991 59 21 kaksi
344 993 93 25 päätöstä
451 991 103 21 olemassa
569 991 79 21 varalla
663 991 168 21 asianomaiseile
846 991 64 20 valio-

88 1020 100 20 kunnalle
211 1020 153 26 käytettäviksi,
387 1020 73 27 kumpi
482 1020 116 27 paremmin
619 1019 97 22 soveltuu
738 1020 174 26 säätypäätöksen

87 1048 174 21 aikaansaamista
290 1050 79 19 varten.
399 1049 134 20 Semmoinen
561 1048 80 27 käsitys
669 1049 92 20 minusta
786 1048 20 20 ei
824 1049 87 26 perustu

87 1076 71 27 lakiin,
183 1076 47 21 eikä
251 1077 93 20 minusta
359 1077 115 26 myöskään
490 1077 47 20 olisi
551 1077 83 27 jonkun
649 1077 80 26 säädyn
745 1076 79 21 arvolle
839 1076 72 27 sopiva

87 1105 133 20 semmoinen
234 1105 122 26 menettely,
377 1107 41 19 että
433 1107 59 25 sääty
507 1105 62 26 yksin
586 1105 56 27 ajoin
657 1105 66 27 tarjoo
739 1105 63 20 kahta
818 1105 94 27 päätöstä

87 1133 142 22 valiokunnan
245 1133 158 28 käytettäväksi.

156 1190 32 21 Hr
203 1191 140 21 Brofeldt:
374 1191 41 28 Jag
429 1191 38 20 har
482 1191 73 26 begärt
569 1190 60 22 ordet
644 1190 32 21 för
691 1192 30 19 att
736 1190 7 21 i
758 1190 114 27 anledning
890 1190 22 21 af

88 1219 25 20 hr
128 1219 159 27 Schybergsons
310 1219 135 27 andragande
466 1219 97 22 meddela
586 1221 35 25 att,
645 1219 67 21 ehuru
728 1219 184 21 treständs-beslut

88 1247 66 22 redan
169 1247 114 22 förefinnes
298 1249 7 19 i
321 1248 70 21 denna
405 1249 64 26 fråga,
485 1248 200 21 ekonomiutskottet
699 1247 65 21 likväl
774 1247 35 21 vid
819 1247 93 21 behand-

89 1276 72 27 lingen
176 1277 22 20 af
212 1276 73 27 frägan
301 1277 91 27 uppsköt
406 1277 48 20 med
471 1277 125 27 vidtagande
612 1277 21 20 af
648 1276 71 21 vidare
734 1276 73 27 ätgärd
822 1276 32 20 till
864 1276 48 21 dess

90 1305 106 27 utgängen
215 1305 21 21 af
257 1305 24 21 R.
303 1311 17 14 o.
336 1305 38 21 A:s
389 1305 128 27 inbjudning
533 1305 68 21 blifvit
615 1305 62 20 känd.
707 1304 42 21 För
763 1304 63 27 öfrigt
841 1306 23 18 är
878 1305 34 26 jag

90 1339 50 15 ense
162 1334 48 21 med
231 1333 24 21 hr
276 1333 148 27 Schybergson
438 1333 81 21 därom
540 1336 29 18 att
584 1333 70 21 denna
668 1333 59 26 fräga
742 1335 23 18 är
780 1333 21 20 af
816 1333 22 20 sä
853 1332 59 27 ringa

93 1361 50 28 vikt,
158 1365 30 18 att
204 1362 35 21 det
253 1362 47 21 icke
316 1364 22 19 är
354 1362 44 21 skäl
413 1363 34 20 för
464 1361 173 28 borgareständet
651 1363 30 20 att
691 1361 73 27 frängä
775 1361 35 21 sitt
826 1361 86 27 tidigare

89 1390 79 21 fattade
184 1390 73 21 beslut.

158 1446 34 21 Hr
201 1446 220 27 Schybergson:
437 1446 32 21 Hr
479 1446 99 21 Berneris
591 1445 50 22 sista
654 1446 108 21 uttalande
773 1446 38 20 har
818 1451 42 21 nog
868 1445 45 20 skäl

90 1474 32 21 för
137 1475 37 27 sig.
204 1474 42 22 Det
260 1477 23 19 är
298 1475 86 27 mycket
398 1474 58 21 svärt
470 1476 29 19 att
515 1473 134 22 underordna
663 1475 56 20 detta
729 1474 126 27 förfarande,
867 1480 45 14 som

92 1503 36 21 har
143 1504 112 21 inkommit
270 1504 7 20 i
290 1504 36 20 vär
341 1503 189 27 landtdagspraxis,
546 1503 68 21 under
624 1503 84 27 vanliga
718 1503 124 27 kategorier.
863 1502 49 21 Man

823 1542 21 18 63
