<?xml version="1.0" encoding="UTF-8"?>
<alto xmlns="http://www.loc.gov/standards/alto/ns-v3#" xmlns:xlink="http://www.w3.org/1999/xlink" xmlns:xsi="http://www.w3.org/2001/XMLSchema-instance" xsi:schemaLocation="http://www.loc.gov/standards/alto/ns-v3# http://www.loc.gov/alto/v3/alto-3-0.xsd">
	<Description>
		<MeasurementUnit>pixel</MeasurementUnit>
		<sourceImageInformation>
			<fileName>/tmp/tess_2pkxbqg4_input.PNG</fileName>
		</sourceImageInformation>
		<OCRProcessing ID="OCR_0">
			<ocrProcessingStep>
				<processingSoftware>
					<softwareName>tesseract 5.3.4</softwareName>
				</processingSoftware>
			</ocrProcessingStep>
		</OCRProcessing>
	</Description>
	<Layout>
		<Page WIDTH="1100" HEIGHT="1817" PHYSICAL_IMG_NR="0" ID="page_0">
			<PrintSpace HPOS="0" VPOS="0" WIDTH="1100" HEIGHT="1817">
				<ComposedBlock ID="cblock_0" HPOS="841" VPOS="146" WIDTH="14" HEIGHT="20">
					<TextBlock ID="block_0" HPOS="841" VPOS="146" WIDTH="14" HEIGHT="20">
						<TextLine ID="line_0" HPOS="841" VPOS="146" WIDTH="14" HEIGHT="20">
							<String ID="string_0" HPOS="841" VPOS="146" WIDTH="14" HEIGHT="20" WC="0.96" CONTENT="3"/>
						</TextLine>
					</TextBlock>
				</ComposedBlock>
				<ComposedBlock ID="cblock_1" HPOS="128" VPOS="212" WIDTH="761" HEIGHT="1256">
					<TextBlock ID="block_1" HPOS="128" VPOS="212" WIDTH="756" HEIGHT="284">
						<TextLine ID="line_1" HPOS="198" VPOS="212" WIDTH="686" HEIGHT="28">
							<String ID="string_1" HPOS="198" VPOS="212" WIDTH="40" HEIGHT="20" WC="0.96" CONTENT="Det"/><SP WIDTH="15" VPOS="212" HPOS="238"/>
							<String ID="string_2" HPOS="253" VPOS="212" WIDTH="74" HEIGHT="26" WC="0.95" CONTENT="förslag"/><SP WIDTH="14" VPOS="212" HPOS="327"/>
							<String ID="string_3" HPOS="341" VPOS="214" WIDTH="31" HEIGHT="20" WC="0.96" CONTENT="till"/><SP WIDTH="14" VPOS="214" HPOS="372"/>
							<String ID="string_4" HPOS="386" VPOS="214" WIDTH="105" HEIGHT="20" WC="0.96" CONTENT="utförande"/><SP WIDTH="8" VPOS="214" HPOS="491"/>
							<String ID="string_5" HPOS="499" VPOS="214" WIDTH="22" HEIGHT="20" WC="0.93" CONTENT="af"/><SP WIDTH="4" VPOS="214" HPOS="521"/>
							<String ID="string_6" HPOS="525" VPOS="214" WIDTH="209" HEIGHT="26" WC="0.92" CONTENT="jernvägsbyggnaden"/><SP WIDTH="15" VPOS="214" HPOS="734"/>
							<String ID="string_7" HPOS="749" VPOS="214" WIDTH="7" HEIGHT="20" WC="0.96" CONTENT="i"/><SP WIDTH="13" VPOS="214" HPOS="756"/>
							<String ID="string_8" HPOS="769" VPOS="214" WIDTH="62" HEIGHT="25" WC="0.96" CONTENT="fråga,"/><SP WIDTH="12" VPOS="214" HPOS="831"/>
							<String ID="string_9" HPOS="843" VPOS="220" WIDTH="41" HEIGHT="15" WC="0.96" CONTENT="som"/>
						</TextLine>
						<TextLine ID="line_2" HPOS="130" VPOS="242" WIDTH="754" HEIGHT="26">
							<String ID="string_10" HPOS="130" VPOS="242" WIDTH="65" HEIGHT="19" WC="0.95" CONTENT="denna"/><SP WIDTH="22" VPOS="242" HPOS="195"/>
							<String ID="string_11" HPOS="217" VPOS="242" WIDTH="84" HEIGHT="24" WC="0.95" CONTENT="petition"/><SP WIDTH="20" VPOS="242" HPOS="301"/>
							<String ID="string_12" HPOS="321" VPOS="248" WIDTH="26" HEIGHT="14" WC="0.92" CONTENT="nu"/><SP WIDTH="15" VPOS="248" HPOS="347"/>
							<String ID="string_13" HPOS="362" VPOS="242" WIDTH="60" HEIGHT="25" WC="0.92" CONTENT="afser,"/><SP WIDTH="15" VPOS="242" HPOS="422"/>
							<String ID="string_14" HPOS="437" VPOS="243" WIDTH="70" HEIGHT="24" WC="0.96" CONTENT="skiljer"/><SP WIDTH="14" VPOS="243" HPOS="507"/>
							<String ID="string_15" HPOS="521" VPOS="244" WIDTH="29" HEIGHT="24" WC="0.96" CONTENT="sig"/><SP WIDTH="14" VPOS="244" HPOS="550"/>
							<String ID="string_16" HPOS="564" VPOS="244" WIDTH="8" HEIGHT="18" WC="0.96" CONTENT="i"/><SP WIDTH="14" VPOS="244" HPOS="572"/>
							<String ID="string_17" HPOS="586" VPOS="244" WIDTH="40" HEIGHT="19" WC="0.96" CONTENT="viss"/><SP WIDTH="15" VPOS="244" HPOS="626"/>
							<String ID="string_18" HPOS="641" VPOS="243" WIDTH="44" HEIGHT="20" WC="0.96" CONTENT="mån"/><SP WIDTH="15" VPOS="243" HPOS="685"/>
							<String ID="string_19" HPOS="700" VPOS="243" WIDTH="44" HEIGHT="19" WC="0.96" CONTENT="från"/><SP WIDTH="15" VPOS="243" HPOS="744"/>
							<String ID="string_20" HPOS="759" VPOS="244" WIDTH="25" HEIGHT="19" WC="0.96" CONTENT="de"/><SP WIDTH="16" VPOS="244" HPOS="784"/>
							<String ID="string_21" HPOS="800" VPOS="244" WIDTH="84" HEIGHT="23" WC="0.96" CONTENT="tidigare"/>
						</TextLine>
						<TextLine ID="line_3" HPOS="129" VPOS="270" WIDTH="755" HEIGHT="26">
							<String ID="string_22" HPOS="129" VPOS="270" WIDTH="73" HEIGHT="19" WC="0.90" CONTENT="väckta"/><SP WIDTH="21" VPOS="270" HPOS="202"/>
							<String ID="string_23" HPOS="223" VPOS="270" WIDTH="133" HEIGHT="24" WC="0.90" CONTENT="petitionerna"/><SP WIDTH="22" VPOS="270" HPOS="356"/>
							<String ID="string_24" HPOS="378" VPOS="271" WIDTH="37" HEIGHT="19" WC="0.96" CONTENT="och"/><SP WIDTH="22" VPOS="271" HPOS="415"/>
							<String ID="string_25" HPOS="437" VPOS="273" WIDTH="58" HEIGHT="22" WC="0.95" CONTENT="utgör"/><SP WIDTH="20" VPOS="273" HPOS="495"/>
							<String ID="string_26" HPOS="515" VPOS="272" WIDTH="26" HEIGHT="24" WC="0.96" CONTENT="på"/><SP WIDTH="15" VPOS="272" HPOS="541"/>
							<String ID="string_27" HPOS="556" VPOS="274" WIDTH="41" HEIGHT="17" WC="0.96" CONTENT="sätt"/><SP WIDTH="14" VPOS="274" HPOS="597"/>
							<String ID="string_28" HPOS="611" VPOS="271" WIDTH="38" HEIGHT="20" WC="0.96" CONTENT="och"/><SP WIDTH="14" VPOS="271" HPOS="649"/>
							<String ID="string_29" HPOS="663" VPOS="272" WIDTH="29" HEIGHT="19" WC="0.96" CONTENT="vis"/><SP WIDTH="16" VPOS="272" HPOS="692"/>
							<String ID="string_30" HPOS="708" VPOS="277" WIDTH="24" HEIGHT="14" WC="0.96" CONTENT="en"/><SP WIDTH="15" VPOS="277" HPOS="732"/>
							<String ID="string_31" HPOS="747" VPOS="272" WIDTH="137" HEIGHT="20" WC="0.96" CONTENT="kombination"/>
						</TextLine>
						<TextLine ID="line_4" HPOS="130" VPOS="298" WIDTH="754" HEIGHT="27">
							<String ID="string_32" HPOS="130" VPOS="298" WIDTH="21" HEIGHT="20" WC="0.96" CONTENT="af"/><SP WIDTH="17" VPOS="298" HPOS="151"/>
							<String ID="string_33" HPOS="168" VPOS="299" WIDTH="50" HEIGHT="19" WC="0.95" CONTENT="dem."/><SP WIDTH="30" VPOS="299" HPOS="218"/>
							<String ID="string_34" HPOS="248" VPOS="298" WIDTH="31" HEIGHT="20" WC="0.85" CONTENT="Då"/><SP WIDTH="14" VPOS="298" HPOS="279"/>
							<String ID="string_35" HPOS="293" VPOS="299" WIDTH="193" HEIGHT="25" WC="0.92" CONTENT="jernvägsprojektet"/><SP WIDTH="15" VPOS="299" HPOS="486"/>
							<String ID="string_36" HPOS="501" VPOS="300" WIDTH="21" HEIGHT="20" WC="0.97" CONTENT="af"/><SP WIDTH="13" VPOS="300" HPOS="522"/>
							<String ID="string_37" HPOS="535" VPOS="300" WIDTH="63" HEIGHT="25" WC="0.96" CONTENT="1894,"/><SP WIDTH="16" VPOS="300" HPOS="598"/>
							<String ID="string_38" HPOS="614" VPOS="305" WIDTH="41" HEIGHT="14" WC="0.93" CONTENT="som"/><SP WIDTH="15" VPOS="305" HPOS="655"/>
							<String ID="string_39" HPOS="670" VPOS="300" WIDTH="55" HEIGHT="23" WC="0.92" CONTENT="afsåg"/><SP WIDTH="15" VPOS="300" HPOS="725"/>
							<String ID="string_40" HPOS="740" VPOS="303" WIDTH="30" HEIGHT="17" WC="0.93" CONTENT="att"/><SP WIDTH="15" VPOS="303" HPOS="770"/>
							<String ID="string_41" HPOS="785" VPOS="301" WIDTH="99" HEIGHT="19" WC="0.91" CONTENT="eventuelt"/>
						</TextLine>
						<TextLine ID="line_5" HPOS="128" VPOS="326" WIDTH="756" HEIGHT="26">
							<String ID="string_42" HPOS="128" VPOS="326" WIDTH="59" HEIGHT="24" WC="0.96" CONTENT="lägga"/><SP WIDTH="15" VPOS="326" HPOS="187"/>
							<String ID="string_43" HPOS="202" VPOS="332" WIDTH="24" HEIGHT="14" WC="0.96" CONTENT="en"/><SP WIDTH="15" VPOS="332" HPOS="226"/>
							<String ID="string_44" HPOS="241" VPOS="326" WIDTH="32" HEIGHT="20" WC="0.96" CONTENT="del"/><SP WIDTH="16" VPOS="326" HPOS="273"/>
							<String ID="string_45" HPOS="289" VPOS="327" WIDTH="21" HEIGHT="19" WC="0.96" CONTENT="af"/><SP WIDTH="14" VPOS="327" HPOS="310"/>
							<String ID="string_46" HPOS="324" VPOS="328" WIDTH="65" HEIGHT="19" WC="0.92" CONTENT="banan"/><SP WIDTH="15" VPOS="328" HPOS="389"/>
							<String ID="string_47" HPOS="404" VPOS="328" WIDTH="12" HEIGHT="19" WC="0.90" CONTENT="å"/><SP WIDTH="14" VPOS="328" HPOS="416"/>
							<String ID="string_48" HPOS="430" VPOS="328" WIDTH="107" HEIGHT="20" WC="0.96" CONTENT="bestående"/><SP WIDTH="14" VPOS="328" HPOS="537"/>
							<String ID="string_49" HPOS="551" VPOS="330" WIDTH="68" HEIGHT="22" WC="0.96" CONTENT="vägar,"/><SP WIDTH="10" VPOS="330" HPOS="619"/>
							<String ID="string_50" HPOS="629" VPOS="330" WIDTH="50" HEIGHT="18" WC="0.96" CONTENT="mött"/><SP WIDTH="9" VPOS="330" HPOS="679"/>
							<String ID="string_51" HPOS="688" VPOS="328" WIDTH="67" HEIGHT="20" WC="0.96" CONTENT="lokala"/><SP WIDTH="11" VPOS="328" HPOS="755"/>
							<String ID="string_52" HPOS="766" VPOS="329" WIDTH="71" HEIGHT="19" WC="0.96" CONTENT="hinder"/><SP WIDTH="10" VPOS="329" HPOS="837"/>
							<String ID="string_53" HPOS="847" VPOS="328" WIDTH="37" HEIGHT="20" WC="0.96" CONTENT="och"/>
						</TextLine>
						<TextLine ID="line_6" HPOS="130" VPOS="355" WIDTH="754" HEIGHT="26">
							<String ID="string_54" HPOS="130" VPOS="357" WIDTH="75" HEIGHT="17" WC="0.96" CONTENT="ansetts"/><SP WIDTH="22" VPOS="357" HPOS="205"/>
							<String ID="string_55" HPOS="227" VPOS="355" WIDTH="108" HEIGHT="25" WC="0.95" CONTENT="olämpligt,"/><SP WIDTH="22" VPOS="355" HPOS="335"/>
							<String ID="string_56" HPOS="357" VPOS="356" WIDTH="37" HEIGHT="20" WC="0.96" CONTENT="har"/><SP WIDTH="21" VPOS="356" HPOS="394"/>
							<String ID="string_57" HPOS="415" VPOS="356" WIDTH="38" HEIGHT="20" WC="0.96" CONTENT="den"/><SP WIDTH="22" VPOS="356" HPOS="453"/>
							<String ID="string_58" HPOS="475" VPOS="356" WIDTH="56" HEIGHT="20" WC="0.93" CONTENT="1890"/><SP WIDTH="14" VPOS="356" HPOS="531"/>
							<String ID="string_59" HPOS="545" VPOS="357" WIDTH="118" HEIGHT="24" WC="0.91" CONTENT="uppgångna"/><SP WIDTH="15" VPOS="357" HPOS="663"/>
							<String ID="string_60" HPOS="678" VPOS="358" WIDTH="140" HEIGHT="23" WC="0.96" CONTENT="sträckningen"/><SP WIDTH="14" VPOS="358" HPOS="818"/>
							<String ID="string_61" HPOS="832" VPOS="358" WIDTH="52" HEIGHT="23" WC="0.96" CONTENT="lagts"/>
						</TextLine>
						<TextLine ID="line_7" HPOS="129" VPOS="384" WIDTH="755" HEIGHT="26">
							<String ID="string_62" HPOS="129" VPOS="384" WIDTH="31" HEIGHT="19" WC="0.96" CONTENT="till"/><SP WIDTH="22" VPOS="384" HPOS="160"/>
							<String ID="string_63" HPOS="182" VPOS="384" WIDTH="63" HEIGHT="23" WC="0.96" CONTENT="grund"/><SP WIDTH="22" VPOS="384" HPOS="245"/>
							<String ID="string_64" HPOS="267" VPOS="384" WIDTH="32" HEIGHT="20" WC="0.96" CONTENT="för"/><SP WIDTH="14" VPOS="384" HPOS="299"/>
							<String ID="string_65" HPOS="313" VPOS="384" WIDTH="34" HEIGHT="20" WC="0.96" CONTENT="det"/><SP WIDTH="14" VPOS="384" HPOS="347"/>
							<String ID="string_66" HPOS="361" VPOS="390" WIDTH="27" HEIGHT="14" WC="0.96" CONTENT="nu"/><SP WIDTH="15" VPOS="390" HPOS="388"/>
							<String ID="string_67" HPOS="403" VPOS="384" WIDTH="22" HEIGHT="20" WC="0.93" CONTENT="af"/><SP WIDTH="12" VPOS="384" HPOS="425"/>
							<String ID="string_68" HPOS="437" VPOS="386" WIDTH="90" HEIGHT="23" WC="0.91" CONTENT="ingeniör"/><SP WIDTH="14" VPOS="386" HPOS="527"/>
							<String ID="string_69" HPOS="541" VPOS="385" WIDTH="24" HEIGHT="21" WC="0.93" CONTENT="E."/><SP WIDTH="17" VPOS="385" HPOS="565"/>
							<String ID="string_70" HPOS="582" VPOS="385" WIDTH="64" HEIGHT="20" WC="0.92" CONTENT="Saxén"/><SP WIDTH="16" VPOS="385" HPOS="646"/>
							<String ID="string_71" HPOS="662" VPOS="385" WIDTH="25" HEIGHT="25" WC="0.96" CONTENT="på"/><SP WIDTH="15" VPOS="385" HPOS="687"/>
							<String ID="string_72" HPOS="702" VPOS="386" WIDTH="90" HEIGHT="24" WC="0.96" CONTENT="uppdrag"/><SP WIDTH="16" VPOS="386" HPOS="792"/>
							<String ID="string_73" HPOS="808" VPOS="385" WIDTH="22" HEIGHT="20" WC="0.93" CONTENT="af"/><SP WIDTH="13" VPOS="385" HPOS="830"/>
							<String ID="string_74" HPOS="843" VPOS="385" WIDTH="41" HEIGHT="25" WC="0.92" CONTENT="Ny-"/>
						</TextLine>
						<TextLine ID="line_8" HPOS="128" VPOS="412" WIDTH="755" HEIGHT="26">
							<String ID="string_75" HPOS="128" VPOS="412" WIDTH="83" HEIGHT="24" WC="0.92" CONTENT="karleby"/><SP WIDTH="20" VPOS="412" HPOS="211"/>
							<String ID="string_76" HPOS="231" VPOS="413" WIDTH="45" HEIGHT="19" WC="0.96" CONTENT="stad"/><SP WIDTH="21" VPOS="413" HPOS="276"/>
							<String ID="string_77" HPOS="297" VPOS="413" WIDTH="116" HEIGHT="20" WC="0.93" CONTENT="utarbetade"/><SP WIDTH="22" VPOS="413" HPOS="413"/>
							<String ID="string_78" HPOS="435" VPOS="413" WIDTH="102" HEIGHT="25" WC="0.96" CONTENT="förslaget."/><SP WIDTH="29" VPOS="413" HPOS="537"/>
							<String ID="string_79" HPOS="566" VPOS="414" WIDTH="97" HEIGHT="20" WC="0.96" CONTENT="Däremot"/><SP WIDTH="19" VPOS="414" HPOS="663"/>
							<String ID="string_80" HPOS="682" VPOS="416" WIDTH="22" HEIGHT="18" WC="0.96" CONTENT="är"/><SP WIDTH="21" VPOS="416" HPOS="704"/>
							<String ID="string_81" HPOS="725" VPOS="415" WIDTH="8" HEIGHT="19" WC="0.96" CONTENT="i"/><SP WIDTH="22" VPOS="415" HPOS="733"/>
							<String ID="string_82" HPOS="755" VPOS="414" WIDTH="62" HEIGHT="20" WC="0.96" CONTENT="likhet"/><SP WIDTH="22" VPOS="414" HPOS="817"/>
							<String ID="string_83" HPOS="839" VPOS="414" WIDTH="44" HEIGHT="19" WC="0.96" CONTENT="med"/>
						</TextLine>
						<TextLine ID="line_9" HPOS="129" VPOS="441" WIDTH="755" HEIGHT="26">
							<String ID="string_84" HPOS="129" VPOS="441" WIDTH="146" HEIGHT="23" WC="0.90" CONTENT="öfveringeniör"/><SP WIDTH="14" VPOS="441" HPOS="275"/>
							<String ID="string_85" HPOS="289" VPOS="442" WIDTH="107" HEIGHT="24" WC="0.91" CONTENT="Tallgvists"/><SP WIDTH="15" VPOS="442" HPOS="396"/>
							<String ID="string_86" HPOS="411" VPOS="442" WIDTH="80" HEIGHT="25" WC="0.96" CONTENT="projekt"/><SP WIDTH="13" VPOS="442" HPOS="491"/>
							<String ID="string_87" HPOS="504" VPOS="443" WIDTH="65" HEIGHT="19" WC="0.96" CONTENT="banan"/><SP WIDTH="16" VPOS="443" HPOS="569"/>
							<String ID="string_88" HPOS="585" VPOS="443" WIDTH="72" HEIGHT="24" WC="0.71" CONTENT="dragen."/><SP WIDTH="13" VPOS="443" HPOS="657"/>
							<String ID="string_89" HPOS="670" VPOS="446" WIDTH="22" HEIGHT="17" WC="0.96" CONTENT="ut"/><SP WIDTH="10" VPOS="446" HPOS="692"/>
							<String ID="string_90" HPOS="702" VPOS="443" WIDTH="31" HEIGHT="19" WC="0.96" CONTENT="till"/><SP WIDTH="10" VPOS="443" HPOS="733"/>
							<String ID="string_91" HPOS="743" VPOS="444" WIDTH="80" HEIGHT="18" WC="0.96" CONTENT="stadens"/><SP WIDTH="8" VPOS="444" HPOS="823"/>
							<String ID="string_92" HPOS="831" VPOS="444" WIDTH="53" HEIGHT="23" WC="0.96" CONTENT="yttre"/>
						</TextLine>
						<TextLine ID="line_10" HPOS="128" VPOS="470" WIDTH="442" HEIGHT="26">
							<String ID="string_93" HPOS="128" VPOS="470" WIDTH="65" HEIGHT="26" WC="0.96" CONTENT="hamn,"/><SP WIDTH="15" VPOS="470" HPOS="193"/>
							<String ID="string_94" HPOS="208" VPOS="473" WIDTH="50" HEIGHT="16" WC="0.96" CONTENT="samt"/><SP WIDTH="15" VPOS="473" HPOS="258"/>
							<String ID="string_95" HPOS="273" VPOS="471" WIDTH="119" HEIGHT="24" WC="0.96" CONTENT="spårvidden"/><SP WIDTH="14" VPOS="471" HPOS="392"/>
							<String ID="string_96" HPOS="406" VPOS="471" WIDTH="32" HEIGHT="24" WC="0.96" CONTENT="0,6"/><SP WIDTH="13" VPOS="471" HPOS="438"/>
							<String ID="string_97" HPOS="451" VPOS="471" WIDTH="119" HEIGHT="21" WC="0.94" CONTENT="bibehållen."/>
						</TextLine>
					</TextBlock>
					<TextBlock ID="block_2" HPOS="128" VPOS="498" WIDTH="756" HEIGHT="227">
						<TextLine ID="line_11" HPOS="198" VPOS="498" WIDTH="686" HEIGHT="26">
							<String ID="string_98" HPOS="198" VPOS="498" WIDTH="127" HEIGHT="25" WC="0.96" CONTENT="Svårigheten"/><SP WIDTH="21" VPOS="498" HPOS="325"/>
							<String ID="string_99" HPOS="346" VPOS="499" WIDTH="21" HEIGHT="20" WC="0.96" CONTENT="af"/><SP WIDTH="18" VPOS="499" HPOS="367"/>
							<String ID="string_100" HPOS="385" VPOS="501" WIDTH="28" HEIGHT="17" WC="0.96" CONTENT="att"/><SP WIDTH="20" VPOS="501" HPOS="413"/>
							<String ID="string_101" HPOS="433" VPOS="499" WIDTH="53" HEIGHT="20" WC="0.96" CONTENT="finna"/><SP WIDTH="19" VPOS="499" HPOS="486"/>
							<String ID="string_102" HPOS="505" VPOS="505" WIDTH="25" HEIGHT="14" WC="0.96" CONTENT="en"/><SP WIDTH="14" VPOS="505" HPOS="530"/>
							<String ID="string_103" HPOS="544" VPOS="499" WIDTH="81" HEIGHT="25" WC="0.96" CONTENT="lämplig"/><SP WIDTH="14" VPOS="499" HPOS="625"/>
							<String ID="string_104" HPOS="639" VPOS="499" WIDTH="50" HEIGHT="20" WC="0.96" CONTENT="form"/><SP WIDTH="14" VPOS="499" HPOS="689"/>
							<String ID="string_105" HPOS="703" VPOS="500" WIDTH="33" HEIGHT="20" WC="0.96" CONTENT="för"/><SP WIDTH="15" VPOS="500" HPOS="736"/>
							<String ID="string_106" HPOS="751" VPOS="502" WIDTH="75" HEIGHT="17" WC="0.92" CONTENT="statens"/><SP WIDTH="15" VPOS="502" HPOS="826"/>
							<String ID="string_107" HPOS="841" VPOS="499" WIDTH="43" HEIGHT="20" WC="0.92" CONTENT="del-"/>
						</TextLine>
						<TextLine ID="line_12" HPOS="128" VPOS="527" WIDTH="756" HEIGHT="25">
							<String ID="string_108" HPOS="128" VPOS="527" WIDTH="85" HEIGHT="24" WC="0.96" CONTENT="tagande"/><SP WIDTH="16" VPOS="527" HPOS="213"/>
							<String ID="string_109" HPOS="229" VPOS="528" WIDTH="6" HEIGHT="19" WC="0.95" CONTENT="i"/><SP WIDTH="16" VPOS="528" HPOS="235"/>
							<String ID="string_110" HPOS="251" VPOS="530" WIDTH="29" HEIGHT="17" WC="0.96" CONTENT="ett"/><SP WIDTH="14" VPOS="530" HPOS="280"/>
							<String ID="string_111" HPOS="294" VPOS="528" WIDTH="66" HEIGHT="24" WC="0.96" CONTENT="privat"/><SP WIDTH="14" VPOS="528" HPOS="360"/>
							<String ID="string_112" HPOS="374" VPOS="528" WIDTH="65" HEIGHT="24" WC="0.95" CONTENT="bolag,"/><SP WIDTH="15" VPOS="528" HPOS="439"/>
							<String ID="string_113" HPOS="454" VPOS="531" WIDTH="51" HEIGHT="17" WC="0.96" CONTENT="samt"/><SP WIDTH="14" VPOS="531" HPOS="505"/>
							<String ID="string_114" HPOS="519" VPOS="528" WIDTH="81" HEIGHT="20" WC="0.96" CONTENT="framför"/><SP WIDTH="10" VPOS="528" HPOS="600"/>
							<String ID="string_115" HPOS="610" VPOS="528" WIDTH="29" HEIGHT="20" WC="0.96" CONTENT="alt"/><SP WIDTH="12" VPOS="528" HPOS="639"/>
							<String ID="string_116" HPOS="651" VPOS="529" WIDTH="33" HEIGHT="19" WC="0.96" CONTENT="det"/><SP WIDTH="12" VPOS="529" HPOS="684"/>
							<String ID="string_117" HPOS="696" VPOS="528" WIDTH="125" HEIGHT="20" WC="0.93" CONTENT="ekonomiskt"/><SP WIDTH="10" VPOS="528" HPOS="821"/>
							<String ID="string_118" HPOS="831" VPOS="528" WIDTH="53" HEIGHT="20" WC="0.92" CONTENT="oför-"/>
						</TextLine>
						<TextLine ID="line_13" HPOS="130" VPOS="556" WIDTH="754" HEIGHT="25">
							<String ID="string_119" HPOS="130" VPOS="556" WIDTH="100" HEIGHT="25" WC="0.96" CONTENT="delaktiga"/><SP WIDTH="15" VPOS="556" HPOS="230"/>
							<String ID="string_120" HPOS="245" VPOS="558" WIDTH="30" HEIGHT="18" WC="0.96" CONTENT="att"/><SP WIDTH="14" VPOS="558" HPOS="275"/>
							<String ID="string_121" HPOS="289" VPOS="557" WIDTH="65" HEIGHT="19" WC="0.96" CONTENT="såsom"/><SP WIDTH="16" VPOS="557" HPOS="354"/>
							<String ID="string_122" HPOS="370" VPOS="563" WIDTH="24" HEIGHT="13" WC="0.96" CONTENT="en"/><SP WIDTH="16" VPOS="563" HPOS="394"/>
							<String ID="string_123" HPOS="410" VPOS="557" WIDTH="51" HEIGHT="20" WC="0.96" CONTENT="skild"/><SP WIDTH="14" VPOS="557" HPOS="461"/>
							<String ID="string_124" HPOS="475" VPOS="557" WIDTH="52" HEIGHT="20" WC="0.96" CONTENT="bana"/><SP WIDTH="14" VPOS="557" HPOS="527"/>
							<String ID="string_125" HPOS="541" VPOS="557" WIDTH="139" HEIGHT="20" WC="0.96" CONTENT="administrera"/><SP WIDTH="14" VPOS="557" HPOS="680"/>
							<String ID="string_126" HPOS="694" VPOS="563" WIDTH="24" HEIGHT="14" WC="0.96" CONTENT="en"/><SP WIDTH="15" VPOS="563" HPOS="718"/>
							<String ID="string_127" HPOS="733" VPOS="557" WIDTH="23" HEIGHT="20" WC="0.96" CONTENT="så"/><SP WIDTH="15" VPOS="557" HPOS="756"/>
							<String ID="string_128" HPOS="771" VPOS="557" WIDTH="46" HEIGHT="20" WC="0.93" CONTENT="kort"/><SP WIDTH="12" VPOS="557" HPOS="817"/>
							<String ID="string_129" HPOS="829" VPOS="557" WIDTH="55" HEIGHT="24" WC="0.92" CONTENT="jern-"/>
						</TextLine>
						<TextLine ID="line_14" HPOS="129" VPOS="585" WIDTH="755" HEIGHT="26">
							<String ID="string_130" HPOS="129" VPOS="585" WIDTH="129" HEIGHT="23" WC="0.92" CONTENT="vägssträcka"/><SP WIDTH="21" VPOS="585" HPOS="258"/>
							<String ID="string_131" HPOS="279" VPOS="591" WIDTH="42" HEIGHT="14" WC="0.96" CONTENT="som"/><SP WIDTH="22" VPOS="591" HPOS="321"/>
							<String ID="string_132" HPOS="343" VPOS="585" WIDTH="159" HEIGHT="26" WC="0.95" CONTENT="ifrågavarande,"/><SP WIDTH="22" VPOS="585" HPOS="502"/>
							<String ID="string_133" HPOS="524" VPOS="586" WIDTH="37" HEIGHT="20" WC="0.96" CONTENT="har"/><SP WIDTH="22" VPOS="586" HPOS="561"/>
							<String ID="string_134" HPOS="583" VPOS="586" WIDTH="52" HEIGHT="23" WC="0.91" CONTENT="gjort"/><SP WIDTH="22" VPOS="586" HPOS="635"/>
							<String ID="string_135" HPOS="657" VPOS="589" WIDTH="29" HEIGHT="17" WC="0.96" CONTENT="att"/><SP WIDTH="21" VPOS="589" HPOS="686"/>
							<String ID="string_136" HPOS="707" VPOS="586" WIDTH="118" HEIGHT="24" WC="0.96" CONTENT="Nykarleby"/><SP WIDTH="14" VPOS="586" HPOS="825"/>
							<String ID="string_137" HPOS="839" VPOS="586" WIDTH="45" HEIGHT="19" WC="0.96" CONTENT="stad"/>
						</TextLine>
						<TextLine ID="line_15" HPOS="129" VPOS="613" WIDTH="755" HEIGHT="26">
							<String ID="string_138" HPOS="129" VPOS="613" WIDTH="52" HEIGHT="20" WC="0.96" CONTENT="velat"/><SP WIDTH="22" VPOS="613" HPOS="181"/>
							<String ID="string_139" HPOS="203" VPOS="613" WIDTH="135" HEIGHT="26" WC="0.95" CONTENT="företrädesvis"/><SP WIDTH="21" VPOS="613" HPOS="338"/>
							<String ID="string_140" HPOS="359" VPOS="614" WIDTH="87" HEIGHT="20" WC="0.95" CONTENT="vidhålla"/><SP WIDTH="21" VPOS="614" HPOS="446"/>
							<String ID="string_141" HPOS="467" VPOS="615" WIDTH="35" HEIGHT="18" WC="0.96" CONTENT="sitt"/><SP WIDTH="19" VPOS="615" HPOS="502"/>
							<String ID="string_142" HPOS="521" VPOS="615" WIDTH="138" HEIGHT="24" WC="0.96" CONTENT="ursprungliga"/><SP WIDTH="14" VPOS="615" HPOS="659"/>
							<String ID="string_143" HPOS="673" VPOS="615" WIDTH="86" HEIGHT="24" WC="0.96" CONTENT="projekt,"/><SP WIDTH="16" VPOS="615" HPOS="759"/>
							<String ID="string_144" HPOS="775" VPOS="617" WIDTH="30" HEIGHT="17" WC="0.96" CONTENT="att"/><SP WIDTH="14" VPOS="617" HPOS="805"/>
							<String ID="string_145" HPOS="819" VPOS="614" WIDTH="65" HEIGHT="20" WC="0.96" CONTENT="banan"/>
						</TextLine>
						<TextLine ID="line_16" HPOS="129" VPOS="642" WIDTH="755" HEIGHT="25">
							<String ID="string_146" HPOS="129" VPOS="642" WIDTH="64" HEIGHT="19" WC="0.96" CONTENT="skulle"/><SP WIDTH="22" VPOS="642" HPOS="193"/>
							<String ID="string_147" HPOS="215" VPOS="642" WIDTH="32" HEIGHT="20" WC="0.93" CONTENT="för"/><SP WIDTH="22" VPOS="642" HPOS="247"/>
							<String ID="string_148" HPOS="269" VPOS="643" WIDTH="130" HEIGHT="20" WC="0.92" CONTENT="statsvärkets"/><SP WIDTH="22" VPOS="643" HPOS="399"/>
							<String ID="string_149" HPOS="421" VPOS="643" WIDTH="84" HEIGHT="24" WC="0.96" CONTENT="räkning"/><SP WIDTH="14" VPOS="643" HPOS="505"/>
							<String ID="string_150" HPOS="519" VPOS="643" WIDTH="76" HEIGHT="20" WC="0.96" CONTENT="utföras"/><SP WIDTH="16" VPOS="643" HPOS="595"/>
							<String ID="string_151" HPOS="611" VPOS="643" WIDTH="37" HEIGHT="20" WC="0.96" CONTENT="och"/><SP WIDTH="15" VPOS="643" HPOS="648"/>
							<String ID="string_152" HPOS="663" VPOS="643" WIDTH="111" HEIGHT="24" WC="0.96" CONTENT="trafikeras,"/><SP WIDTH="16" VPOS="643" HPOS="774"/>
							<String ID="string_153" HPOS="790" VPOS="649" WIDTH="43" HEIGHT="13" WC="0.96" CONTENT="men"/><SP WIDTH="14" VPOS="649" HPOS="833"/>
							<String ID="string_154" HPOS="847" VPOS="643" WIDTH="37" HEIGHT="20" WC="0.95" CONTENT="har"/>
						</TextLine>
						<TextLine ID="line_17" HPOS="130" VPOS="671" WIDTH="754" HEIGHT="25">
							<String ID="string_155" HPOS="130" VPOS="671" WIDTH="69" HEIGHT="20" WC="0.96" CONTENT="staden"/><SP WIDTH="22" VPOS="671" HPOS="199"/>
							<String ID="string_156" HPOS="221" VPOS="671" WIDTH="7" HEIGHT="19" WC="0.95" CONTENT="i"/><SP WIDTH="20" VPOS="671" HPOS="228"/>
							<String ID="string_157" HPOS="248" VPOS="671" WIDTH="67" HEIGHT="19" WC="0.96" CONTENT="stället"/><SP WIDTH="14" VPOS="671" HPOS="315"/>
							<String ID="string_158" HPOS="329" VPOS="671" WIDTH="44" HEIGHT="24" WC="0.96" CONTENT="höjt"/><SP WIDTH="15" VPOS="671" HPOS="373"/>
							<String ID="string_159" HPOS="388" VPOS="672" WIDTH="29" HEIGHT="19" WC="0.93" CONTENT="sin"/><SP WIDTH="15" VPOS="672" HPOS="417"/>
							<String ID="string_160" HPOS="432" VPOS="672" WIDTH="154" HEIGHT="24" WC="0.91" CONTENT="bidragssumma"/><SP WIDTH="15" VPOS="672" HPOS="586"/>
							<String ID="string_161" HPOS="601" VPOS="672" WIDTH="30" HEIGHT="19" WC="0.92" CONTENT="till"/><SP WIDTH="17" VPOS="672" HPOS="631"/>
							<String ID="string_162" HPOS="648" VPOS="671" WIDTH="90" HEIGHT="25" WC="0.92" CONTENT="100,000"/><SP WIDTH="15" VPOS="671" HPOS="738"/>
							<String ID="string_163" HPOS="753" VPOS="671" WIDTH="62" HEIGHT="24" WC="0.96" CONTENT="mark,"/><SP WIDTH="15" VPOS="671" HPOS="815"/>
							<String ID="string_164" HPOS="830" VPOS="673" WIDTH="54" HEIGHT="18" WC="0.96" CONTENT="utom"/>
						</TextLine>
						<TextLine ID="line_18" HPOS="129" VPOS="699" WIDTH="729" HEIGHT="26">
							<String ID="string_165" HPOS="129" VPOS="699" WIDTH="93" HEIGHT="25" WC="0.85" CONTENT="afgiftsfri"/><SP WIDTH="15" VPOS="699" HPOS="222"/>
							<String ID="string_166" HPOS="237" VPOS="699" WIDTH="111" HEIGHT="25" WC="0.96" CONTENT="upplåtelse"/><SP WIDTH="15" VPOS="699" HPOS="348"/>
							<String ID="string_167" HPOS="363" VPOS="700" WIDTH="22" HEIGHT="20" WC="0.96" CONTENT="af"/><SP WIDTH="13" VPOS="700" HPOS="385"/>
							<String ID="string_168" HPOS="398" VPOS="700" WIDTH="27" HEIGHT="20" WC="0.97" CONTENT="all"/><SP WIDTH="14" VPOS="700" HPOS="425"/>
							<String ID="string_169" HPOS="439" VPOS="700" WIDTH="32" HEIGHT="20" WC="0.96" CONTENT="för"/><SP WIDTH="13" VPOS="700" HPOS="471"/>
							<String ID="string_170" HPOS="484" VPOS="701" WIDTH="108" HEIGHT="24" WC="0.96" CONTENT="järnvägen"/><SP WIDTH="15" VPOS="701" HPOS="592"/>
							<String ID="string_171" HPOS="607" VPOS="701" WIDTH="117" HEIGHT="24" WC="0.93" CONTENT="erforderlig"/><SP WIDTH="15" VPOS="701" HPOS="724"/>
							<String ID="string_172" HPOS="739" VPOS="701" WIDTH="119" HEIGHT="20" WC="0.92" CONTENT="stadsmark."/>
						</TextLine>
					</TextBlock>
					<TextBlock ID="block_3" HPOS="128" VPOS="728" WIDTH="756" HEIGHT="171">
						<TextLine ID="line_19" HPOS="198" VPOS="728" WIDTH="686" HEIGHT="27">
							<String ID="string_173" HPOS="198" VPOS="728" WIDTH="41" HEIGHT="20" WC="0.96" CONTENT="Det"/><SP WIDTH="14" VPOS="728" HPOS="239"/>
							<String ID="string_174" HPOS="253" VPOS="735" WIDTH="26" HEIGHT="13" WC="0.96" CONTENT="nu"/><SP WIDTH="15" VPOS="735" HPOS="279"/>
							<String ID="string_175" HPOS="294" VPOS="729" WIDTH="111" HEIGHT="24" WC="0.96" CONTENT="uppgjorda"/><SP WIDTH="14" VPOS="729" HPOS="405"/>
							<String ID="string_176" HPOS="419" VPOS="729" WIDTH="96" HEIGHT="24" WC="0.96" CONTENT="förslaget"/><SP WIDTH="14" VPOS="729" HPOS="515"/>
							<String ID="string_177" HPOS="529" VPOS="728" WIDTH="32" HEIGHT="21" WC="0.96" CONTENT="för"/><SP WIDTH="15" VPOS="728" HPOS="561"/>
							<String ID="string_178" HPOS="576" VPOS="735" WIDTH="25" HEIGHT="14" WC="0.96" CONTENT="en"/><SP WIDTH="15" VPOS="735" HPOS="601"/>
							<String ID="string_179" HPOS="616" VPOS="729" WIDTH="115" HEIGHT="25" WC="0.93" CONTENT="smalspårig"/><SP WIDTH="10" VPOS="729" HPOS="731"/>
							<String ID="string_180" HPOS="741" VPOS="729" WIDTH="83" HEIGHT="24" WC="0.90" CONTENT="jernväg"/><SP WIDTH="11" VPOS="729" HPOS="824"/>
							<String ID="string_181" HPOS="835" VPOS="729" WIDTH="49" HEIGHT="26" WC="0.96" CONTENT="från"/>
						</TextLine>
						<TextLine ID="line_20" HPOS="128" VPOS="757" WIDTH="755" HEIGHT="27">
							<String ID="string_182" HPOS="128" VPOS="757" WIDTH="84" HEIGHT="26" WC="0.91" CONTENT="Kovjoki"/><SP WIDTH="20" VPOS="757" HPOS="212"/>
							<String ID="string_183" HPOS="232" VPOS="757" WIDTH="72" HEIGHT="20" WC="0.79" CONTENT="station"/><SP WIDTH="22" VPOS="757" HPOS="304"/>
							<String ID="string_184" HPOS="326" VPOS="757" WIDTH="30" HEIGHT="20" WC="0.96" CONTENT="till"/><SP WIDTH="21" VPOS="757" HPOS="356"/>
							<String ID="string_185" HPOS="377" VPOS="757" WIDTH="108" HEIGHT="27" WC="0.96" CONTENT="Nykarleby"/><SP WIDTH="20" VPOS="757" HPOS="485"/>
							<String ID="string_186" HPOS="505" VPOS="758" WIDTH="44" HEIGHT="20" WC="0.96" CONTENT="stad"/><SP WIDTH="17" VPOS="758" HPOS="549"/>
							<String ID="string_187" HPOS="566" VPOS="758" WIDTH="35" HEIGHT="20" WC="0.96" CONTENT="och"/><SP WIDTH="14" VPOS="758" HPOS="601"/>
							<String ID="string_188" HPOS="615" VPOS="758" WIDTH="42" HEIGHT="20" WC="0.96" CONTENT="dess"/><SP WIDTH="13" VPOS="758" HPOS="657"/>
							<String ID="string_189" HPOS="670" VPOS="759" WIDTH="48" HEIGHT="25" WC="0.96" CONTENT="yttre"/><SP WIDTH="14" VPOS="759" HPOS="718"/>
							<String ID="string_190" HPOS="732" VPOS="758" WIDTH="61" HEIGHT="19" WC="0.63" CONTENT="hamn"/><SP WIDTH="15" VPOS="758" HPOS="793"/>
							<String ID="string_191" HPOS="808" VPOS="759" WIDTH="75" HEIGHT="19" WC="0.96" CONTENT="utvisar"/>
						</TextLine>
						<TextLine ID="line_21" HPOS="129" VPOS="787" WIDTH="754" HEIGHT="24">
							<String ID="string_192" HPOS="129" VPOS="787" WIDTH="35" HEIGHT="19" WC="0.96" CONTENT="det"/><SP WIDTH="21" VPOS="787" HPOS="164"/>
							<String ID="string_193" HPOS="185" VPOS="787" WIDTH="75" HEIGHT="19" WC="0.96" CONTENT="banans"/><SP WIDTH="22" VPOS="787" HPOS="260"/>
							<String ID="string_194" HPOS="282" VPOS="787" WIDTH="59" HEIGHT="24" WC="0.90" CONTENT="längd"/><SP WIDTH="22" VPOS="787" HPOS="341"/>
							<String ID="string_195" HPOS="363" VPOS="787" WIDTH="64" HEIGHT="20" WC="0.90" CONTENT="blefve"/><SP WIDTH="22" VPOS="787" HPOS="427"/>
							<String ID="string_196" HPOS="449" VPOS="787" WIDTH="57" HEIGHT="24" WC="0.96" CONTENT="12,45"/><SP WIDTH="22" VPOS="787" HPOS="506"/>
							<String ID="string_197" HPOS="528" VPOS="787" WIDTH="102" HEIGHT="20" WC="0.93" CONTENT="kilometer."/><SP WIDTH="29" VPOS="787" HPOS="630"/>
							<String ID="string_198" HPOS="659" VPOS="787" WIDTH="110" HEIGHT="20" WC="0.87" CONTENT="Inräknadt"/><SP WIDTH="16" VPOS="787" HPOS="769"/>
							<String ID="string_199" HPOS="785" VPOS="787" WIDTH="98" HEIGHT="20" WC="0.96" CONTENT="allmänna"/>
						</TextLine>
						<TextLine ID="line_22" HPOS="128" VPOS="815" WIDTH="755" HEIGHT="27">
							<String ID="string_200" HPOS="128" VPOS="815" WIDTH="115" HEIGHT="24" WC="0.96" CONTENT="kostnader,"/><SP WIDTH="9" VPOS="815" HPOS="243"/>
							<String ID="string_201" HPOS="252" VPOS="817" WIDTH="158" HEIGHT="24" WC="0.93" CONTENT="expropriation,"/><SP WIDTH="7" VPOS="817" HPOS="410"/>
							<String ID="string_202" HPOS="417" VPOS="817" WIDTH="231" HEIGHT="25" WC="0.91" CONTENT="terrasseringsarbeten,"/><SP WIDTH="10" VPOS="817" HPOS="648"/>
							<String ID="string_203" HPOS="658" VPOS="816" WIDTH="149" HEIGHT="24" WC="0.92" CONTENT="konstarbeten,"/><SP WIDTH="11" VPOS="816" HPOS="807"/>
							<String ID="string_204" HPOS="818" VPOS="816" WIDTH="65" HEIGHT="20" WC="0.92" CONTENT="öfver-"/>
						</TextLine>
						<TextLine ID="line_23" HPOS="129" VPOS="844" WIDTH="753" HEIGHT="25">
							<String ID="string_205" HPOS="129" VPOS="845" WIDTH="123" HEIGHT="23" WC="0.93" CONTENT="byggnaden,"/><SP WIDTH="15" VPOS="845" HPOS="252"/>
							<String ID="string_206" HPOS="267" VPOS="844" WIDTH="150" HEIGHT="25" WC="0.91" CONTENT="husbyggnader"/><SP WIDTH="15" VPOS="844" HPOS="417"/>
							<String ID="string_207" HPOS="432" VPOS="847" WIDTH="51" HEIGHT="17" WC="0.96" CONTENT="samt"/><SP WIDTH="14" VPOS="847" HPOS="483"/>
							<String ID="string_208" HPOS="497" VPOS="845" WIDTH="62" HEIGHT="24" WC="0.96" CONTENT="rörlig"/><SP WIDTH="15" VPOS="845" HPOS="559"/>
							<String ID="string_209" HPOS="574" VPOS="845" WIDTH="95" HEIGHT="23" WC="0.96" CONTENT="materiel,"/><SP WIDTH="16" VPOS="845" HPOS="669"/>
							<String ID="string_210" HPOS="685" VPOS="845" WIDTH="76" HEIGHT="24" WC="0.96" CONTENT="uppgår"/><SP WIDTH="10" VPOS="845" HPOS="761"/>
							<String ID="string_211" HPOS="771" VPOS="845" WIDTH="111" HEIGHT="20" WC="0.96" CONTENT="kostnaden"/>
						</TextLine>
						<TextLine ID="line_24" HPOS="130" VPOS="872" WIDTH="604" HEIGHT="27">
							<String ID="string_212" HPOS="130" VPOS="873" WIDTH="31" HEIGHT="20" WC="0.93" CONTENT="till"/><SP WIDTH="16" VPOS="873" HPOS="161"/>
							<String ID="string_213" HPOS="177" VPOS="872" WIDTH="93" HEIGHT="25" WC="0.90" CONTENT="239,040"/><SP WIDTH="13" VPOS="872" HPOS="270"/>
							<String ID="string_214" HPOS="283" VPOS="873" WIDTH="63" HEIGHT="25" WC="0.96" CONTENT="mark,"/><SP WIDTH="16" VPOS="873" HPOS="346"/>
							<String ID="string_215" HPOS="362" VPOS="874" WIDTH="49" HEIGHT="19" WC="0.93" CONTENT="eller"/><SP WIDTH="14" VPOS="874" HPOS="411"/>
							<String ID="string_216" HPOS="425" VPOS="873" WIDTH="75" HEIGHT="25" WC="0.92" CONTENT="19,200"/><SP WIDTH="14" VPOS="873" HPOS="500"/>
							<String ID="string_217" HPOS="514" VPOS="874" WIDTH="57" HEIGHT="19" WC="0.96" CONTENT="mark"/><SP WIDTH="10" VPOS="874" HPOS="571"/>
							<String ID="string_218" HPOS="581" VPOS="879" WIDTH="37" HEIGHT="20" WC="0.96" CONTENT="per"/><SP WIDTH="14" VPOS="879" HPOS="618"/>
							<String ID="string_219" HPOS="632" VPOS="873" WIDTH="102" HEIGHT="20" WC="0.95" CONTENT="kilometer."/>
						</TextLine>
					</TextBlock>
					<TextBlock ID="block_4" HPOS="130" VPOS="901" WIDTH="757" HEIGHT="254">
						<TextLine ID="line_25" HPOS="197" VPOS="901" WIDTH="685" HEIGHT="26">
							<String ID="string_220" HPOS="197" VPOS="901" WIDTH="61" HEIGHT="20" WC="0.96" CONTENT="Detta"/><SP WIDTH="15" VPOS="901" HPOS="258"/>
							<String ID="string_221" HPOS="273" VPOS="903" WIDTH="29" HEIGHT="22" WC="0.96" CONTENT="är,"/><SP WIDTH="16" VPOS="903" HPOS="302"/>
							<String ID="string_222" HPOS="318" VPOS="908" WIDTH="41" HEIGHT="13" WC="0.96" CONTENT="som"/><SP WIDTH="16" VPOS="908" HPOS="359"/>
							<String ID="string_223" HPOS="375" VPOS="908" WIDTH="43" HEIGHT="13" WC="0.95" CONTENT="man"/><SP WIDTH="11" VPOS="908" HPOS="418"/>
							<String ID="string_224" HPOS="429" VPOS="902" WIDTH="70" HEIGHT="25" WC="0.61" CONTENT="finner,"/><SP WIDTH="12" VPOS="902" HPOS="499"/>
							<String ID="string_225" HPOS="511" VPOS="908" WIDTH="24" HEIGHT="13" WC="0.96" CONTENT="en"/><SP WIDTH="10" VPOS="908" HPOS="535"/>
							<String ID="string_226" HPOS="545" VPOS="902" WIDTH="32" HEIGHT="19" WC="0.96" CONTENT="för"/><SP WIDTH="12" VPOS="902" HPOS="577"/>
							<String ID="string_227" HPOS="589" VPOS="904" WIDTH="29" HEIGHT="17" WC="0.93" CONTENT="ett"/><SP WIDTH="10" VPOS="904" HPOS="618"/>
							<String ID="string_228" HPOS="628" VPOS="901" WIDTH="171" HEIGHT="25" WC="0.92" CONTENT="jernvägsföretag"/><SP WIDTH="13" VPOS="901" HPOS="799"/>
							<String ID="string_229" HPOS="812" VPOS="907" WIDTH="70" HEIGHT="18" WC="0.92" CONTENT="excep-"/>
						</TextLine>
						<TextLine ID="line_26" HPOS="130" VPOS="930" WIDTH="753" HEIGHT="25">
							<String ID="string_230" HPOS="130" VPOS="930" WIDTH="70" HEIGHT="19" WC="0.91" CONTENT="tionelt"/><SP WIDTH="19" VPOS="930" HPOS="200"/>
							<String ID="string_231" HPOS="219" VPOS="930" WIDTH="32" HEIGHT="23" WC="0.95" CONTENT="låg"/><SP WIDTH="21" VPOS="930" HPOS="251"/>
							<String ID="string_232" HPOS="272" VPOS="931" WIDTH="91" HEIGHT="23" WC="0.96" CONTENT="kostnad,"/><SP WIDTH="23" VPOS="931" HPOS="363"/>
							<String ID="string_233" HPOS="386" VPOS="931" WIDTH="79" HEIGHT="19" WC="0.96" CONTENT="hvilken"/><SP WIDTH="16" VPOS="931" HPOS="465"/>
							<String ID="string_234" HPOS="481" VPOS="931" WIDTH="142" HEIGHT="23" WC="0.96" CONTENT="omständighet"/><SP WIDTH="15" VPOS="931" HPOS="623"/>
							<String ID="string_235" HPOS="638" VPOS="931" WIDTH="44" HEIGHT="19" WC="0.96" CONTENT="icke"/><SP WIDTH="15" VPOS="931" HPOS="682"/>
							<String ID="string_236" HPOS="697" VPOS="930" WIDTH="52" HEIGHT="20" WC="0.95" CONTENT="blott"/><SP WIDTH="15" VPOS="930" HPOS="749"/>
							<String ID="string_237" HPOS="764" VPOS="931" WIDTH="65" HEIGHT="24" WC="0.93" CONTENT="styrkt"/><SP WIDTH="14" VPOS="931" HPOS="829"/>
							<String ID="string_238" HPOS="843" VPOS="932" WIDTH="40" HEIGHT="17" WC="0.91" CONTENT="sta-"/>
						</TextLine>
						<TextLine ID="line_27" HPOS="130" VPOS="959" WIDTH="753" HEIGHT="24">
							<String ID="string_239" HPOS="130" VPOS="959" WIDTH="37" HEIGHT="19" WC="0.95" CONTENT="den"/><SP WIDTH="22" VPOS="959" HPOS="167"/>
							<String ID="string_240" HPOS="189" VPOS="959" WIDTH="7" HEIGHT="18" WC="0.95" CONTENT="i"/><SP WIDTH="23" VPOS="959" HPOS="196"/>
							<String ID="string_241" HPOS="219" VPOS="959" WIDTH="45" HEIGHT="19" WC="0.95" CONTENT="dess"/><SP WIDTH="21" VPOS="959" HPOS="264"/>
							<String ID="string_242" HPOS="285" VPOS="959" WIDTH="53" HEIGHT="24" WC="0.95" CONTENT="hopp"/><SP WIDTH="16" VPOS="959" HPOS="338"/>
							<String ID="string_243" HPOS="354" VPOS="961" WIDTH="30" HEIGHT="18" WC="0.96" CONTENT="att"/><SP WIDTH="13" VPOS="961" HPOS="384"/>
							<String ID="string_244" HPOS="397" VPOS="960" WIDTH="53" HEIGHT="19" WC="0.96" CONTENT="inom"/><SP WIDTH="14" VPOS="960" HPOS="450"/>
							<String ID="string_245" HPOS="464" VPOS="960" WIDTH="183" HEIGHT="23" WC="0.96" CONTENT="representationen"/><SP WIDTH="16" VPOS="960" HPOS="647"/>
							<String ID="string_246" HPOS="663" VPOS="959" WIDTH="53" HEIGHT="19" WC="0.96" CONTENT="finna"/><SP WIDTH="14" VPOS="959" HPOS="716"/>
							<String ID="string_247" HPOS="730" VPOS="959" WIDTH="62" HEIGHT="24" WC="0.96" CONTENT="gehör"/><SP WIDTH="14" VPOS="959" HPOS="792"/>
							<String ID="string_248" HPOS="806" VPOS="959" WIDTH="31" HEIGHT="19" WC="0.96" CONTENT="för"/><SP WIDTH="15" VPOS="959" HPOS="837"/>
							<String ID="string_249" HPOS="852" VPOS="959" WIDTH="31" HEIGHT="19" WC="0.96" CONTENT="sin"/>
						</TextLine>
						<TextLine ID="line_28" HPOS="130" VPOS="987" WIDTH="756" HEIGHT="26">
							<String ID="string_250" HPOS="130" VPOS="987" WIDTH="98" HEIGHT="26" WC="0.95" CONTENT="anhållan,"/><SP WIDTH="15" VPOS="987" HPOS="228"/>
							<String ID="string_251" HPOS="243" VPOS="989" WIDTH="47" HEIGHT="18" WC="0.95" CONTENT="utan"/><SP WIDTH="17" VPOS="989" HPOS="290"/>
							<String ID="string_252" HPOS="307" VPOS="988" WIDTH="57" HEIGHT="19" WC="0.95" CONTENT="äfven"/><SP WIDTH="16" VPOS="988" HPOS="364"/>
							<String ID="string_253" HPOS="380" VPOS="988" WIDTH="32" HEIGHT="19" WC="0.96" CONTENT="till"/><SP WIDTH="15" VPOS="988" HPOS="412"/>
							<String ID="string_254" HPOS="427" VPOS="993" WIDTH="23" HEIGHT="14" WC="0.96" CONTENT="en"/><SP WIDTH="17" VPOS="993" HPOS="450"/>
							<String ID="string_255" HPOS="467" VPOS="988" WIDTH="31" HEIGHT="19" WC="0.96" CONTENT="del"/><SP WIDTH="17" VPOS="988" HPOS="498"/>
							<String ID="string_256" HPOS="515" VPOS="989" WIDTH="104" HEIGHT="18" WC="0.96" CONTENT="motiverat"/><SP WIDTH="12" VPOS="989" HPOS="619"/>
							<String ID="string_257" HPOS="631" VPOS="988" WIDTH="44" HEIGHT="19" WC="0.96" CONTENT="dess"/><SP WIDTH="12" VPOS="988" HPOS="675"/>
							<String ID="string_258" HPOS="687" VPOS="987" WIDTH="87" HEIGHT="24" WC="0.96" CONTENT="begäran"/><SP WIDTH="12" VPOS="987" HPOS="774"/>
							<String ID="string_259" HPOS="786" VPOS="990" WIDTH="30" HEIGHT="17" WC="0.93" CONTENT="att"/><SP WIDTH="10" VPOS="990" HPOS="816"/>
							<String ID="string_260" HPOS="826" VPOS="989" WIDTH="60" HEIGHT="18" WC="0.90" CONTENT="stats-"/>
						</TextLine>
						<TextLine ID="line_29" HPOS="130" VPOS="1016" WIDTH="756" HEIGHT="25">
							<String ID="string_261" HPOS="130" VPOS="1016" WIDTH="70" HEIGHT="21" WC="0.92" CONTENT="värket"/><SP WIDTH="13" VPOS="1016" HPOS="200"/>
							<String ID="string_262" HPOS="213" VPOS="1016" WIDTH="61" HEIGHT="20" WC="0.96" CONTENT="måtte"/><SP WIDTH="16" VPOS="1016" HPOS="274"/>
							<String ID="string_263" HPOS="290" VPOS="1017" WIDTH="116" HEIGHT="24" WC="0.96" CONTENT="exploatera"/><SP WIDTH="15" VPOS="1017" HPOS="406"/>
							<String ID="string_264" HPOS="421" VPOS="1017" WIDTH="55" HEIGHT="19" WC="0.96" CONTENT="detta"/><SP WIDTH="14" VPOS="1017" HPOS="476"/>
							<String ID="string_265" HPOS="490" VPOS="1019" WIDTH="150" HEIGHT="22" WC="0.96" CONTENT="representerar"/><SP WIDTH="15" VPOS="1019" HPOS="640"/>
							<String ID="string_266" HPOS="655" VPOS="1022" WIDTH="41" HEIGHT="13" WC="0.96" CONTENT="som"/><SP WIDTH="15" VPOS="1022" HPOS="696"/>
							<String ID="string_267" HPOS="711" VPOS="1016" WIDTH="84" HEIGHT="25" WC="0.96" CONTENT="företag,"/><SP WIDTH="16" VPOS="1016" HPOS="795"/>
							<String ID="string_268" HPOS="811" VPOS="1022" WIDTH="23" HEIGHT="13" WC="0.96" CONTENT="en"/><SP WIDTH="16" VPOS="1022" HPOS="834"/>
							<String ID="string_269" HPOS="850" VPOS="1016" WIDTH="36" HEIGHT="19" WC="0.96" CONTENT="hos"/>
						</TextLine>
						<TextLine ID="line_30" HPOS="130" VPOS="1045" WIDTH="756" HEIGHT="25">
							<String ID="string_270" HPOS="130" VPOS="1051" WIDTH="31" HEIGHT="14" WC="0.95" CONTENT="oss"/><SP WIDTH="22" VPOS="1051" HPOS="161"/>
							<String ID="string_271" HPOS="183" VPOS="1051" WIDTH="26" HEIGHT="18" WC="0.93" CONTENT="ny"/><SP WIDTH="20" VPOS="1051" HPOS="209"/>
							<String ID="string_272" HPOS="229" VPOS="1045" WIDTH="136" HEIGHT="25" WC="0.90" CONTENT="jernvägstyp."/><SP WIDTH="29" VPOS="1045" HPOS="365"/>
							<String ID="string_273" HPOS="394" VPOS="1045" WIDTH="31" HEIGHT="20" WC="0.93" CONTENT="En"/><SP WIDTH="23" VPOS="1045" HPOS="425"/>
							<String ID="string_274" HPOS="448" VPOS="1045" WIDTH="113" HEIGHT="20" WC="0.96" CONTENT="erfarenhet"/><SP WIDTH="22" VPOS="1045" HPOS="561"/>
							<String ID="string_275" HPOS="583" VPOS="1050" WIDTH="77" HEIGHT="14" WC="0.92" CONTENT="vunnen"/><SP WIDTH="22" VPOS="1050" HPOS="660"/>
							<String ID="string_276" HPOS="682" VPOS="1045" WIDTH="119" HEIGHT="20" WC="0.92" CONTENT="härutinnan"/><SP WIDTH="19" VPOS="1045" HPOS="801"/>
							<String ID="string_277" HPOS="820" VPOS="1045" WIDTH="66" HEIGHT="19" WC="0.96" CONTENT="kunde"/>
						</TextLine>
						<TextLine ID="line_31" HPOS="130" VPOS="1073" WIDTH="757" HEIGHT="25">
							<String ID="string_278" HPOS="130" VPOS="1074" WIDTH="54" HEIGHT="24" WC="0.96" CONTENT="tjena"/><SP WIDTH="15" VPOS="1074" HPOS="184"/>
							<String ID="string_279" HPOS="199" VPOS="1073" WIDTH="31" HEIGHT="20" WC="0.96" CONTENT="till"/><SP WIDTH="15" VPOS="1073" HPOS="230"/>
							<String ID="string_280" HPOS="245" VPOS="1073" WIDTH="80" HEIGHT="25" WC="0.96" CONTENT="ledning"/><SP WIDTH="15" VPOS="1073" HPOS="325"/>
							<String ID="string_281" HPOS="340" VPOS="1075" WIDTH="32" HEIGHT="18" WC="0.96" CONTENT="för"/><SP WIDTH="14" VPOS="1075" HPOS="372"/>
							<String ID="string_282" HPOS="386" VPOS="1074" WIDTH="97" HEIGHT="19" WC="0.96" CONTENT="måhända"/><SP WIDTH="14" VPOS="1074" HPOS="483"/>
							<String ID="string_283" HPOS="497" VPOS="1075" WIDTH="70" HEIGHT="23" WC="0.96" CONTENT="många"/><SP WIDTH="14" VPOS="1075" HPOS="567"/>
							<String ID="string_284" HPOS="581" VPOS="1073" WIDTH="93" HEIGHT="20" WC="0.93" CONTENT="framtida"/><SP WIDTH="12" VPOS="1073" HPOS="674"/>
							<String ID="string_285" HPOS="686" VPOS="1074" WIDTH="84" HEIGHT="19" WC="0.91" CONTENT="bibanor"/><SP WIDTH="12" VPOS="1074" HPOS="770"/>
							<String ID="string_286" HPOS="782" VPOS="1073" WIDTH="21" HEIGHT="20" WC="0.96" CONTENT="af"/><SP WIDTH="11" VPOS="1073" HPOS="803"/>
							<String ID="string_287" HPOS="814" VPOS="1079" WIDTH="73" HEIGHT="14" WC="0.94" CONTENT="samma"/>
						</TextLine>
						<TextLine ID="line_32" HPOS="130" VPOS="1101" WIDTH="756" HEIGHT="26">
							<String ID="string_288" HPOS="130" VPOS="1105" WIDTH="41" HEIGHT="22" WC="0.96" CONTENT="typ,"/><SP WIDTH="16" VPOS="1105" HPOS="171"/>
							<String ID="string_289" HPOS="187" VPOS="1108" WIDTH="24" HEIGHT="13" WC="0.96" CONTENT="en"/><SP WIDTH="16" VPOS="1108" HPOS="211"/>
							<String ID="string_290" HPOS="227" VPOS="1103" WIDTH="113" HEIGHT="19" WC="0.96" CONTENT="erfarenhet"/><SP WIDTH="15" VPOS="1103" HPOS="340"/>
							<String ID="string_291" HPOS="355" VPOS="1108" WIDTH="41" HEIGHT="14" WC="0.97" CONTENT="som"/><SP WIDTH="15" VPOS="1108" HPOS="396"/>
							<String ID="string_292" HPOS="411" VPOS="1103" WIDTH="7" HEIGHT="18" WC="0.96" CONTENT="i"/><SP WIDTH="15" VPOS="1103" HPOS="418"/>
							<String ID="string_293" HPOS="433" VPOS="1103" WIDTH="59" HEIGHT="24" WC="0.96" CONTENT="ingen"/><SP WIDTH="14" VPOS="1103" HPOS="492"/>
							<String ID="string_294" HPOS="506" VPOS="1103" WIDTH="95" HEIGHT="19" WC="0.96" CONTENT="händelse"/><SP WIDTH="15" VPOS="1103" HPOS="601"/>
							<String ID="string_295" HPOS="616" VPOS="1102" WIDTH="45" HEIGHT="19" WC="0.96" CONTENT="med"/><SP WIDTH="16" VPOS="1102" HPOS="661"/>
							<String ID="string_296" HPOS="677" VPOS="1102" WIDTH="64" HEIGHT="20" WC="0.96" CONTENT="denna"/><SP WIDTH="14" VPOS="1102" HPOS="741"/>
							<String ID="string_297" HPOS="755" VPOS="1102" WIDTH="52" HEIGHT="20" WC="0.93" CONTENT="bana"/><SP WIDTH="15" VPOS="1102" HPOS="807"/>
							<String ID="string_298" HPOS="822" VPOS="1101" WIDTH="64" HEIGHT="20" WC="0.92" CONTENT="blefve"/>
						</TextLine>
						<TextLine ID="line_33" HPOS="130" VPOS="1131" WIDTH="93" HEIGHT="24">
							<String ID="string_299" HPOS="130" VPOS="1131" WIDTH="93" HEIGHT="24" WC="0.88" CONTENT="dyrköpt."/>
						</TextLine>
					</TextBlock>
					<TextBlock ID="block_5" HPOS="130" VPOS="1159" WIDTH="759" HEIGHT="192">
						<TextLine ID="line_34" HPOS="199" VPOS="1159" WIDTH="688" HEIGHT="26">
							<String ID="string_300" HPOS="199" VPOS="1160" WIDTH="10" HEIGHT="19" WC="0.96" CONTENT="I"/><SP WIDTH="15" VPOS="1160" HPOS="209"/>
							<String ID="string_301" HPOS="224" VPOS="1160" WIDTH="55" HEIGHT="24" WC="0.96" CONTENT="fråga"/><SP WIDTH="15" VPOS="1160" HPOS="279"/>
							<String ID="string_302" HPOS="294" VPOS="1165" WIDTH="31" HEIGHT="15" WC="0.97" CONTENT="om"/><SP WIDTH="15" VPOS="1165" HPOS="325"/>
							<String ID="string_303" HPOS="340" VPOS="1159" WIDTH="115" HEIGHT="26" WC="0.93" CONTENT="Nykarleby"/><SP WIDTH="11" VPOS="1159" HPOS="455"/>
							<String ID="string_304" HPOS="466" VPOS="1159" WIDTH="196" HEIGHT="20" WC="0.89" CONTENT="hamnförhållanden"/><SP WIDTH="13" VPOS="1159" HPOS="662"/>
							<String ID="string_305" HPOS="675" VPOS="1160" WIDTH="31" HEIGHT="19" WC="0.95" CONTENT="må"/><SP WIDTH="11" VPOS="1160" HPOS="706"/>
							<String ID="string_306" HPOS="717" VPOS="1160" WIDTH="37" HEIGHT="19" WC="0.96" CONTENT="här"/><SP WIDTH="11" VPOS="1160" HPOS="754"/>
							<String ID="string_307" HPOS="765" VPOS="1159" WIDTH="122" HEIGHT="23" WC="0.94" CONTENT="framhållas,"/>
						</TextLine>
						<TextLine ID="line_35" HPOS="130" VPOS="1188" WIDTH="756" HEIGHT="25">
							<String ID="string_308" HPOS="130" VPOS="1191" WIDTH="29" HEIGHT="18" WC="0.96" CONTENT="att"/><SP WIDTH="16" VPOS="1191" HPOS="159"/>
							<String ID="string_309" HPOS="175" VPOS="1191" WIDTH="30" HEIGHT="16" WC="0.95" CONTENT="ett"/><SP WIDTH="15" VPOS="1191" HPOS="205"/>
							<String ID="string_310" HPOS="220" VPOS="1189" WIDTH="84" HEIGHT="24" WC="0.95" CONTENT="tidigare"/><SP WIDTH="15" VPOS="1189" HPOS="304"/>
							<String ID="string_311" HPOS="319" VPOS="1189" WIDTH="80" HEIGHT="24" WC="0.96" CONTENT="projekt"/><SP WIDTH="14" VPOS="1189" HPOS="399"/>
							<String ID="string_312" HPOS="413" VPOS="1191" WIDTH="30" HEIGHT="17" WC="0.96" CONTENT="att"/><SP WIDTH="14" VPOS="1191" HPOS="443"/>
							<String ID="string_313" HPOS="457" VPOS="1189" WIDTH="46" HEIGHT="19" WC="0.96" CONTENT="leda"/><SP WIDTH="10" VPOS="1189" HPOS="503"/>
							<String ID="string_314" HPOS="513" VPOS="1189" WIDTH="108" HEIGHT="24" WC="0.96" CONTENT="järnvägen"/><SP WIDTH="11" VPOS="1189" HPOS="621"/>
							<String ID="string_315" HPOS="632" VPOS="1188" WIDTH="30" HEIGHT="20" WC="0.96" CONTENT="till"/><SP WIDTH="13" VPOS="1188" HPOS="662"/>
							<String ID="string_316" HPOS="675" VPOS="1189" WIDTH="80" HEIGHT="19" WC="0.96" CONTENT="stadens"/><SP WIDTH="11" VPOS="1189" HPOS="755"/>
							<String ID="string_317" HPOS="766" VPOS="1189" WIDTH="43" HEIGHT="18" WC="0.93" CONTENT="inre"/><SP WIDTH="12" VPOS="1189" HPOS="809"/>
							<String ID="string_318" HPOS="821" VPOS="1188" WIDTH="65" HEIGHT="25" WC="0.91" CONTENT="bamn,"/>
						</TextLine>
						<TextLine ID="line_36" HPOS="131" VPOS="1216" WIDTH="755" HEIGHT="26">
							<String ID="string_319" HPOS="131" VPOS="1217" WIDTH="38" HEIGHT="19" WC="0.92" CONTENT="den"/><SP WIDTH="15" VPOS="1217" HPOS="169"/>
							<String ID="string_320" HPOS="184" VPOS="1222" WIDTH="16" HEIGHT="14" WC="0.87" CONTENT="s."/><SP WIDTH="15" VPOS="1222" HPOS="200"/>
							<String ID="string_321" HPOS="215" VPOS="1217" WIDTH="21" HEIGHT="20" WC="0.88" CONTENT="k."/><SP WIDTH="15" VPOS="1217" HPOS="236"/>
							<String ID="string_322" HPOS="251" VPOS="1217" WIDTH="73" HEIGHT="24" WC="0.91" CONTENT="Nålön,"/><SP WIDTH="15" VPOS="1217" HPOS="324"/>
							<String ID="string_323" HPOS="339" VPOS="1216" WIDTH="65" HEIGHT="21" WC="0.93" CONTENT="blifvit"/><SP WIDTH="14" VPOS="1216" HPOS="404"/>
							<String ID="string_324" HPOS="418" VPOS="1217" WIDTH="108" HEIGHT="25" WC="0.91" CONTENT="uppgifvet,"/><SP WIDTH="16" VPOS="1217" HPOS="526"/>
							<String ID="string_325" HPOS="542" VPOS="1220" WIDTH="47" HEIGHT="16" WC="0.95" CONTENT="utan"/><SP WIDTH="14" VPOS="1220" HPOS="589"/>
							<String ID="string_326" HPOS="603" VPOS="1217" WIDTH="36" HEIGHT="24" WC="0.96" CONTENT="går"/><SP WIDTH="15" VPOS="1217" HPOS="639"/>
							<String ID="string_327" HPOS="654" VPOS="1217" WIDTH="38" HEIGHT="19" WC="0.96" CONTENT="den"/><SP WIDTH="15" VPOS="1217" HPOS="692"/>
							<String ID="string_328" HPOS="707" VPOS="1217" WIDTH="103" HEIGHT="19" WC="0.96" CONTENT="tilltänkta"/><SP WIDTH="11" VPOS="1217" HPOS="810"/>
							<String ID="string_329" HPOS="821" VPOS="1217" WIDTH="65" HEIGHT="18" WC="0.96" CONTENT="banan"/>
						</TextLine>
						<TextLine ID="line_37" HPOS="130" VPOS="1244" WIDTH="756" HEIGHT="25">
							<String ID="string_330" HPOS="130" VPOS="1246" WIDTH="31" HEIGHT="19" WC="0.95" CONTENT="till"/><SP WIDTH="22" VPOS="1246" HPOS="161"/>
							<String ID="string_331" HPOS="183" VPOS="1246" WIDTH="80" HEIGHT="19" WC="0.95" CONTENT="stadens"/><SP WIDTH="22" VPOS="1246" HPOS="263"/>
							<String ID="string_332" HPOS="285" VPOS="1247" WIDTH="53" HEIGHT="22" WC="0.96" CONTENT="yttre"/><SP WIDTH="21" VPOS="1247" HPOS="338"/>
							<String ID="string_333" HPOS="359" VPOS="1245" WIDTH="66" HEIGHT="24" WC="0.96" CONTENT="hamn,"/><SP WIDTH="22" VPOS="1245" HPOS="425"/>
							<String ID="string_334" HPOS="447" VPOS="1251" WIDTH="42" HEIGHT="14" WC="0.96" CONTENT="som"/><SP WIDTH="14" VPOS="1251" HPOS="489"/>
							<String ID="string_335" HPOS="503" VPOS="1246" WIDTH="8" HEIGHT="19" WC="0.96" CONTENT="i"/><SP WIDTH="14" VPOS="1246" HPOS="511"/>
							<String ID="string_336" HPOS="525" VPOS="1245" WIDTH="56" HEIGHT="24" WC="0.96" CONTENT="fråga"/><SP WIDTH="15" VPOS="1245" HPOS="581"/>
							<String ID="string_337" HPOS="596" VPOS="1251" WIDTH="31" HEIGHT="14" WC="0.93" CONTENT="om"/><SP WIDTH="14" VPOS="1251" HPOS="627"/>
							<String ID="string_338" HPOS="641" VPOS="1245" WIDTH="110" HEIGHT="24" WC="0.92" CONTENT="rymlighet,"/><SP WIDTH="15" VPOS="1245" HPOS="751"/>
							<String ID="string_339" HPOS="766" VPOS="1245" WIDTH="39" HEIGHT="19" WC="0.96" CONTENT="lätt"/><SP WIDTH="14" VPOS="1245" HPOS="805"/>
							<String ID="string_340" HPOS="819" VPOS="1244" WIDTH="67" HEIGHT="25" WC="0.96" CONTENT="inlopp"/>
						</TextLine>
						<TextLine ID="line_38" HPOS="131" VPOS="1273" WIDTH="756" HEIGHT="25">
							<String ID="string_341" HPOS="131" VPOS="1274" WIDTH="38" HEIGHT="19" WC="0.92" CONTENT="och"/><SP WIDTH="15" VPOS="1274" HPOS="169"/>
							<String ID="string_342" HPOS="184" VPOS="1273" WIDTH="186" HEIGHT="25" WC="0.91" CONTENT="djupförhållanden"/><SP WIDTH="15" VPOS="1273" HPOS="370"/>
							<String ID="string_343" HPOS="385" VPOS="1275" WIDTH="23" HEIGHT="18" WC="0.97" CONTENT="är"/><SP WIDTH="15" VPOS="1275" HPOS="408"/>
							<String ID="string_344" HPOS="423" VPOS="1280" WIDTH="23" HEIGHT="13" WC="0.96" CONTENT="en"/><SP WIDTH="15" VPOS="1280" HPOS="446"/>
							<String ID="string_345" HPOS="461" VPOS="1274" WIDTH="23" HEIGHT="20" WC="0.96" CONTENT="af"/><SP WIDTH="13" VPOS="1274" HPOS="484"/>
							<String ID="string_346" HPOS="497" VPOS="1275" WIDTH="24" HEIGHT="18" WC="0.96" CONTENT="de"/><SP WIDTH="15" VPOS="1275" HPOS="521"/>
							<String ID="string_347" HPOS="536" VPOS="1274" WIDTH="45" HEIGHT="19" WC="0.93" CONTENT="bäst"/><SP WIDTH="15" VPOS="1274" HPOS="581"/>
							<String ID="string_348" HPOS="596" VPOS="1274" WIDTH="100" HEIGHT="19" WC="0.91" CONTENT="situerade"/><SP WIDTH="15" VPOS="1274" HPOS="696"/>
							<String ID="string_349" HPOS="711" VPOS="1273" WIDTH="60" HEIGHT="20" WC="0.96" CONTENT="bland"/><SP WIDTH="15" VPOS="1273" HPOS="771"/>
							<String ID="string_350" HPOS="786" VPOS="1273" WIDTH="25" HEIGHT="19" WC="0.91" CONTENT="de"/><SP WIDTH="13" VPOS="1273" HPOS="811"/>
							<String ID="string_351" HPOS="824" VPOS="1275" WIDTH="63" HEIGHT="18" WC="0.91" CONTENT="öster-"/>
						</TextLine>
						<TextLine ID="line_39" HPOS="131" VPOS="1301" WIDTH="758" HEIGHT="27">
							<String ID="string_352" HPOS="131" VPOS="1302" WIDTH="102" HEIGHT="19" WC="0.92" CONTENT="bottniska"/><SP WIDTH="20" VPOS="1302" HPOS="233"/>
							<String ID="string_353" HPOS="253" VPOS="1303" WIDTH="112" HEIGHT="25" WC="0.91" CONTENT="hamnarne,"/><SP WIDTH="24" VPOS="1303" HPOS="365"/>
							<String ID="string_354" HPOS="389" VPOS="1303" WIDTH="36" HEIGHT="19" WC="0.96" CONTENT="och"/><SP WIDTH="22" VPOS="1303" HPOS="425"/>
							<String ID="string_355" HPOS="447" VPOS="1303" WIDTH="36" HEIGHT="18" WC="0.96" CONTENT="der"/><SP WIDTH="19" VPOS="1303" HPOS="483"/>
							<String ID="string_356" HPOS="502" VPOS="1303" WIDTH="134" HEIGHT="22" WC="0.95" CONTENT="anordningar"/><SP WIDTH="18" VPOS="1303" HPOS="636"/>
							<String ID="string_357" HPOS="654" VPOS="1302" WIDTH="31" HEIGHT="19" WC="0.96" CONTENT="för"/><SP WIDTH="14" VPOS="1302" HPOS="685"/>
							<String ID="string_358" HPOS="699" VPOS="1301" WIDTH="153" HEIGHT="20" WC="0.95" CONTENT="underlättande"/><SP WIDTH="15" VPOS="1301" HPOS="852"/>
							<String ID="string_359" HPOS="867" VPOS="1301" WIDTH="22" HEIGHT="19" WC="0.96" CONTENT="af"/>
						</TextLine>
						<TextLine ID="line_40" HPOS="132" VPOS="1330" WIDTH="499" HEIGHT="21">
							<String ID="string_360" HPOS="132" VPOS="1331" WIDTH="83" HEIGHT="20" WC="0.96" CONTENT="trafiken"/><SP WIDTH="16" VPOS="1331" HPOS="215"/>
							<String ID="string_361" HPOS="231" VPOS="1331" WIDTH="37" HEIGHT="19" WC="0.96" CONTENT="lätt"/><SP WIDTH="14" VPOS="1331" HPOS="268"/>
							<String ID="string_362" HPOS="282" VPOS="1331" WIDTH="67" HEIGHT="19" WC="0.96" CONTENT="kunna"/><SP WIDTH="14" VPOS="1331" HPOS="349"/>
							<String ID="string_363" HPOS="363" VPOS="1331" WIDTH="7" HEIGHT="18" WC="0.96" CONTENT="i"/><SP WIDTH="12" VPOS="1331" HPOS="370"/>
							<String ID="string_364" HPOS="382" VPOS="1331" WIDTH="44" HEIGHT="19" WC="0.96" CONTENT="mån"/><SP WIDTH="15" VPOS="1331" HPOS="426"/>
							<String ID="string_365" HPOS="441" VPOS="1331" WIDTH="22" HEIGHT="19" WC="0.93" CONTENT="af"/><SP WIDTH="13" VPOS="1331" HPOS="463"/>
							<String ID="string_366" HPOS="476" VPOS="1330" WIDTH="61" HEIGHT="20" WC="0.91" CONTENT="behof"/><SP WIDTH="12" VPOS="1330" HPOS="537"/>
							<String ID="string_367" HPOS="549" VPOS="1330" WIDTH="82" HEIGHT="20" WC="0.95" CONTENT="införas."/>
						</TextLine>
					</TextBlock>
					<TextBlock ID="block_6" HPOS="132" VPOS="1357" WIDTH="755" HEIGHT="111">
						<TextLine ID="line_41" HPOS="200" VPOS="1357" WIDTH="687" HEIGHT="27">
							<String ID="string_368" HPOS="200" VPOS="1359" WIDTH="116" HEIGHT="24" WC="0.96" CONTENT="Nykarleby"/><SP WIDTH="19" VPOS="1359" HPOS="316"/>
							<String ID="string_369" HPOS="335" VPOS="1359" WIDTH="44" HEIGHT="19" WC="0.96" CONTENT="stad"/><SP WIDTH="16" VPOS="1359" HPOS="379"/>
							<String ID="string_370" HPOS="395" VPOS="1360" WIDTH="76" HEIGHT="24" WC="0.96" CONTENT="hoppas"/><SP WIDTH="15" VPOS="1360" HPOS="471"/>
							<String ID="string_371" HPOS="486" VPOS="1361" WIDTH="29" HEIGHT="17" WC="0.96" CONTENT="att"/><SP WIDTH="16" VPOS="1361" HPOS="515"/>
							<String ID="string_372" HPOS="531" VPOS="1359" WIDTH="107" HEIGHT="19" WC="0.96" CONTENT="ständerna"/><SP WIDTH="15" VPOS="1359" HPOS="638"/>
							<String ID="string_373" HPOS="653" VPOS="1359" WIDTH="63" HEIGHT="19" WC="0.96" CONTENT="under"/><SP WIDTH="14" VPOS="1359" HPOS="716"/>
							<String ID="string_374" HPOS="730" VPOS="1359" WIDTH="68" HEIGHT="23" WC="0.93" CONTENT="hvarje"/><SP WIDTH="15" VPOS="1359" HPOS="798"/>
							<String ID="string_375" HPOS="813" VPOS="1357" WIDTH="74" HEIGHT="20" WC="0.92" CONTENT="förhål-"/>
						</TextLine>
						<TextLine ID="line_42" HPOS="132" VPOS="1386" WIDTH="755" HEIGHT="25">
							<String ID="string_376" HPOS="132" VPOS="1387" WIDTH="59" HEIGHT="20" WC="0.96" CONTENT="lande"/><SP WIDTH="22" VPOS="1387" HPOS="191"/>
							<String ID="string_377" HPOS="213" VPOS="1393" WIDTH="81" HEIGHT="14" WC="0.96" CONTENT="numera"/><SP WIDTH="21" VPOS="1393" HPOS="294"/>
							<String ID="string_378" HPOS="315" VPOS="1387" WIDTH="45" HEIGHT="20" WC="0.96" CONTENT="icke"/><SP WIDTH="20" VPOS="1387" HPOS="360"/>
							<String ID="string_379" HPOS="380" VPOS="1387" WIDTH="57" HEIGHT="20" WC="0.96" CONTENT="skola"/><SP WIDTH="16" VPOS="1387" HPOS="437"/>
							<String ID="string_380" HPOS="453" VPOS="1390" WIDTH="60" HEIGHT="21" WC="0.96" CONTENT="vägra"/><SP WIDTH="14" VPOS="1390" HPOS="513"/>
							<String ID="string_381" HPOS="527" VPOS="1388" WIDTH="35" HEIGHT="18" WC="0.96" CONTENT="sitt"/><SP WIDTH="15" VPOS="1388" HPOS="562"/>
							<String ID="string_382" HPOS="577" VPOS="1387" WIDTH="54" HEIGHT="20" WC="0.96" CONTENT="bifall"/><SP WIDTH="16" VPOS="1387" HPOS="631"/>
							<String ID="string_383" HPOS="647" VPOS="1387" WIDTH="30" HEIGHT="19" WC="0.93" CONTENT="till"/><SP WIDTH="15" VPOS="1387" HPOS="677"/>
							<String ID="string_384" HPOS="692" VPOS="1387" WIDTH="108" HEIGHT="19" WC="0.91" CONTENT="anvisande"/><SP WIDTH="15" VPOS="1387" HPOS="800"/>
							<String ID="string_385" HPOS="815" VPOS="1386" WIDTH="22" HEIGHT="20" WC="0.96" CONTENT="af"/><SP WIDTH="12" VPOS="1386" HPOS="837"/>
							<String ID="string_386" HPOS="849" VPOS="1386" WIDTH="38" HEIGHT="20" WC="0.96" CONTENT="den"/>
						</TextLine>
						<TextLine ID="line_43" HPOS="132" VPOS="1414" WIDTH="755" HEIGHT="26">
							<String ID="string_387" HPOS="132" VPOS="1416" WIDTH="56" HEIGHT="24" WC="0.95" CONTENT="ringa"/><SP WIDTH="19" VPOS="1416" HPOS="188"/>
							<String ID="string_388" HPOS="207" VPOS="1422" WIDTH="74" HEIGHT="14" WC="0.96" CONTENT="summa"/><SP WIDTH="16" VPOS="1422" HPOS="281"/>
							<String ID="string_389" HPOS="297" VPOS="1422" WIDTH="41" HEIGHT="14" WC="0.96" CONTENT="som"/><SP WIDTH="15" VPOS="1422" HPOS="338"/>
							<String ID="string_390" HPOS="353" VPOS="1416" WIDTH="101" HEIGHT="20" WC="0.96" CONTENT="erfordras"/><SP WIDTH="15" VPOS="1416" HPOS="454"/>
							<String ID="string_391" HPOS="469" VPOS="1416" WIDTH="32" HEIGHT="19" WC="0.93" CONTENT="för"/><SP WIDTH="15" VPOS="1416" HPOS="501"/>
							<String ID="string_392" HPOS="516" VPOS="1416" WIDTH="144" HEIGHT="20" WC="0.91" CONTENT="realiserandet"/><SP WIDTH="15" VPOS="1416" HPOS="660"/>
							<String ID="string_393" HPOS="675" VPOS="1415" WIDTH="21" HEIGHT="20" WC="0.96" CONTENT="af"/><SP WIDTH="13" VPOS="1415" HPOS="696"/>
							<String ID="string_394" HPOS="709" VPOS="1415" WIDTH="80" HEIGHT="19" WC="0.93" CONTENT="stadens"/><SP WIDTH="16" VPOS="1415" HPOS="789"/>
							<String ID="string_395" HPOS="805" VPOS="1414" WIDTH="82" HEIGHT="20" WC="0.91" CONTENT="berätti-"/>
						</TextLine>
						<TextLine ID="line_44" HPOS="132" VPOS="1443" WIDTH="755" HEIGHT="25">
							<String ID="string_396" HPOS="132" VPOS="1445" WIDTH="50" HEIGHT="23" WC="0.91" CONTENT="gade"/><SP WIDTH="16" VPOS="1445" HPOS="182"/>
							<String ID="string_397" HPOS="198" VPOS="1445" WIDTH="87" HEIGHT="23" WC="0.96" CONTENT="anspråk"/><SP WIDTH="16" VPOS="1445" HPOS="285"/>
							<String ID="string_398" HPOS="301" VPOS="1446" WIDTH="30" HEIGHT="17" WC="0.96" CONTENT="att"/><SP WIDTH="14" VPOS="1446" HPOS="331"/>
							<String ID="string_399" HPOS="345" VPOS="1450" WIDTH="27" HEIGHT="13" WC="0.96" CONTENT="nu"/><SP WIDTH="16" VPOS="1450" HPOS="372"/>
							<String ID="string_400" HPOS="388" VPOS="1445" WIDTH="92" HEIGHT="22" WC="0.93" CONTENT="omsider,"/><SP WIDTH="15" VPOS="1445" HPOS="480"/>
							<String ID="string_401" HPOS="495" VPOS="1444" WIDTH="115" HEIGHT="19" WC="0.91" CONTENT="förmedelst"/><SP WIDTH="15" VPOS="1444" HPOS="610"/>
							<String ID="string_402" HPOS="625" VPOS="1444" WIDTH="125" HEIGHT="18" WC="0.87" CONTENT="erhållandet"/><SP WIDTH="15" VPOS="1444" HPOS="750"/>
							<String ID="string_403" HPOS="765" VPOS="1443" WIDTH="22" HEIGHT="19" WC="0.93" CONTENT="af"/><SP WIDTH="11" VPOS="1443" HPOS="787"/>
							<String ID="string_404" HPOS="798" VPOS="1444" WIDTH="89" HEIGHT="24" WC="0.90" CONTENT="jernväg,"/>
						</TextLine>
					</TextBlock>
				</ComposedBlock>
			</PrintSpace>
		</Page>
	</Layout>
</alto>
