1092 1800
208 130 40 20 906
571 136 93 21 Jaktlag.
958 137 11 17 7
982 137 47 20 maj.

207 204 44 27 Nyt
265 204 134 21 ehdoitetaan
414 205 120 21 armollisen
550 206 106 26 esityksen
673 206 26 20 13
710 206 36 26 $:n
756 206 168 20 ensimmäisessä
935 211 93 15 momen-

207 234 51 20 tissa
279 235 43 19 että
343 233 109 27 jokaisella
473 233 47 21 olisi
542 234 50 28 lupa
614 234 66 20 toisen
704 233 107 27 tiluksilta,
833 234 110 20 kuitenkin
958 234 71 20 koiraa

207 262 142 27 käyttämättä,
365 263 52 20 etsiä
432 262 66 21 ketun
514 264 57 26 pesiä
585 263 50 21 sekä
650 265 74 25 tappaa
740 263 42 21 tahi
798 263 67 20 kiinni
878 264 55 20 ottaa
943 263 20 27 ja
974 263 55 27 pitää

207 290 64 22 kettu.
301 290 117 22 Kuitenkin
437 291 57 21 tulisi
510 298 44 20 sen,
568 292 49 27 joka
632 292 60 20 aikoo
708 292 92 20 sellaista
816 292 160 20 metsästämistä
991 292 38 20 toi-

207 320 87 26 mitttaa,
309 320 47 20 siitä
367 320 187 27 maanomistajalle
563 320 43 22 tahi
614 320 218 26 metsästysoikeuden
840 320 101 27 haltijalle
950 322 79 19 toteen-

207 348 110 21 saatavasti
340 348 107 22 ilmoittaa.
477 349 129 21 Valiokunta
630 356 25 13 on
678 349 105 26 poistanut
806 351 68 18 tämän
892 349 137 26 määräyksen

207 377 46 20 sillä
274 377 154 27 perustuksella
449 379 42 19 että
513 384 36 14 sen
571 377 78 27 nojalla
669 377 63 21 muka
752 377 102 21 tultaisiin
870 377 159 27 harjoittamaan

207 405 138 21 kaikenlaista
365 406 174 21 ilkivaltaisuutta
554 407 50 20 sekä
618 408 129 18 tuottamaan
763 406 105 20 vahinkoa
882 406 147 20 maanomista-

206 434 55 27 jalle.
291 434 131 27 Ketunpesät
444 437 48 18 ovat
514 435 122 21 tavallisesti
659 434 160 22 kiviraunioissa
842 435 118 25 erämaissa,
975 434 54 21 enkä

206 463 57 20 minä
285 463 33 20 voi
334 464 117 25 ymmärtää
466 466 42 18 että
524 464 90 20 vahinko
631 463 46 20 olisi
692 464 44 19 niin
752 463 81 21 erittäin
850 464 65 26 suuri,
929 464 33 26 jos
977 463 52 20 kivi-

207 491 104 21 raunioita
327 492 66 20 vähän
409 492 184 21 kaahittaisiinkin.
614 491 118 21 Sentähden
744 491 125 21 ehdottaisin
881 493 41 19 että
933 492 96 20 mainittu

207 520 109 21 momentti
339 520 112 20 otettaisiin
473 520 86 21 toiseksi
573 520 134 21 momentiksi
723 520 61 21 tähän
801 520 109 27 pykälään.
940 520 88 21 Muuten

206 548 106 27 pyytäisin
334 548 58 21 minä
415 548 118 28 puolestani
558 549 113 21 kannattaa
695 549 38 21 hra
755 548 68 22 Lillen
846 549 64 21 äsken
933 548 96 22 tekemää

207 577 116 21 ehdotusta.

276 634 32 21 Hr
330 634 95 21 Lindh:
449 635 71 27 Björn,
542 642 52 19 varg
615 635 39 21 och
676 635 40 26 järf
736 635 62 21 hafva
814 635 131 27 naturligtvis
961 634 69 21 blifvit

209 665 106 25 upptagna
333 663 63 20 bland
412 663 26 21 de
454 663 53 27 djur,
522 663 71 21 hvilka
608 667 49 18 utan
674 664 72 20 vidare
761 663 21 21 fä
796 663 60 28 jagas
871 663 22 21 af
907 663 62 22 hvem
984 669 46 14 som

208 691 59 28 hälst,
290 691 21 20 af
333 691 41 21 den
397 692 61 21 orsak
481 694 29 19 att
526 693 26 20 de
566 693 34 20 för
614 692 92 27 tamdjur
720 694 34 19 äro
770 692 80 27 farliga.
880 691 49 22 Men
945 694 30 19 att
989 692 40 20 räf-

208 726 40 14 ven
269 720 39 21 och
323 720 63 21 äfven
402 723 75 24 uttern,
493 721 23 20 sä
531 721 48 20 svär
594 721 40 20 den
650 723 25 18 än
693 721 39 20 kan
750 727 49 14 vara
815 723 43 18 mot
872 721 75 26 fisken,
961 720 69 21 skulle

208 748 21 21 få
250 749 59 27 jagas
330 749 21 20 af
373 749 62 20 hvem
458 756 45 13 som
526 749 59 27 hälst,
601 749 11 21 ä
627 749 71 21 hvilka
713 756 50 20 egor
778 756 46 14 som
840 750 60 26 hälst,
915 749 66 21 måste
995 749 36 27 jag

207 779 98 19 motsätta
327 778 43 27 mig
393 777 26 27 pä
440 778 35 21 det
498 778 145 21 bestämdaste.
673 778 40 27 Jag
736 780 43 19 tror
801 778 46 21 icke
862 780 29 19 att
905 778 125 27 jordegaren

208 805 68 22 skulle
292 806 63 21 hafva
370 806 69 27 nägon
455 807 70 26 glädje
541 807 21 20 af
576 809 30 18 att
620 806 44 21 folk
680 807 68 20 skulle
763 807 85 20 komma
863 807 24 27 pä
903 807 53 20 hans
971 806 59 21 mark

208 835 33 20 för
262 836 29 19 att
313 835 48 26 jaga
383 835 68 20 under
472 837 83 26 pretext
576 835 22 21 af
620 838 29 18 att
671 835 35 21 det
726 837 24 19 är
772 836 32 20 räf
824 835 51 21 eller
889 837 56 19 utter
959 836 71 27 jakten

207 863 70 27 gäller.

276 920 33 21 Hr
323 920 114 27 Nysten:
453 920 32 22 De
500 921 51 27 skäl,
567 927 45 15 som
629 921 106 21 bestämde
750 921 102 21 utskottet
867 923 30 19 att
912 921 90 21 utesluta
1019 921 10 20 1

209 955 61 15 mom.
293 949 26 21 13
339 949 19 26 &,
373 949 113 21 återfinnas
507 950 7 20 i
534 950 142 21 betänkandet
690 950 26 27 pä
731 949 45 22 sida
792 951 32 20 15.
853 950 11 20 I
879 951 101 20 utskottet
995 950 35 20 be-

208 977 83 22 farades
314 978 106 27 nämligen
443 980 36 25 att,
502 985 34 14 om
562 979 63 20 frihet
651 980 30 19 att
705 978 94 28 uppsöka
820 978 79 27 räflyor
923 980 38 19 när
985 985 46 14 som

209 1007 54 20 hälst
278 1007 39 20 och
332 1007 53 20 hvar
399 1013 45 14 som
459 1007 55 21 hälst
528 1007 27 28 pä
569 1013 81 15 annans
665 1007 59 20 mark
740 1007 68 21 skulle
824 1007 83 28 tillätas,
917 1007 36 21 det
963 1007 68 21 skulle

208 1035 65 20 blifva
294 1035 35 22 det
351 1035 52 21 allra
417 1038 157 25 gynsammaste
590 1035 91 22 tillfället
695 1036 33 21 för
742 1035 43 22 folk
801 1038 30 19 att
845 1036 68 21 under
928 1035 41 22 den
984 1042 46 21 pre-

208 1066 71 19 texten
303 1064 72 27 stryka
397 1064 96 27 omkring
511 1065 26 26 pä
552 1065 75 20 andras
643 1071 50 20 egor
708 1065 39 20 och
763 1065 71 20 utöfva
849 1064 50 27 ofog
913 1065 22 20 af
948 1064 83 27 hvarje-

208 1092 69 20 handa
299 1093 49 26 slag.
378 1092 41 21 Det
442 1099 37 14 var
494 1093 123 27 visserligen
632 1093 112 27 föreslaget
759 1095 30 18 att
803 1093 72 21 härom
892 1093 68 21 skulle
975 1093 56 20 förut

208 1121 94 21 anmälas
317 1121 32 21 för
363 1121 131 28 jordegaren,
509 1128 48 15 men.
574 1122 26 21 dä
616 1121 68 21 denna
700 1121 97 22 anmälan
814 1121 70 21 kunde
895 1122 37 21 ske
945 1121 21 21 af
976 1121 55 21 huru

208 1149 77 28 mänga
307 1156 45 14 som
374 1150 53 21 hälst
448 1151 39 20 och
502 1151 33 20 för
550 1151 54 20 huru
619 1150 62 27 länga
696 1150 54 21 tider
764 1157 44 14 som
825 1151 54 20 hälst
893 1151 40 20 och
949 1150 32 27 dä,
995 1151 35 20 vid

209 1180 29 19 ett
258 1178 75 21 sädant
353 1179 136 27 uppsökande
511 1179 21 21 af
551 1179 52 27 lyor,
618 1179 120 26 betydande
754 1179 195 27 gräfningsarbeten
966 1167 65 32 mästo

209 1207 36 20 ske
267 1207 39 21 och
328 1207 72 21 därvid
423 1208 65 20 skada
509 1202 71 26 kunde
597 1196 64 32 vällas
676 1208 12 20 &
703 1208 85 26 skogen,
804 1208 71 20 kunde
891 1208 36 22 det
941 1207 89 27 mängen

208 1235 56 27 gäng
286 1235 65 21 blifva
373 1236 56 21 svärt
450 1236 32 20 för
504 1236 123 27 jordegaren
651 1238 30 19 att
702 1238 81 23 utröna,
798 1236 62 21 hvem
881 1242 45 15 som
941 1236 91 22 föröfvat

209 1264 85 20 skadan.
323 1264 134 22 Beträffande
474 1267 70 19 uttern
560 1267 22 18 är
596 1266 36 26 jag
647 1271 50 15 ense
712 1265 50 21 med
777 1266 25 20 hr
816 1264 75 22 Lindh.

276 1320 33 22 Hr
323 1320 120 22 Jansson:
460 1321 42 27 Jag
517 1322 37 20 ber
568 1324 31 19 att
613 1321 21 22 fä
648 1322 74 20 förena
736 1322 44 26 mig
796 1322 48 20 med
859 1322 36 20 hrr
909 1321 69 21 Lindh
993 1322 39 20 och

209 1349 87 25 Nysten.
325 1349 134 20 Beträffande
481 1350 25 19 hr
520 1350 64 20 Lilles
599 1349 98 26 farhägor
711 1350 33 19 för
758 1352 70 18 uttern
844 1356 45 14 som
904 1349 77 21 fiskare
996 1350 36 19 vill

208 1377 35 26 jag
265 1377 52 20 blott
336 1377 69 20 erinra
426 1379 30 18 att
471 1377 103 26 föregifna
589 1377 127 26 utterjägare
731 1377 72 21 kunna
818 1384 50 14 vara
883 1377 43 21 lika
941 1377 23 21 sä
978 1377 54 27 goda

208 1404 155 22 konkurrenter
377 1404 32 22 till
423 1404 90 33 fiskaren
530 1412 46 14 som
591 1406 69 20 uttern
676 1404 52 28 själf.

278 1461 32 22 Hr
324 1461 81 21 Lille:
428 1462 33 20 Hr
475 1461 94 22 Jansson
584 1462 64 21 mätte
663 1462 46 21 icke
726 1462 70 21 känna
811 1464 82 20 utterns
908 1463 125 27 skicklighet

209 1497 45 14 som
276 1490 83 28 fiskare,
381 1497 34 15 om
435 1491 42 20 han
496 1490 42 21 kan
556 1493 32 19 tro
608 1493 29 19 att
653 1490 69 28 nägon
738 1491 110 21 människa
863 1492 41 20 kan
920 1492 50 21 täfla
984 1492 49 20 med

210 1520 75 20 denna.
315 1519 70 21 Gärna
401 1519 68 22 skulle
484 1519 34 27 jag
535 1519 127 21 understöda
677 1520 25 20 hr
716 1519 88 22 Idmans
819 1520 79 28 förslag
911 1520 8 21 i
933 1520 100 22 afseende
