1095 1789
192 127 40 21 946
557 126 90 33 Jaktlag.
943 133 11 16 7?
966 133 47 22 maj.

259 201 11 21 I
285 201 96 26 enlighet
395 201 49 20 med
459 201 25 20 hr
498 201 99 21 Berneris
612 201 78 26 förslag
704 201 68 21 beslöt
787 201 171 27 borgareståndet
968 201 48 21 där-

192 231 57 19 emot
271 231 30 19 att
322 229 31 21 uti
369 229 122 20 ständernas
512 229 144 27 underdåniga
671 229 168 20 svarsskrifvelse
855 229 12 20 å
882 230 41 20 den
938 229 76 27 nådiga

192 257 156 28 propositionen
371 257 74 27 skulle,
467 256 49 22 med
539 257 114 27 anledning
674 257 59 21 däraf
751 259 30 20 att
795 257 83 22 ståndet
893 257 65 27 afböjt
973 257 41 22 den

192 285 120 28 föreslagna
333 285 133 28 jaktskatten,
488 286 77 27 jämväl
587 285 120 22 framhållas
722 287 30 20 att
766 285 97 28 samtliga
878 286 136 27 stadganden,

191 321 46 14 som
260 314 87 21 berörde
370 314 64 26 sagda
461 314 61 27 skatt,
546 314 65 21 borde
632 313 51 28 utgå
705 321 25 14 ur
751 314 41 21 den
814 314 132 28 kungörelse,
968 321 46 14 som

190 349 50 15 vore
256 343 73 21 afsedd
345 344 30 19 att
390 342 30 21 uti
436 342 152 21 administrativ
603 344 40 26 väg
658 343 98 20 utfärdas.

260 399 133 22 Beträffande
408 399 26 21 hr
448 399 80 22 Lindhs
544 399 79 28 förslag
636 400 123 21 framstälde
774 401 25 20 kr
813 399 123 23 talmannen
950 400 65 28 härpå

190 428 157 21 nedanstående
362 428 280 28 omröstningsproposition:

258 485 40 26 De,
321 485 73 21 hvilka
415 485 117 27 godkänna
548 486 112 21 utskottets
677 486 84 27 förslag
778 486 35 21 till
827 486 113 21 uttalande
955 486 10 21 i
979 486 36 21 det

190 514 28 27 af
237 514 27 21 hr
284 513 77 21 Lindh
383 514 117 21 anmärkta
525 514 105 28 afseende,
652 516 60 19 rösta
728 514 41 28 ja;
787 515 32 27 de,
840 514 35 21 det
895 514 45 22 icke
953 516 61 26 göra,

190 544 60 19 rösta
264 542 48 28 nej;

260 570 79 21 vinner
359 570 42 28 nej,
424 570 42 22 har
487 570 175 28 borgareståndet
684 570 87 28 förenat
785 571 33 27 sig
834 578 35 14 om
884 571 27 21 hr
922 570 94 28 Lindhs

189 598 90 28 förslag.

261 656 160 28 Propositionen
448 656 126 22 besvarades
600 656 48 21 med
675 656 155 28 öfvervägande
853 657 27 27 ja,
905 656 32 21 till
960 656 53 28 följd

191 684 74 22 hvaraf
285 685 111 21 utskottets
411 684 133 22 betänkande
559 685 31 21 uti
605 684 159 28 ifrågavarande
779 685 34 21 del
829 686 20 20 af
864 684 84 22 ståndet
962 686 51 27 god-

190 714 68 21 känts.

260 770 12 22 I
287 770 115 28 anledning
417 770 21 21 af
452 770 112 22 utskottets
579 771 50 21 sista
643 770 27 28 på
685 770 45 22 sida
741 771 26 21 55
777 771 86 27 intagna
873 771 58 21 kläm
940 771 74 28 begär-

191 800 37 21 des
243 799 59 21 ordet
317 799 21 21 af

258 856 24 21 hr
298 863 51 14 von
364 856 103 27 Pfaler,
481 862 46 15 som
542 856 91 27 yttrade:
664 856 40 27 Jag
720 856 67 21 skulle
803 856 84 21 anhålla
902 857 30 20 att
946 856 67 21 kläm-

188 891 50 15 men
259 884 64 22 måtte
338 884 163 22 återremitteras
515 884 32 21 till
562 885 101 21 utskottet
678 884 32 21 för
725 886 30 20 att
769 884 101 22 utskottet
884 884 64 22 måtte
964 887 48 25 taga

188 914 70 20 under
280 913 154 28 öfvervägande
457 913 54 21 hvad
531 920 46 14 som
591 914 7 20 i
614 913 114 28 anledning
744 913 21 21 af
778 913 140 28 jaktskattens
933 913 79 21 uteslu-

188 942 64 21 tande
267 942 39 21 bör
319 942 95 27 tillgöras
428 942 7 20 i
450 942 99 21 afseende
565 942 12 21 å
592 942 69 21 denna
676 941 63 21 kläm.

257 998 49 22 Med
329 999 155 28 godkännande
506 999 22 21 af
548 999 25 21 hr
587 1006 40 14 von
644 999 81 21 Pfalers
740 999 78 27 förslag
834 999 66 21 beslöt
915 999 97 27 borgare-

188 1028 83 21 ståndet
286 1030 31 19 att
331 1028 36 20 det
381 1027 66 22 andra
462 1028 12 20 å
489 1028 45 21 sida
549 1028 27 20 55
591 1028 7 20 i
611 1028 141 21 betänkandet
762 1028 103 27 ingående
875 1028 137 20 resolutions-

188 1057 100 27 förslaget
310 1056 69 21 skulle
402 1056 31 20 till
448 1056 101 22 utskottet
563 1056 162 22 återremitteras
740 1056 32 21 för
787 1058 30 20 att
832 1056 101 22 utskottet
947 1056 64 21 måtte

188 1087 48 25 taga
251 1086 7 20 i
274 1084 154 28 öfvervägande
443 1085 55 20 hvad
509 1091 44 15 som
569 1085 7 20 i
591 1085 115 27 anledning
716 1085 21 21 af
748 1084 182 28 borgareståndets
942 1084 70 22 beslut

188 1114 8 20 i
210 1113 59 28 fråga
284 1120 35 14 om
333 1113 127 27 jaktskatten
476 1113 65 21 borde
556 1113 13 21 å
583 1114 123 21 ständernas
722 1113 45 21 sida
781 1114 99 27 tillgöras.

256 1243 11 21 I
289 1243 106 21 anseende
417 1243 32 21 till
465 1243 40 21 den
520 1244 59 28 långt
593 1244 140 20 framskridna
748 1243 57 21 tiden
821 1243 108 21 lämnades
944 1244 67 27 öfriga

188 1270 27 28 på
229 1272 223 28 föredragningslistan
467 1274 107 26 upptagna
586 1272 92 22 ärenden
689 1272 105 22 beroende
805 1272 32 21 till
847 1274 60 19 nästa
917 1272 93 28 plenum.

256 1401 32 21 Hr
307 1401 161 27 Tallqvists
483 1401 98 21 anhållan
597 1403 29 20 att
640 1402 33 20 för
688 1402 94 21 enskilda
798 1402 175 28 angelägenheter
988 1402 21 21 få

187 1436 51 16 vara
253 1430 140 22 frånvarande
407 1430 47 21 från
469 1430 74 28 början
559 1431 20 20 af
594 1432 59 20 nästa
668 1431 86 27 plenum
771 1431 74 21 bifölls.
