1114 1814
106 139 24 17 81
142 139 47 21 maj.
377 139 175 22 Prästerskapets
564 139 96 22 aflöning.
873 134 55 21 1551

105 208 47 21 icke
167 207 40 22 full
227 207 115 28 utredning
359 207 113 28 föreligger
494 209 71 20 därom
580 210 30 19 att
625 208 61 21 dessa
700 209 130 27 regleringar
844 208 62 21 hafva
921 209 7 20 i

106 236 104 27 väsentlig
225 236 49 21 män
289 236 75 27 skjutit
378 236 60 21 öfver
452 236 69 21 mälet.
550 236 41 28 Jag
606 236 68 21 finner
689 237 31 20 för
735 237 44 20 min
795 236 34 21 del
843 236 47 21 icke
901 243 26 14 en

107 265 64 21 sådan
194 265 115 26 utredning
331 264 107 28 föreligga.
467 265 42 27 Jag
529 265 39 20 har
587 265 47 21 icke
656 265 67 20 häller
740 265 88 26 kunnat,
843 265 87 21 oaktadt

107 295 104 25 noggrant
225 293 155 27 öfvervägande
396 293 20 20 af
431 293 56 21 hvad
502 293 35 21 vid
552 293 88 28 tidigare
655 293 126 27 landtdagar
794 293 8 20 i
814 293 66 21 saken
889 294 40 20 har

105 321 106 28 förefallit,
229 321 86 21 komma
332 321 32 21 till
379 324 65 18 annat
458 321 88 21 resultat
560 323 27 20 än
602 323 30 20 att
646 321 112 21 utskottets
772 321 157 27 framställning

105 350 47 21 icke
175 350 92 26 allsidigt
289 349 86 22 beaktat
396 349 26 21 de
445 350 183 27 omständigheter,
648 356 46 14 som
716 350 53 21 varit
789 349 87 22 afsedda
891 350 35 20 vid

106 378 70 21 denna
190 378 160 27 lönereglering.
369 377 107 22 Utskottet
486 379 42 26 har,
544 385 63 20 synes
622 378 36 21 det
668 378 48 27 mig,
727 379 33 20 för
772 378 85 27 mycket
867 379 61 26 poin-

106 409 53 19 terat
174 409 30 18 att
219 407 35 20 det
269 407 75 20 endast
356 406 39 21 och
410 407 89 20 allenast
514 407 68 21 skulle
598 406 55 28 gälla
668 412 27 15 en
709 407 106 26 reglering
830 407 21 20 af
865 408 63 19 sättet

106 435 32 21 för
159 435 119 27 aflöningen
302 435 40 21 och
363 435 25 20 hr
406 441 41 14 von
462 435 72 21 Pfaler
554 435 38 21 har
606 435 122 27 ytterligare
743 435 47 20 sökt
806 435 72 21 bevisa
892 435 38 20 det

105 469 78 22 genom
205 463 36 21 sitt
263 463 115 21 anförande
399 463 38 21 här
458 463 8 20 i
489 463 46 28 dag.
564 463 41 28 Jag
626 463 32 21 för
677 463 45 21 min
737 463 34 21 del
786 463 39 21 har
839 463 90 21 kommit

105 491 32 22 till
152 494 30 20 ett
200 492 3 21 i
218 491 70 28 nägon
304 492 49 21 män
369 495 64 18 annat
448 492 93 27 resultat,
556 492 106 26 nämligen
678 494 30 19 att
720 492 132 27 regleringen
864 491 63 22 ocksä

106 521 59 27 afsäg
179 527 26 14 en
220 521 74 26 partiel
309 520 111 28 jämkning
434 521 22 20 af
470 521 154 27 lönebeloppen
634 520 32 21 för
676 520 106 21 ernäende
792 521 22 20 af
824 527 26 14 en
860 522 67 19 större

105 549 144 26 likformighet
264 550 7 19 i
286 549 72 21 landet
373 549 146 21 öfverhufvud.
548 549 63 21 Detta
626 549 92 27 framgår
732 549 64 20 redan
813 549 21 21 af
850 550 11 19 1
878 549 12 26 8
905 549 23 20 af

106 578 136 27 regeringens
264 577 129 28 proposition
415 578 35 20 vid
474 578 54 20 1885
552 578 33 21 ärs
606 577 107 28 landtdag,
728 577 86 22 hvilken
830 577 97 28 paragraf

105 613 38 14 var
161 606 231 21 öfverensstämmande
412 606 49 21 med
481 613 80 14 samma
582 606 97 28 paragraf
696 607 8 20 i
718 607 156 26 propositionen
891 605 35 22 vid

105 635 54 21 1877
176 635 33 20 ärs
223 635 106 27 landtdag.
360 634 11 21 I
386 635 70 21 denna
471 635 95 27 paragraf
581 635 59 20 heter
654 635 35 20 det
699 635 115 25 nämligen:
833 634 93 26 »Hvarje

105 663 124 27 församling
251 669 49 15 vare
321 662 75 28 pliktig
418 665 30 19 att
470 663 55 21 förse
548 663 36 21 sitt
605 663 132 27 prästerskap
759 663 48 21 med
830 669 27 15 en
872 663 55 20 efter

105 692 225 26 ämbetsbefattningen
353 692 39 20 och
412 691 86 21 därmed
516 691 101 21 förenade
640 691 126 27 äligganden
787 691 85 27 lämpad
894 692 31 20 af-

104 720 93 27 löning».
226 720 76 21 Denna
317 719 107 21 allmänna
439 720 133 27 bestämning
586 721 30 19 att
631 719 145 27 aflöningarna
791 720 69 20 skulle
875 726 49 14 vara

103 748 98 28 lämpade
217 749 52 20 efter
283 750 119 26 prästernas
417 748 126 28 äligganden
559 748 83 32 belyser
657 748 128 35 fullkomligt
800 748 125 26 betydelsen

105 778 20 20 af
140 777 42 21 den
197 776 64 30 första
276 778 22 20 af
313 777 26 21 de
354 777 98 28 punkter,
471 783 44 15 som
531 777 65 21 redan
612 776 7 22 i
636 777 53 21 1867
705 776 33 21 ärs
746 777 129 27 proposition
886 777 39 21 och

104 806 120 22 sedermera
233 800 118 33 upprepadt
360 806 125 21 framhällits
497 806 70 21 säsom
577 806 45 21 skäl
632 806 33 20 för
675 805 252 28 prästlöneregleringens

105 834 186 22 ästadkommande
307 835 39 21 och
361 834 85 22 hvilken
461 835 69 27 punkt
544 834 122 22 framhäller
682 834 54 21 »den
751 837 55 19 stora
820 834 105 22 olikheten

103 864 8 20 i
136 864 187 27 prästaflöningens
348 863 116 27 utgörande
488 864 25 20 de
539 864 55 20 olika
616 863 176 27 församlingarna
814 863 112 21 emellan».

104 892 94 22 Härmed
213 893 39 20 har
266 892 108 28 nämligen
389 892 46 21 icke
452 892 74 22 endast
542 892 72 21 afsetts
629 894 30 18 att
673 892 64 20 lönen
752 892 62 27 utgär
828 892 44 20 ien
885 892 42 20 för-

105 921 90 28 samling
215 922 7 20 i
241 927 26 15 en
286 908 60 34 sorts
358 920 113 28 persedlar,
486 921 8 20 i
509 927 26 15 en
551 927 70 15 annan
636 921 7 19 i
659 926 70 15 annan
744 923 54 18 sorts
813 920 114 28 persedlar,

104 952 51 19 utan
177 950 78 27 jämväl
278 951 29 19 att
329 950 75 26 själfva
426 949 153 27 lönebeloppen
598 949 54 21 varit
666 949 24 20 så
704 949 129 21 varierande.
862 948 64 21 Detta

103 978 132 21 förhållande
250 978 84 32 belyses
349 984 75 21 genom
440 984 27 14 en
482 978 64 20 tabell
557 978 7 20 i
576 978 54 20 1867
640 977 33 21 års
688 977 241 27 landtdagshandlingar

105 1007 39 20 och
159 1007 36 27 jag
210 1006 80 21 erinrar
305 1007 43 26 mig
364 1006 61 21 äfven
442 1006 104 21 bestämdt
560 1008 36 25 att,
611 1006 27 20 då
653 1006 35 20 det
703 1006 85 20 väcktes
802 1006 79 34 förslag
891 1012 35 14 om

104 1037 30 19 att
155 1034 299 28 löneregleringskomitéerna
476 1034 69 21 skulle
567 1023 87 32 inrättas
670 1034 171 27 församlingsvis,
856 1034 70 21 såsom

104 1063 45 21 skäl
172 1064 33 20 för
227 1063 60 21 deras
311 1063 163 27 organiserande
496 1063 79 21 länsvis
598 1062 97 22 anfördes
717 1064 30 19 att
750 1062 134 35 därigenom
899 1068 26 14 en

104 1094 65 19 större
192 1091 143 28 likformighet
358 1092 38 20 och
418 1092 183 27 proportionering
623 1090 68 22 skulle
710 1091 61 21 ernås
786 1098 6 13 i
808 1093 120 25 prästernas

104 1120 65 22 löner.
199 1120 108 27 Därjämte
322 1120 38 21 har
378 1120 69 21 såsom
462 1120 35 20 käl
511 1120 33 20 för
558 1120 133 27 regleringen
707 1119 141 33 någonstädes
862 1120 64 20 fram-

103 1148 72 22 hållits
190 1150 30 20 att
234 1150 108 26 prästerna
358 1155 49 15 vore
423 1149 81 20 mindre
519 1148 96 33 benägna
630 1150 30 19 att
675 1148 50 21 söka
740 1148 32 32 sig
786 1148 48 21 från
847 1154 27 15 en
884 1148 43 20 för-

104 1178 90 26 samling
209 1177 7 20 i
231 1179 30 19 ett
275 1178 35 20 län
326 1177 32 21 till
374 1183 26 15 en
421 1177 124 28 församling
558 1178 8 20 i
581 1179 30 19 ett
626 1179 64 19 annat
704 1177 42 26 län,
760 1184 7 13 i
782 1176 101 22 händelse
898 1182 27 14 en

105 1208 65 20 större
195 1206 111 27 jämkning
329 1206 21 20 af
373 1206 155 27 lönebeloppen
551 1206 68 21 skulle
642 1194 160 32 åstadkommas.
838 1205 36 21 Nu
888 1204 39 21 har

104 1235 123 27 visserligen
249 1235 41 21 den
313 1235 21 21 af
355 1234 44 28 mig
420 1234 96 28 upplästa
531 1234 124 28 paragrafen
676 1234 112 27 undergått
808 1240 27 15 en
858 1234 70 20 förän-

105 1264 61 26 dring
180 1264 8 20 i
200 1262 101 22 utskottet
311 1263 36 21 vid
358 1263 55 21 1885
429 1263 33 21 års
477 1263 106 27 landtdag,
591 1269 48 14 men
650 1263 70 21 denna
732 1262 123 27 förändring
866 1263 62 25 utgör

105 1292 68 26 enligt
187 1291 44 20 min
247 1292 135 26 uppfattning
397 1291 47 21 icke
454 1291 64 27 något
541 1292 58 20 bevis
620 1291 32 20 för
667 1292 30 20 att
712 1291 70 20 denna
796 1290 132 28 principiella

106 1320 130 26 ståndpunkt
250 1320 69 20 skulle
334 1319 119 21 frånträdts.
483 1319 47 21 Den
546 1320 55 20 visar
616 1321 88 19 tvärtom
714 1319 74 21 endast
798 1321 30 19 att
838 1320 89 26 präster-

104 1348 73 27 skapet
199 1348 54 20 skall
275 1350 85 25 tryggas
382 1348 35 20 vid
440 1348 41 20 den
498 1344 92 42 aflöning
611 1347 35 21 det
661 1347 104 21 härintills
780 1347 86 27 åtnjutit
880 1346 47 21 från

104 1376 157 27 församlingen.
291 1376 42 21 Det
347 1376 107 26 förefaller
467 1378 74 19 nästan
552 1376 68 21 såsom
634 1383 34 15 om
680 1376 68 20 denna
759 1376 89 26 ändring
858 1374 70 22 skulle

105 1404 120 21 tillkommit
247 1405 26 27 på
293 1405 96 26 yrkande
412 1405 20 20 af
455 1411 26 14 en
496 1407 58 25 präst
568 1405 7 20 i
590 1404 107 27 utskottet,
712 1404 86 21 hvilken
814 1404 49 20 ville
879 1410 49 13 vara

104 1433 61 20 säker
184 1433 26 26 på
233 1436 30 17 att
279 1433 47 20 icke
342 1435 118 24 prästernas
475 1433 60 20 löner
549 1433 68 20 skulle
632 1439 77 20 genom
725 1433 131 26 regleringen
872 1432 56 20 min-

105 1461 53 20 skas.
188 1460 11 21 I
221 1461 62 26 öfrigt
303 1462 24 19 är
349 1460 124 27 paragrafen
496 1460 131 27 väsentligen
645 1460 43 20 lika
701 1459 93 27 lydande
807 1459 48 21 med
871 1459 55 20 hvad

105 1489 158 27 propositionen
278 1489 35 20 vid
329 1489 54 20 1867
400 1489 33 20 års
448 1488 102 27 landtdag
563 1489 95 26 innebar,
670 1489 8 19 i
688 1488 86 21 hvilken
786 1488 69 21 såsom
866 1487 63 27 sagdt

105 1517 109 22 framhölls
229 1519 31 19 att
273 1517 133 28 regleringen
422 1516 58 28 afsåg
496 1517 63 21 bland
575 1519 65 20 annat
656 1523 25 15 en
696 1517 120 27 utjämning
830 1516 21 21 af
861 1518 67 25 präst-
