<?xml version="1.0" encoding="UTF-8"?>
<alto xmlns="http://www.loc.gov/standards/alto/ns-v3#" xmlns:xlink="http://www.w3.org/1999/xlink" xmlns:xsi="http://www.w3.org/2001/XMLSchema-instance" xsi:schemaLocation="http://www.loc.gov/standards/alto/ns-v3# http://www.loc.gov/alto/v3/alto-3-0.xsd">
	<Description>
		<MeasurementUnit>pixel</MeasurementUnit>
		<sourceImageInformation>
			<fileName>/tmp/tess_4kuul7jc_input.PNG</fileName>
		</sourceImageInformation>
		<OCRProcessing ID="OCR_0">
			<ocrProcessingStep>
				<processingSoftware>
					<softwareName>tesseract 5.3.4</softwareName>
				</processingSoftware>
			</ocrProcessingStep>
		</OCRProcessing>
	</Description>
	<Layout>
		<Page WIDTH="1073" HEIGHT="1811" PHYSICAL_IMG_NR="0" ID="page_0">
			<PrintSpace HPOS="0" VPOS="0" WIDTH="1073" HEIGHT="1811">
				<ComposedBlock ID="cblock_0" HPOS="336" VPOS="247" WIDTH="618" HEIGHT="332">
					<TextBlock ID="block_0" HPOS="336" VPOS="247" WIDTH="618" HEIGHT="332">
						<TextLine ID="line_0" HPOS="403" VPOS="247" WIDTH="551" HEIGHT="26">
							<String ID="string_0" HPOS="403" VPOS="249" WIDTH="28" HEIGHT="18" WC="0.90" CONTENT="att"/><SP WIDTH="14" VPOS="249" HPOS="431"/>
							<String ID="string_1" HPOS="445" VPOS="254" WIDTH="24" HEIGHT="13" WC="0.96" CONTENT="en"/><SP WIDTH="13" VPOS="254" HPOS="469"/>
							<String ID="string_2" HPOS="482" VPOS="247" WIDTH="144" HEIGHT="26" WC="0.94" CONTENT="normalspårig"/><SP WIDTH="15" VPOS="247" HPOS="626"/>
							<String ID="string_3" HPOS="641" VPOS="247" WIDTH="69" HEIGHT="22" WC="0.96" CONTENT="bibana"/><SP WIDTH="14" VPOS="247" HPOS="710"/>
							<String ID="string_4" HPOS="724" VPOS="248" WIDTH="58" HEIGHT="19" WC="0.96" CONTENT="måtte"/><SP WIDTH="15" VPOS="248" HPOS="782"/>
							<String ID="string_5" HPOS="797" VPOS="247" WIDTH="43" HEIGHT="20" WC="0.93" CONTENT="med"/><SP WIDTH="14" VPOS="247" HPOS="840"/>
							<String ID="string_6" HPOS="854" VPOS="247" WIDTH="62" HEIGHT="20" WC="0.90" CONTENT="dertill"/><SP WIDTH="12" VPOS="247" HPOS="916"/>
							<String ID="string_7" HPOS="928" VPOS="247" WIDTH="26" HEIGHT="25" WC="0.95" CONTENT="af"/>
						</TextLine>
						<TextLine ID="line_1" HPOS="337" VPOS="275" WIDTH="613" HEIGHT="27">
							<String ID="string_8" HPOS="337" VPOS="275" WIDTH="108" HEIGHT="20" WC="0.87" CONTENT="Ständerna"/><SP WIDTH="22" VPOS="275" HPOS="445"/>
							<String ID="string_9" HPOS="467" VPOS="277" WIDTH="90" HEIGHT="19" WC="0.96" CONTENT="anvisade"/><SP WIDTH="21" VPOS="277" HPOS="557"/>
							<String ID="string_10" HPOS="578" VPOS="277" WIDTH="59" HEIGHT="19" WC="0.96" CONTENT="medel"/><SP WIDTH="19" VPOS="277" HPOS="637"/>
							<String ID="string_11" HPOS="656" VPOS="277" WIDTH="69" HEIGHT="24" WC="0.96" CONTENT="byggas"/><SP WIDTH="14" VPOS="277" HPOS="725"/>
							<String ID="string_12" HPOS="739" VPOS="277" WIDTH="49" HEIGHT="25" WC="0.93" CONTENT="från"/><SP WIDTH="13" VPOS="277" HPOS="788"/>
							<String ID="string_13" HPOS="801" VPOS="276" WIDTH="86" HEIGHT="25" WC="0.89" CONTENT="Ingerois"/><SP WIDTH="14" VPOS="276" HPOS="887"/>
							<String ID="string_14" HPOS="901" VPOS="275" WIDTH="49" HEIGHT="23" WC="0.96" CONTENT="eller,"/>
						</TextLine>
						<TextLine ID="line_2" HPOS="336" VPOS="304" WIDTH="615" HEIGHT="25">
							<String ID="string_15" HPOS="336" VPOS="304" WIDTH="44" HEIGHT="25" WC="0.93" CONTENT="ifall"/><SP WIDTH="14" VPOS="304" HPOS="380"/>
							<String ID="string_16" HPOS="394" VPOS="304" WIDTH="55" HEIGHT="25" WC="0.93" CONTENT="bifall"/><SP WIDTH="13" VPOS="304" HPOS="449"/>
							<String ID="string_17" HPOS="462" VPOS="304" WIDTH="62" HEIGHT="20" WC="0.92" CONTENT="dertill"/><SP WIDTH="18" VPOS="304" HPOS="524"/>
							<String ID="string_18" HPOS="542" VPOS="305" WIDTH="39" HEIGHT="19" WC="0.96" CONTENT="icke"/><SP WIDTH="14" VPOS="305" HPOS="581"/>
							<String ID="string_19" HPOS="595" VPOS="305" WIDTH="74" HEIGHT="23" WC="0.95" CONTENT="vinnes,"/><SP WIDTH="17" VPOS="305" HPOS="669"/>
							<String ID="string_20" HPOS="686" VPOS="304" WIDTH="116" HEIGHT="20" WC="0.96" CONTENT="åtminstone"/><SP WIDTH="14" VPOS="304" HPOS="802"/>
							<String ID="string_21" HPOS="816" VPOS="304" WIDTH="48" HEIGHT="25" WC="0.93" CONTENT="från"/><SP WIDTH="18" VPOS="304" HPOS="864"/>
							<String ID="string_22" HPOS="882" VPOS="304" WIDTH="69" HEIGHT="20" WC="0.91" CONTENT="Tavas-"/>
						</TextLine>
						<TextLine ID="line_3" HPOS="336" VPOS="332" WIDTH="615" HEIGHT="21">
							<String ID="string_23" HPOS="336" VPOS="333" WIDTH="34" HEIGHT="19" WC="0.95" CONTENT="tila"/><SP WIDTH="18" VPOS="333" HPOS="370"/>
							<String ID="string_24" HPOS="388" VPOS="332" WIDTH="70" HEIGHT="20" WC="0.95" CONTENT="station"/><SP WIDTH="17" VPOS="332" HPOS="458"/>
							<String ID="string_25" HPOS="475" VPOS="333" WIDTH="32" HEIGHT="19" WC="0.96" CONTENT="vid"/><SP WIDTH="23" VPOS="333" HPOS="507"/>
							<String ID="string_26" HPOS="530" VPOS="332" WIDTH="183" HEIGHT="21" WC="0.69" CONTENT="Kouvola—Kotka"/><SP WIDTH="22" VPOS="332" HPOS="713"/>
							<String ID="string_27" HPOS="735" VPOS="333" WIDTH="65" HEIGHT="19" WC="0.96" CONTENT="banan"/><SP WIDTH="15" VPOS="333" HPOS="800"/>
							<String ID="string_28" HPOS="815" VPOS="333" WIDTH="29" HEIGHT="19" WC="0.93" CONTENT="till"/><SP WIDTH="8" VPOS="333" HPOS="844"/>
							<String ID="string_29" HPOS="852" VPOS="333" WIDTH="99" HEIGHT="19" WC="0.92" CONTENT="Fredriks-"/>
						</TextLine>
						<TextLine ID="line_4" HPOS="336" VPOS="361" WIDTH="616" HEIGHT="25">
							<String ID="string_30" HPOS="336" VPOS="361" WIDTH="62" HEIGHT="19" WC="0.95" CONTENT="hamn"/><SP WIDTH="14" VPOS="361" HPOS="398"/>
							<String ID="string_31" HPOS="412" VPOS="362" WIDTH="49" HEIGHT="23" WC="0.95" CONTENT="stad,"/><SP WIDTH="16" VPOS="362" HPOS="461"/>
							<String ID="string_32" HPOS="477" VPOS="364" WIDTH="49" HEIGHT="17" WC="0.96" CONTENT="emot"/><SP WIDTH="14" VPOS="364" HPOS="526"/>
							<String ID="string_33" HPOS="540" VPOS="362" WIDTH="30" HEIGHT="18" WC="0.96" CONTENT="det"/><SP WIDTH="14" VPOS="362" HPOS="570"/>
							<String ID="string_34" HPOS="584" VPOS="364" WIDTH="27" HEIGHT="16" WC="0.96" CONTENT="att"/><SP WIDTH="9" VPOS="364" HPOS="611"/>
							<String ID="string_35" HPOS="620" VPOS="362" WIDTH="66" HEIGHT="19" WC="0.96" CONTENT="staden"/><SP WIDTH="10" VPOS="362" HPOS="686"/>
							<String ID="string_36" HPOS="696" VPOS="364" WIDTH="112" HEIGHT="22" WC="0.95" CONTENT="garanterar"/><SP WIDTH="10" VPOS="364" HPOS="808"/>
							<String ID="string_37" HPOS="818" VPOS="368" WIDTH="23" HEIGHT="13" WC="0.96" CONTENT="en"/><SP WIDTH="9" VPOS="368" HPOS="841"/>
							<String ID="string_38" HPOS="850" VPOS="362" WIDTH="102" HEIGHT="19" WC="0.96" CONTENT="nettovinst"/>
						</TextLine>
						<TextLine ID="line_5" HPOS="338" VPOS="389" WIDTH="614" HEIGHT="27">
							<String ID="string_39" HPOS="338" VPOS="390" WIDTH="60" HEIGHT="19" WC="0.95" CONTENT="under"/><SP WIDTH="16" VPOS="390" HPOS="398"/>
							<String ID="string_40" HPOS="414" VPOS="390" WIDTH="26" HEIGHT="18" WC="0.96" CONTENT="tio"/><SP WIDTH="15" VPOS="390" HPOS="440"/>
							<String ID="string_41" HPOS="455" VPOS="390" WIDTH="24" HEIGHT="18" WC="0.96" CONTENT="år"/><SP WIDTH="14" VPOS="390" HPOS="479"/>
							<String ID="string_42" HPOS="493" VPOS="390" WIDTH="25" HEIGHT="25" WC="0.96" CONTENT="af"/><SP WIDTH="12" VPOS="390" HPOS="518"/>
							<String ID="string_43" HPOS="530" VPOS="390" WIDTH="14" HEIGHT="20" WC="0.95" CONTENT="3"/><SP WIDTH="16" VPOS="390" HPOS="544"/>
							<String ID="string_44" HPOS="560" VPOS="389" WIDTH="26" HEIGHT="26" WC="0.68" CONTENT="!/,"/><SP WIDTH="15" VPOS="389" HPOS="586"/>
							<String ID="string_45" HPOS="601" VPOS="389" WIDTH="27" HEIGHT="27" WC="0.71" CONTENT="9/,"/><SP WIDTH="16" VPOS="389" HPOS="628"/>
							<String ID="string_46" HPOS="644" VPOS="390" WIDTH="12" HEIGHT="19" WC="0.92" CONTENT="å"/><SP WIDTH="11" VPOS="390" HPOS="656"/>
							<String ID="string_47" HPOS="667" VPOS="390" WIDTH="75" HEIGHT="20" WC="0.93" CONTENT="banans"/><SP WIDTH="12" VPOS="390" HPOS="742"/>
							<String ID="string_48" HPOS="754" VPOS="390" WIDTH="198" HEIGHT="25" WC="0.80" CONTENT="amläggninskostnad"/>
						</TextLine>
						<TextLine ID="line_6" HPOS="338" VPOS="418" WIDTH="613" HEIGHT="25">
							<String ID="string_49" HPOS="338" VPOS="418" WIDTH="30" HEIGHT="18" WC="0.96" CONTENT="till"/><SP WIDTH="13" VPOS="418" HPOS="368"/>
							<String ID="string_50" HPOS="381" VPOS="418" WIDTH="58" HEIGHT="25" WC="0.93" CONTENT="ofvan"/><SP WIDTH="14" VPOS="418" HPOS="439"/>
							<String ID="string_51" HPOS="453" VPOS="418" WIDTH="96" HEIGHT="25" WC="0.91" CONTENT="uppgifna"/><SP WIDTH="14" VPOS="418" HPOS="549"/>
							<String ID="string_52" HPOS="563" VPOS="418" WIDTH="67" HEIGHT="25" WC="0.96" CONTENT="högsta"/><SP WIDTH="15" VPOS="418" HPOS="630"/>
							<String ID="string_53" HPOS="645" VPOS="418" WIDTH="64" HEIGHT="25" WC="0.96" CONTENT="belopp"/><SP WIDTH="17" VPOS="418" HPOS="709"/>
							<String ID="string_54" HPOS="726" VPOS="418" WIDTH="44" HEIGHT="20" WC="0.96" CONTENT="eller"/><SP WIDTH="14" VPOS="418" HPOS="770"/>
							<String ID="string_55" HPOS="784" VPOS="419" WIDTH="33" HEIGHT="19" WC="0.96" CONTENT="ock"/><SP WIDTH="10" VPOS="419" HPOS="817"/>
							<String ID="string_56" HPOS="827" VPOS="418" WIDTH="85" HEIGHT="25" WC="0.91" CONTENT="erlägger"/><SP WIDTH="11" VPOS="418" HPOS="912"/>
							<String ID="string_57" HPOS="923" VPOS="418" WIDTH="28" HEIGHT="19" WC="0.91" CONTENT="al-"/>
						</TextLine>
						<TextLine ID="line_7" HPOS="338" VPOS="446" WIDTH="615" HEIGHT="25">
							<String ID="string_58" HPOS="338" VPOS="446" WIDTH="87" HEIGHT="19" WC="0.89" CONTENT="ternativt"/><SP WIDTH="22" VPOS="446" HPOS="425"/>
							<String ID="string_59" HPOS="447" VPOS="446" WIDTH="93" HEIGHT="25" WC="0.62" CONTENT="erbjudna"/><SP WIDTH="22" VPOS="446" HPOS="540"/>
							<String ID="string_60" HPOS="562" VPOS="446" WIDTH="65" HEIGHT="25" WC="0.95" CONTENT="bidrag"/><SP WIDTH="22" VPOS="446" HPOS="627"/>
							<String ID="string_61" HPOS="649" VPOS="447" WIDTH="30" HEIGHT="18" WC="0.94" CONTENT="till"/><SP WIDTH="20" VPOS="447" HPOS="679"/>
							<String ID="string_62" HPOS="699" VPOS="447" WIDTH="97" HEIGHT="19" WC="0.94" CONTENT="bestämda"/><SP WIDTH="22" VPOS="447" HPOS="796"/>
							<String ID="string_63" HPOS="818" VPOS="446" WIDTH="64" HEIGHT="25" WC="0.94" CONTENT="belopp"/><SP WIDTH="15" VPOS="446" HPOS="882"/>
							<String ID="string_64" HPOS="897" VPOS="447" WIDTH="34" HEIGHT="18" WC="0.96" CONTENT="och"/><SP WIDTH="13" VPOS="447" HPOS="931"/>
							<String ID="string_65" HPOS="944" VPOS="447" WIDTH="9" HEIGHT="18" WC="0.95" CONTENT="i"/>
						</TextLine>
						<TextLine ID="line_8" HPOS="338" VPOS="475" WIDTH="616" HEIGHT="25">
							<String ID="string_66" HPOS="338" VPOS="475" WIDTH="91" HEIGHT="18" WC="0.94" CONTENT="hvardera"/><SP WIDTH="26" VPOS="475" HPOS="429"/>
							<String ID="string_67" HPOS="455" VPOS="475" WIDTH="104" HEIGHT="19" WC="0.71" CONTENT="händelsen"/><SP WIDTH="21" VPOS="475" HPOS="559"/>
							<String ID="string_68" HPOS="580" VPOS="475" WIDTH="134" HEIGHT="25" WC="0.95" CONTENT="kostnadsfritt"/><SP WIDTH="19" VPOS="475" HPOS="714"/>
							<String ID="string_69" HPOS="733" VPOS="475" WIDTH="87" HEIGHT="25" WC="0.95" CONTENT="upplåter"/><SP WIDTH="22" VPOS="475" HPOS="820"/>
							<String ID="string_70" HPOS="842" VPOS="475" WIDTH="27" HEIGHT="18" WC="0.95" CONTENT="all"/><SP WIDTH="19" VPOS="475" HPOS="869"/>
							<String ID="string_71" HPOS="888" VPOS="475" WIDTH="66" HEIGHT="19" WC="0.95" CONTENT="staden"/>
						</TextLine>
						<TextLine ID="line_9" HPOS="338" VPOS="502" WIDTH="615" HEIGHT="27">
							<String ID="string_72" HPOS="338" VPOS="502" WIDTH="84" HEIGHT="26" WC="0.70" CONTENT="tillhörig"/><SP WIDTH="21" VPOS="502" HPOS="422"/>
							<String ID="string_73" HPOS="443" VPOS="503" WIDTH="33" HEIGHT="24" WC="0.94" CONTENT="för"/><SP WIDTH="14" VPOS="503" HPOS="476"/>
							<String ID="string_74" HPOS="490" VPOS="502" WIDTH="110" HEIGHT="21" WC="0.96" CONTENT="ändamålet"/><SP WIDTH="16" VPOS="502" HPOS="600"/>
							<String ID="string_75" HPOS="616" VPOS="503" WIDTH="110" HEIGHT="25" WC="0.96" CONTENT="erforderlig"/><SP WIDTH="15" VPOS="503" HPOS="726"/>
							<String ID="string_76" HPOS="741" VPOS="503" WIDTH="53" HEIGHT="26" WC="0.93" CONTENT="jord,"/><SP WIDTH="16" VPOS="503" HPOS="794"/>
							<String ID="string_77" HPOS="810" VPOS="503" WIDTH="63" HEIGHT="20" WC="0.92" CONTENT="såvidt"/><SP WIDTH="14" VPOS="503" HPOS="873"/>
							<String ID="string_78" HPOS="887" VPOS="509" WIDTH="66" HEIGHT="19" WC="0.92" CONTENT="expro-"/>
						</TextLine>
						<TextLine ID="line_10" HPOS="336" VPOS="531" WIDTH="618" HEIGHT="26">
							<String ID="string_79" HPOS="336" VPOS="531" WIDTH="88" HEIGHT="25" WC="0.92" CONTENT="priation"/><SP WIDTH="14" VPOS="531" HPOS="424"/>
							<String ID="string_80" HPOS="438" VPOS="531" WIDTH="26" HEIGHT="25" WC="0.96" CONTENT="af"/><SP WIDTH="9" VPOS="531" HPOS="464"/>
							<String ID="string_81" HPOS="473" VPOS="531" WIDTH="74" HEIGHT="20" WC="0.96" CONTENT="enskild"/><SP WIDTH="14" VPOS="531" HPOS="547"/>
							<String ID="string_82" HPOS="561" VPOS="531" WIDTH="90" HEIGHT="26" WC="0.93" CONTENT="egendom"/><SP WIDTH="11" VPOS="531" HPOS="651"/>
							<String ID="string_83" HPOS="662" VPOS="531" WIDTH="64" HEIGHT="20" WC="0.92" CONTENT="dervid"/><SP WIDTH="8" VPOS="531" HPOS="726"/>
							<String ID="string_84" HPOS="734" VPOS="532" WIDTH="39" HEIGHT="19" WC="0.93" CONTENT="icke"/><SP WIDTH="11" VPOS="532" HPOS="773"/>
							<String ID="string_85" HPOS="784" VPOS="531" WIDTH="86" HEIGHT="26" WC="0.92" CONTENT="behöfver"/><SP WIDTH="9" VPOS="531" HPOS="870"/>
							<String ID="string_86" HPOS="879" VPOS="531" WIDTH="75" HEIGHT="26" WC="0.92" CONTENT="ifråga-"/>
						</TextLine>
						<TextLine ID="line_11" HPOS="339" VPOS="560" WIDTH="83" HEIGHT="19">
							<String ID="string_87" HPOS="339" VPOS="560" WIDTH="83" HEIGHT="19" WC="0.96" CONTENT="komma."/>
						</TextLine>
					</TextBlock>
				</ComposedBlock>
				<ComposedBlock ID="cblock_1" HPOS="271" VPOS="616" WIDTH="393" HEIGHT="25">
					<TextBlock ID="block_1" HPOS="271" VPOS="616" WIDTH="393" HEIGHT="25">
						<TextLine ID="line_12" HPOS="271" VPOS="616" WIDTH="393" HEIGHT="25">
							<String ID="string_88" HPOS="271" VPOS="616" WIDTH="130" HEIGHT="25" WC="0.96" CONTENT="Helsingfors,"/><SP WIDTH="16" VPOS="616" HPOS="401"/>
							<String ID="string_89" HPOS="417" VPOS="618" WIDTH="38" HEIGHT="18" WC="0.96" CONTENT="den"/><SP WIDTH="16" VPOS="618" HPOS="455"/>
							<String ID="string_90" HPOS="471" VPOS="617" WIDTH="12" HEIGHT="19" WC="0.96" CONTENT="5"/><SP WIDTH="16" VPOS="617" HPOS="483"/>
							<String ID="string_91" HPOS="499" VPOS="617" WIDTH="87" HEIGHT="20" WC="0.92" CONTENT="februari"/><SP WIDTH="16" VPOS="617" HPOS="586"/>
							<String ID="string_92" HPOS="602" VPOS="616" WIDTH="62" HEIGHT="21" WC="0.96" CONTENT="1897."/>
						</TextLine>
					</TextBlock>
				</ComposedBlock>
				<ComposedBlock ID="cblock_2" HPOS="690" VPOS="672" WIDTH="162" HEIGHT="24">
					<TextBlock ID="block_2" HPOS="690" VPOS="672" WIDTH="162" HEIGHT="24">
						<TextLine ID="line_13" HPOS="690" VPOS="672" WIDTH="162" HEIGHT="24">
							<String ID="string_93" HPOS="690" VPOS="673" WIDTH="19" HEIGHT="23" WC="0.91" CONTENT="T."/><SP WIDTH="16" VPOS="673" HPOS="709"/>
							<String ID="string_94" HPOS="725" VPOS="672" WIDTH="18" HEIGHT="24" WC="0.91" CONTENT="J."/><SP WIDTH="16" VPOS="672" HPOS="743"/>
							<String ID="string_95" HPOS="759" VPOS="672" WIDTH="93" HEIGHT="24" WC="0.89" CONTENT="Boisman."/>
						</TextLine>
					</TextBlock>
				</ComposedBlock>
				<GraphicalElement ID="cblock_3" HPOS="304" VPOS="1441" WIDTH="546" HEIGHT="11"></GraphicalElement >
				<ComposedBlock ID="cblock_4" HPOS="308" VPOS="1457" WIDTH="537" HEIGHT="25">
					<TextBlock ID="block_3" HPOS="308" VPOS="1457" WIDTH="537" HEIGHT="25">
						<TextLine ID="line_14" HPOS="308" VPOS="1457" WIDTH="537" HEIGHT="25">
							<String ID="string_96" HPOS="308" VPOS="1458" WIDTH="121" HEIGHT="24" WC="0.96" CONTENT="Helsingfors"/><SP WIDTH="17" VPOS="1458" HPOS="429"/>
							<String ID="string_97" HPOS="446" VPOS="1457" WIDTH="61" HEIGHT="21" WC="0.96" CONTENT="1897."/><SP WIDTH="31" VPOS="1457" HPOS="507"/>
							<String ID="string_98" HPOS="538" VPOS="1457" WIDTH="121" HEIGHT="25" WC="0.93" CONTENT="Helsingfors"/><SP WIDTH="16" VPOS="1457" HPOS="659"/>
							<String ID="string_99" HPOS="675" VPOS="1457" WIDTH="170" HEIGHT="25" WC="0.87" CONTENT="Centraltryckeri."/>
						</TextLine>
					</TextBlock>
				</ComposedBlock>
				<GraphicalElement ID="cblock_5" HPOS="1069" VPOS="2" WIDTH="4" HEIGHT="368"></GraphicalElement >
			</PrintSpace>
		</Page>
	</Layout>
</alto>
