1111 1803
98 131 26 17 28
136 131 47 21 maj.
378 132 195 17 Arbetarestatistik
583 136 25 13 m.
621 136 24 13 m.
863 126 54 21 1487

97 199 159 22 kommunerna.
286 200 42 21 Det
348 207 49 14 vore
423 201 29 20 ett
474 200 129 27 fullkomligt
618 200 109 27 obehörigt
741 199 61 28 tryck
817 200 27 27 pä
859 200 59 21 kom-

97 234 109 21 munerna,
228 235 45 14 som
296 229 65 20 redan
380 229 124 20 underhälla
519 229 205 24 handtvärksskolor,
740 231 29 18 att
784 228 86 27 bidraga
886 229 31 20 till

96 257 125 27 lärokurser,
236 257 103 21 inrättade
355 258 20 20 af
389 257 81 27 privata
485 257 125 27 föreningar,
626 257 70 20 hvilka
706 257 75 20 kurser
791 257 126 20 åtminstone

96 285 7 21 i
119 285 67 27 nägon
202 286 49 20 män
267 285 131 22 konkurrera
413 286 48 20 med
478 285 25 21 de
519 285 135 22 kommunala
669 285 103 21 skolorna.
802 285 30 21 Pä
848 285 68 26 grund

97 314 59 21 häraf
176 314 88 21 föreslär
279 315 35 26 jag
330 314 154 27 godkännande
500 314 20 20 af
536 314 110 21 utskottets
661 313 62 26 kläm,
739 313 53 21 dock
808 314 48 20 med
871 316 46 18 ute-

97 343 94 27 slutning
213 343 21 20 af
254 342 117 22 slutorden:
389 342 52 21 »och
456 342 67 21 tillika
538 343 80 26 ätnjuta
635 342 73 28 bidrag
723 342 21 21 af
759 342 157 21 vederbörande

97 371 121 21 kommun».

165 428 32 21 Hr
210 427 129 29 Löfgren:
355 428 58 20 Minä
428 428 77 27 pyysin
520 428 164 28 puheenvuoroa
699 428 167 20 vastustaakseni
879 428 37 20 hra

95 456 162 28 Heimbergerin
273 457 110 21 ehdotusta
399 458 41 20 että
456 456 119 28 valtioapua
589 456 134 21 annettaisiin
733 456 121 21 ainoastaan
864 456 51 20 niitä

95 487 91 25 työväen
210 485 162 27 alkeiskursseja
393 487 79 24 varten,
494 485 58 27 jotka
567 485 81 21 kunnat
663 487 48 19 ovat
726 484 188 28 toimeenpanneet.

96 514 26 21 Se
138 514 47 20 olisi
199 514 133 20 useimmissa
346 513 131 28 tapauksissa
492 520 71 14 samaa
577 513 52 21 kuin
645 515 90 24 työväen
752 513 162 21 alkeiskurssien

95 543 139 27 tappaminen.

163 571 49 21 Kun
236 571 26 21 20
285 571 209 27 työväenyhdistystä
517 578 28 14 on
565 571 71 21 omilla
651 570 114 21 varoillaan
781 572 81 25 pannut
877 570 38 21 toi-

95 606 62 15 meen
172 600 167 27 alkeiskursseja,
355 600 42 20 niin
414 607 22 14 se
452 599 84 22 selvästi
552 602 84 24 osottaa,
652 599 80 21 kuinka
746 599 126 27 tarpeellisia
887 605 27 14 ne

95 630 54 25 ovat,
170 629 79 20 kuinka
272 629 85 26 työväki
380 628 51 21 niitä
453 629 65 20 suosii
538 629 21 26 ja
579 628 79 21 kuinka
673 628 66 26 hyvin
754 634 26 14 ne
796 628 119 21 soveltuvat

95 659 90 25 työväen
208 657 113 28 opinhalua
343 657 166 27 tyydyttämään.
541 657 57 21 Moni
620 657 80 27 puhuja
723 663 27 14 on
765 657 21 26 jo
802 659 112 24 osottanut,

95 686 79 21 kuinka
189 688 86 25 perätön
291 692 27 14 on
334 686 37 20 hra
385 685 140 28 Holmbergin
540 687 20 26 ja
571 685 88 22 muitten
673 685 240 26 vastalauseen-tekijäin

95 715 54 20 väite
168 716 41 19 että
222 715 99 20 alemmat
332 714 196 27 käsityöläiskoulut
538 715 64 20 muka
613 714 113 20 korvaavat
736 715 90 25 työväen
839 713 75 21 alkeis-

95 743 99 27 kursseja.
224 743 122 21 Alemmilla
366 742 225 27 käsityöläiskouluilla
611 748 28 15 on
654 743 49 20 ihan
719 742 71 21 toinen
806 742 108 20 tarkoitus.

94 771 38 22 Jos
147 778 27 14 ne
186 772 190 21 muodostettaisiin
388 773 92 25 työväen
490 771 162 21 alkeiskurssien
665 771 138 20 vaatimusten
815 771 98 25 mukaan,

94 800 45 21 niin
155 800 46 21 siitä
216 800 91 27 syntyisi
323 800 78 21 haittaa
416 800 72 21 niiden
504 799 143 22 varsinaiselle
662 799 163 21 tarkoitukselle.
854 798 59 22 Minä

95 829 84 27 pyydän
195 829 71 21 kaikin
282 829 73 27 puolin
370 829 63 21 saada
448 829 66 26 yhtyä
529 829 37 21 hra
580 828 72 21 Erkon
667 828 133 21 lausuntoon.

163 886 31 20 Hr
209 886 143 21 Sundvall:
368 885 41 22 Det
424 886 37 20 har
476 886 45 20 frän
538 886 77 27 mänga
629 885 43 21 häll
687 885 98 27 päyrkats
800 885 69 21 säsom
884 887 30 19 ett

95 915 67 21 vilkor
177 916 29 20 att
221 915 164 21 kommunernas
401 914 115 22 understöd
531 914 33 22 för
574 915 60 21 dessa
645 914 190 21 elementarkurser
845 914 68 20 skulle

95 944 103 21 erfordras
222 944 32 20 för
276 946 29 19 att
327 945 68 20 staten
416 944 68 20 skulle
507 944 105 27 bispringa
628 944 53 20 dem.
711 943 41 27 Jag
767 942 68 22 skulle
851 943 62 21 äfven

94 972 55 22 hällä
172 973 26 26 pä
220 974 30 20 att
268 972 23 22 sä
312 972 38 21 bör
365 973 42 26 ske,
424 974 29 20 att
468 973 153 20 kommunerna
637 972 127 21 understöda
780 972 52 21 dem.
862 972 50 20 Icke

95 1004 22 18 är
137 1002 86 20 härmed
246 1002 60 27 sagdt
327 1002 29 20 att
378 1001 138 21 understödet
537 1002 36 20 bör
589 1007 48 15 vara
653 1002 57 20 stort,
725 1006 49 15 men
790 1001 85 20 därmed
891 1002 23 19 är

95 1030 53 21 dock
172 1032 80 18 vunnet
274 1032 30 19 att
330 1036 98 14 kurserna
450 1030 46 21 icke
518 1030 22 21 fä
561 1029 71 21 ställas
653 1030 55 20 huru
727 1036 45 14 som
787 1029 60 26 hälst,
864 1031 49 19 utan

95 1059 83 20 komma
193 1058 69 20 under
276 1058 92 21 kontroll
383 1059 20 20 af
418 1058 158 22 kommunerna.
607 1058 40 21 Om
662 1060 67 18 staten
744 1058 69 20 skulle
828 1058 85 20 komma

94 1089 29 18 att
144 1086 128 21 understöda
293 1087 61 20 dessa
368 1087 74 20 kurser
458 1089 50 18 utan
524 1087 71 20 vidare
610 1086 91 21 kontroll
716 1085 46 21 frän
778 1086 135 26 kommunen,

95 1115 22 21 sä
139 1115 68 21 skulle
230 1115 26 20 de
277 1115 67 21 mästa
366 1115 72 21 ställas
461 1115 68 21 under
544 1115 68 27 nägon
627 1115 130 27 myndighet,
773 1115 69 20 säsom
857 1114 55 21 skol-

94 1143 102 28 styrelsen
220 1143 51 22 eller
293 1144 70 27 någon
384 1144 64 27 dylik.
478 1143 41 28 Jag
541 1144 36 20 vill
599 1143 32 22 till
646 1143 55 21 hvad
716 1143 37 21 här
768 1144 38 20 har
821 1145 55 25 sagts
892 1143 21 20 af

94 1173 35 20 hrr
151 1171 67 22 Lilius
240 1173 40 20 och
301 1172 91 28 Löfgren
415 1179 34 14 om
473 1172 226 21 handtvärksskolorna
714 1174 55 25 yttra
790 1171 64 27 nägra
870 1171 42 21 ord.

93 1201 42 21 Det
150 1202 24 20 är
188 1201 46 21 icke
249 1201 23 21 sä
287 1202 86 26 mycket
387 1201 233 27 handtvärksskolorna,
633 1207 45 14 som
689 1201 59 20 skola
758 1201 59 20 träda
827 1201 7 19 i
844 1200 70 21 stället

93 1230 33 21 för
141 1229 61 22 dessa
216 1230 80 27 kurser,
312 1236 46 15 som
373 1236 57 16 mera
443 1230 26 21 de
480 1236 15 14 s.
504 1231 18 20 k.
534 1229 161 28 aftonskolorna,
705 1229 71 21 hvilka
787 1229 126 21 ätminstone

94 1259 7 20 i
117 1259 143 21 smästäderna
282 1259 69 21 skulle
371 1260 59 20 träda
450 1259 7 20 i
473 1259 61 21 deras
548 1259 65 21 ställe.
643 1258 68 21 Fallet
725 1260 23 19 är
763 1258 106 27 nämligen
885 1260 29 18 att

93 1294 50 14 man
157 1288 47 20 icke
216 1287 32 21 får
259 1288 99 27 deltaga
351 1282 13 37 i
369 1294 26 14 en
406 1288 188 20 handtvärksskola
611 1289 50 19 utan
673 1289 29 19 att
711 1286 63 22 hafva
784 1287 64 27 något
858 1287 56 26 slags

93 1316 174 27 underbyggnad,
278 1316 39 21 och
333 1316 27 20 dä
374 1316 23 20 sä
412 1316 43 21 ofta
470 1316 46 20 frän
532 1316 71 21 landet
612 1316 123 20 inströmma
744 1315 169 21 handtvärkslär-

93 1344 74 27 lingar,
183 1344 71 21 hvilka
269 1344 49 27 vilja
334 1344 83 21 anmäla
432 1344 32 27 sig
475 1345 31 20 till
517 1344 208 26 handtvärksskolan,
735 1350 49 14 men
794 1344 46 20 icke
851 1343 62 21 hafva

95 1372 26 21 de
143 1373 137 27 erforderliga
294 1373 187 27 förkunskaperna,
496 1373 38 21 har
548 1379 49 15 man
612 1372 86 21 inrättat
712 1378 16 14 s.
742 1372 20 20 k.
778 1372 135 26 aftonskolor,

93 1401 7 20 i
116 1401 71 20 hvilka
209 1402 77 20 sädana
303 1402 70 20 elever
387 1401 32 27 gä.
448 1400 67 22 Dessa
530 1401 70 21 skolor
615 1401 68 20 skulle
697 1401 24 26 ju
736 1400 63 21 ocksä
815 1400 25 20 de
855 1400 58 20 äldre

94 1429 123 20 arbetarena
239 1432 65 23 gärna
327 1430 73 19 kunna
415 1429 83 20 besöka.
528 1430 50 19 Men
591 1430 36 25 jag
643 1429 65 19 håller
723 1428 127 26 fullkomligt
864 1428 49 19 med

93 1457 25 20 hr
139 1456 139 27 Heimberger
301 1457 127 20 därutinnan
451 1458 29 19 att
503 1457 35 20 det
559 1456 46 21 icke
628 1462 72 20 passar
721 1458 30 19 att
773 1455 141 21 sammanföra

93 1484 57 22 äldre
175 1491 100 21 personer
296 1485 38 20 och
356 1484 58 21 barn.
443 1483 41 22 Det
500 1486 22 19 är
538 1485 58 20 fallet
611 1485 30 20 att
656 1484 25 21 de
697 1483 57 22 äldre
769 1483 65 21 hällre
850 1483 64 28 draga

93 1513 32 28 sig
140 1514 72 21 undan
228 1513 28 22 all
272 1513 153 28 undervisning
440 1515 26 19 än
483 1513 26 21 de
524 1513 26 28 gå
565 1513 39 21 och
619 1515 54 19 sätta
688 1513 31 27 sig
731 1512 27 29 pä
768 1519 80 14 samma
858 1512 55 21 bänk.
