1106 1820
102 129 22 18 19
137 130 47 21 maj.
396 122 231 34 Järnvägsbyggnader.
866 123 54 21 1267

100 197 76 28 utdrag
191 198 21 20 af
226 198 7 20 i
248 198 97 26 samtliga
354 197 67 28 stånd,
432 198 34 20 vid
475 198 154 28 behandlingen
638 198 22 22 af
668 198 110 21 utskottets
786 198 132 21 betänkande

100 232 34 14 n:o
159 227 11 19 2
193 226 7 20 i
223 226 115 27 anledning
360 226 21 21 af
402 227 102 21 särskilda
519 227 31 21 till
565 226 113 28 höglofliga
693 227 87 21 stånden
796 226 121 21 inlämnade

100 254 112 27 petitioner
227 254 109 27 angående
348 254 264 28 järnvägsbyggnader,
621 256 109 20 tillkomna
741 254 110 28 protokoll,
861 257 58 19 stän-

100 282 144 28 derpluralitet
260 283 92 20 erhållits
367 283 33 21 för
414 283 111 21 utskottets
541 283 40 21 alla
591 284 7 20 i
610 283 56 22 detta
674 284 132 20 betänkande
814 283 104 27 ingående

100 311 205 27 resolutionsförslag
326 312 47 20 med
389 312 108 26 undantag
512 312 21 20 af
547 312 106 21 klämmen
669 312 11 20 å
696 312 84 21 sidorna
795 312 28 20 28
838 312 39 21 och
893 312 26 20 29

100 340 90 20 rörande
206 340 158 28 undersökning
379 340 33 20 för
420 347 25 14 en
453 334 169 33 Åbo—Nystads
630 341 92 27 järnväg,
731 340 35 22 vid
774 340 79 22 hvilket
861 342 59 19 ären-

101 368 36 21 des
152 368 129 27 behandling
298 368 90 22 stånden
403 370 83 20 stannat
501 369 35 21 vid
552 370 22 20 så
589 369 113 21 afvikande
717 369 74 27 beslut,
807 371 30 19 att
845 369 75 27 frågan

100 404 34 14 om
150 397 59 27 dylik
224 397 158 27 undersökning
397 398 66 20 måste
478 404 61 14 anses
554 398 62 21 hafva
630 398 92 21 förfallit.
744 398 75 21 Tillika
833 398 87 21 medde-

99 426 47 21 lade
162 426 102 21 utskottet
278 427 30 19 att
323 426 100 21 utskottet
438 426 120 22 öfversändt
568 426 41 22 alla
619 427 7 21 i
636 428 86 20 ärendet
735 426 109 22 tillkomna
854 427 66 20 hand-

98 454 70 27 lingar
182 454 31 21 till
230 454 240 27 expeditionsutskottet.

168 596 78 22 Vidare
266 597 108 28 föredrogs
394 604 26 15 en
436 597 45 22 från
496 599 200 26 järnvägsutskottet
710 598 77 21 anländ
803 598 116 27 skrifvelse,

99 625 129 28 sälydande
215 621 15 36 :

196 717 92 24 FINLANDS
305 713 99 29 STÄNDERS

109 769 389 34 JÄRNVÄGSUTSKOTT.

269 828 72 7 8
536 824 39 21 Till
590 824 104 28 vällofliga
709 824 178 28 borgareständet.

155 851 111 23 Helsingfors
279 852 34 17 den
326 853 22 17 18
360 852 36 23 maj
410 853 50 18 1897.

270 915 27 18 JE
310 915 28 18 29.

167 985 68 21 Sedan
250 992 88 14 numera
353 984 152 22 underrättelse
520 984 67 28 ingätt
602 985 108 27 angäende
726 985 26 21 de
767 985 75 27 beslut,
857 986 59 20 hvari

98 1014 112 21 ständerna
232 1016 86 19 stannat
340 1013 127 22 beträffande
489 1013 118 28 föreslagna
629 1014 135 20 ekonomiska
784 1014 40 21 och
838 1014 78 20 instru-

98 1043 92 21 mentala
213 1043 181 27 undersökningar
415 1042 32 21 för
467 1042 111 27 järnvägar
592 1042 7 20 i
614 1042 102 21 särskilda
731 1042 58 21 delar
804 1042 20 21 af
839 1042 78 27 landet,

98 1072 38 20 har
158 1072 35 20 det
212 1072 68 20 blifvit
296 1071 81 27 möjligt
398 1071 32 21 för
444 1071 200 27 järnvägsutskottet
658 1073 30 19 att
703 1072 163 26 approximativt
881 1071 36 21 be-

98 1100 65 21 räkna
193 1100 140 20 kostnaderna
358 1100 32 20 för
411 1100 113 26 desamma,
546 1100 39 21 och
606 1100 33 20 fär
660 1100 106 27 utskottet,
788 1100 7 20 i
818 1100 99 21 afseende

99 1129 12 20 ä
125 1128 129 28 upplysning
269 1128 34 21 vid
320 1128 155 27 behandlingen
491 1128 21 21 af
527 1128 75 28 nädiga
616 1128 157 28 propositionen
788 1135 34 14 n:o
836 1129 25 20 27
881 1135 36 14 an-

98 1157 81 27 gäende
201 1157 279 27 kommunikationsfonden,
503 1157 81 21 anmäla
607 1159 29 19 att
658 1157 44 21 däri
720 1159 106 26 upptagna
842 1156 73 28 anslag

99 1186 31 20 för
137 1186 281 28 järnvägsundersökningar
426 1186 64 21 borde
498 1186 58 27 höjas
564 1185 46 21 frän
619 1186 89 26 120,000
716 1186 32 20 till
757 1186 88 27 180,000
850 1186 65 21 mark.

331 1243 30 21 Pä
376 1243 210 27 järnvägsutskottets
601 1245 89 25 vägnar:

424 1300 38 21 Th.
482 1300 109 28 Tallgvist.

659 1357 63 27 Josef
735 1357 111 21 Stenbäck.

165 1410 95 25 Ärendet
275 1414 111 20 bordlades
401 1414 55 20 intill
472 1414 47 20 dess
534 1414 162 20 statsutskottets
707 1414 65 20 andra
784 1413 132 21 betänkande

98 1442 88 20 rörande
202 1442 274 20 kommunikationsfonden
492 1442 68 20 blifvit
574 1442 21 20 af
610 1442 82 20 ständet
707 1442 134 20 behandladt.
