1114 1803
110 125 23 16 12
145 124 47 21 maj.
404 124 231 23 Järnvägsbyggnader.
873 119 54 20 1047

108 193 79 27 gandet
208 192 22 21 af
243 193 196 28 Kajana—Kuopio
458 193 69 21 banan
542 193 49 22 med
606 199 27 16 en
647 193 65 27 längd
727 193 21 21 af
763 193 40 21 166
819 193 110 20 kilometer

108 221 40 21 och
170 221 33 21 för
223 228 26 15 en
272 222 88 21 kostnad
384 222 21 21 af
428 221 122 27 10,364,000
570 222 65 26 mark,
656 228 34 15 om
706 222 69 20 denna
791 221 54 21 bana
860 221 69 21 skulle

109 249 79 21 utföras
210 251 157 27 normalspårig.
396 249 38 21 Till
458 250 81 21 förmån
562 251 32 20 för
617 250 57 21 detta
694 250 78 27 förslag
787 249 97 22 anfördes
900 251 30 19 att

107 285 51 14 man
173 278 99 27 möjligen
292 279 72 20 kunde
380 279 95 20 förvänta
490 285 26 14 en
537 281 43 18 stor
592 278 157 27 genomgående
769 277 60 22 trafik
845 278 39 21 och
899 279 30 20 att

109 306 67 21 banan
198 307 70 20 därför
290 307 65 21 borde
377 307 79 26 byggas
477 306 49 21 med
545 307 60 20 bredt
620 307 53 26 spår.
702 306 73 21 Skulle
790 306 69 21 denna
875 306 54 20 bana

108 335 80 27 byggas
204 335 47 21 med
268 336 26 20 75
310 342 32 14 cm
365 336 53 26 spår,
434 335 68 21 skulle
518 335 41 21 den
575 335 97 27 medtaga
682 341 27 15 en
722 334 87 21 kostnad
821 335 21 20 af
854 334 75 21 endast

107 363 112 27 8,200,000
235 364 65 20 mark.
328 364 42 27 Jag
385 369 63 15 anser
462 365 30 19 att
507 363 70 21 denna
591 363 56 21 bana
661 363 39 21 bör
708 362 81 28 byggas
799 362 129 28 smalspårig,

107 398 34 14 om
158 391 41 22 den
215 392 39 21 alls
273 392 53 21 skall
341 392 86 28 byggas.
455 391 43 21 Det
512 394 24 18 är
550 391 153 28 otvifvelaktigt
717 393 30 19 att
761 391 26 21 de
802 390 70 22 lokala
886 390 42 22 för-

107 420 128 22 hållandena
254 423 36 19 äro
312 421 22 21 af
355 420 70 28 någon
448 420 114 28 betydelse,
584 421 56 20 huru
654 422 44 19 stor
713 420 40 21 den
769 419 158 28 genomgående

106 448 88 22 trafiken
211 451 26 19 än
252 449 36 21 må
303 456 55 14 vara.
387 450 107 20 Fackmän
512 456 50 14 anse
581 451 30 19 att
626 449 41 21 den
682 449 69 21 lokala
765 448 88 22 trafiken
869 450 23 18 är
907 448 21 21 af

107 478 40 20 den
171 480 76 18 största
269 478 115 27 betydelse.
412 477 123 21 Emellertid
558 477 121 21 framhåller
699 484 26 14 en
747 477 21 21 af
782 478 146 20 försvararena

106 506 23 20 af
143 506 193 28 Kuopio—Lisalmi
351 507 75 27 banan,
441 506 25 21 hr
480 506 98 27 Avellan,
593 508 30 20 att
637 506 33 21 för
684 505 243 28 Uleäborg—Iisalmi—

107 534 84 28 Kuopio
206 535 66 27 linjen
287 536 61 20 äfven
364 535 54 21 talar
432 535 40 21 den
489 535 182 27 omständigheten
684 536 29 20 att
722 535 65 27 sagda
797 534 55 22 bana
862 534 65 21 emel-

107 563 34 21 lan
158 563 122 22 Uleäträsks
302 564 96 26 sydöstra
418 564 53 20 hörn
492 564 39 21 och
546 564 79 21 Iisalmi
641 564 136 27 genomlöper
792 563 39 21 öde
847 562 81 28 bygder

106 592 76 21 endast
195 592 27 28 pä
237 598 25 15 en
278 593 82 21 sträcka
376 593 20 21 af
412 592 96 28 omkring
524 593 28 21 40
567 592 114 24 kilometer,
701 592 76 21 medan
792 591 134 28 Uleäborg—

106 621 111 21 Nurmes—
227 621 94 21 Joensuu
344 622 65 27 linjen
431 621 78 21 mellan
531 621 98 21 Sotkamo
650 622 38 20 och
706 621 91 21 Nurmes
813 620 114 28 genomgår

106 650 73 26 dylika
201 650 79 21 trakter
300 650 27 28 pä
348 656 26 14 en
394 650 82 20 sträcka
492 650 21 21 af
535 650 26 21 50
576 651 13 20 ä
604 650 26 20 60
653 650 114 20 kilometer.
797 649 42 21 Det
858 648 69 22 skulle

105 678 83 22 säledes
211 678 54 28 gälla
287 680 29 20 att
336 679 78 21 mellan
432 678 80 22 Iisalmi
532 679 40 21 och
587 678 82 27 Kajana
684 678 69 28 bygga
768 684 27 15 en
810 678 56 27 linje,
881 684 46 14 som

105 707 70 21 skulle
190 707 26 28 gä
231 714 76 21 genom
320 707 124 21 ödemarker
458 707 28 28 pä
500 707 126 22 ätminstone
641 708 27 19 40
679 707 115 21 kilometer.
818 707 38 20 Att
867 706 60 21 dessa

105 735 126 22 Odemarker
252 736 108 27 värkligen
381 736 91 21 existera
493 736 45 21 visa
552 735 65 22 bland
632 737 65 20 annat
711 736 40 20 den
766 735 161 26 framställning,

106 770 45 15 som
173 764 22 21 af
214 764 87 22 ledaren
323 765 32 20 för
375 765 41 20 den
432 765 118 21 värkstälda
565 764 187 27 undersökningen
767 764 113 21 inlämnats
895 763 32 21 till

105 793 164 26 Ofverstyrelsen
283 793 33 21 för
330 795 50 26 väg-
395 793 39 21 och
450 793 224 27 vattenbyggnaderna
684 794 39 20 och
737 793 59 21 hvari
807 792 120 21 framhälles

105 823 31 20 att
151 821 77 22 mellan
243 822 81 21 lisalmi
334 823 40 20 och
388 821 83 28 Kajana
485 822 69 21 finnes
569 821 75 22 endast
659 828 26 15 en
700 821 55 22 enda
770 823 66 20 större
848 821 29 26 by
887 821 40 21 och

105 852 30 19 ett
149 851 79 26 förslag
242 851 90 26 beröres,
348 851 66 26 enligt
428 851 80 20 hvilket
523 851 69 20 denna
608 850 34 27 by,
658 850 25 28 pä
698 850 69 28 grund
783 850 20 21 af
815 850 56 21 vissa
883 856 44 14 om-

104 879 149 28 ständigheter,
274 879 68 21 skulle
363 879 81 21 lämnas
458 879 27 28 pä
500 879 60 21 sidan
576 885 33 15 om
625 879 72 27 linjen.
725 878 42 22 Det
782 885 50 15 vore
847 878 80 27 ganska

105 908 148 27 egendomligt,
275 915 33 14 om
330 915 50 14 man
396 908 55 21 häri
466 908 62 21 södra
544 908 85 21 delarna
645 908 21 21 af
680 907 71 22 landet
766 907 69 21 skulle
850 907 77 21 föreslä

105 943 27 14 en
147 937 55 20 bana
217 937 48 20 med
280 943 27 15 en
321 937 64 27 längd
400 937 148 21 motsvarande
563 939 67 25 vägen
646 936 76 21 mellan
738 936 134 28 Helsingfors
887 936 40 21 och

103 965 141 21 Tammerfors
266 965 39 22 och
324 965 68 21 säsom
413 965 46 21 skäl
478 965 69 22 skulle
567 965 73 21 anföra
656 967 30 19 att
700 965 41 21 den
757 965 84 21 komme
856 966 30 19 att
900 964 27 28 gä

105 1000 76 21 genom
207 994 125 21 ödemarker
356 994 75 21 endast
454 993 27 28 pä
503 1000 26 15 en
552 994 82 21 sträcka
656 993 22 22 af
698 994 26 20 40
740 993 115 22 kilometer.
885 993 42 27 Jag

105 1029 63 15 anser
190 1023 70 20 därför
280 1025 30 19 att
330 1023 62 21 dessa
414 1023 178 21 ödemarksbanor
612 1025 58 18 ännu
692 1023 47 21 icke
761 1024 36 20 äro
816 1021 110 29 päkallade

105 1051 22 21 af
154 1051 35 22 det
217 1051 70 22 lokala
315 1051 104 22 behofvet.
456 1051 115 28 Möjligtvis
599 1057 50 15 vore
674 1051 35 21 det
733 1051 46 21 skäl
803 1053 31 19 att
857 1050 70 21 utföra

105 1080 66 27 linjen
193 1080 193 27 ITisalmi—Kuopio
408 1080 49 20 med
480 1080 99 21 afseende
600 1080 12 20 ä
627 1079 83 28 Kajana
730 1079 76 21 härads
828 1079 100 21 framtida

105 1108 129 21 förbindelse
254 1108 48 21 med
322 1108 46 21 värt
382 1109 140 27 järnvägsnät,
537 1115 49 15 men
601 1108 69 21 under
684 1108 49 27 inga
748 1108 179 27 omständigheter

105 1137 47 21 med
174 1137 88 21 bredare
285 1137 48 27 spär
355 1139 28 18 än
406 1138 25 20 75
454 1144 39 13 cm.
522 1137 106 21 Mähända
650 1143 49 15 vore
720 1136 32 22 till
774 1136 39 21 och
835 1136 48 21 med
899 1142 27 15 en

105 1165 82 21 mindre
203 1165 98 27 spårvidd
316 1166 50 20 fullt
380 1165 116 27 tillräcklig.
526 1165 41 28 Jag
582 1165 64 27 vågar
656 1165 69 21 därför
734 1164 77 22 föreslå
821 1166 30 19 att
862 1166 64 20 sträc-

105 1194 41 21 kan
161 1193 195 28 Kuopio—lisalmi
371 1193 69 21 skulle
450 1194 99 27 beläggas
573 1194 48 20 med
646 1193 72 21 arbete
739 1194 68 20 under
821 1194 105 20 närmaste

105 1222 85 21 framtid
206 1222 39 21 och
260 1222 80 21 utföras
354 1222 48 21 med
418 1228 26 15 en
460 1222 98 28 spärvidd
575 1222 21 21 af
612 1222 26 20 75
654 1228 38 15 cm.
716 1222 64 21 Hvad
790 1221 135 28 Uleäborg—

105 1250 67 22 Vaala
187 1250 68 21 banan
276 1250 67 27 angär
361 1252 24 19 är
399 1250 36 22 det
449 1257 27 14 en
491 1250 161 28 omständighet,
666 1256 44 15 som
726 1252 38 26 gör
778 1252 30 19 att
823 1250 41 21 den
879 1250 47 21 icke

105 1279 41 21 kan
161 1279 100 27 jämföras
281 1279 49 21 med
350 1274 108 36 Kuopio-
464 1279 82 27 Kajana
566 1279 74 21 banan.
670 1279 74 21 Säsom
758 1280 39 20 här
811 1279 38 21 har
863 1278 63 21 fram-

105 1308 76 26 hällits,
196 1307 68 22 finnes
284 1307 61 27 längs
360 1308 70 21 denna
453 1308 81 21 sträcka
550 1307 133 27 vattenkraft,
705 1314 45 14 som
771 1308 155 27 representerar

105 1336 128 22 åtminstone
248 1336 88 27 550,000
352 1336 130 21 hästkrafter.
511 1336 77 21 Denna
602 1336 127 21 vattenkraft
744 1336 41 20 kan
801 1342 61 14 anses
872 1337 55 19 mot-

105 1371 62 15 svara
189 1367 30 19 ett
239 1364 79 28 kapital
333 1364 21 21 af
369 1365 26 20 50
411 1366 12 20 a
438 1364 40 22 100
500 1364 98 28 miljoner
617 1364 65 21 mark.
711 1364 62 21 Huru
789 1364 85 27 mycket
889 1364 37 20 där

105 1395 26 19 än
148 1393 35 21 mä
197 1393 114 28 nedläggas
325 1394 7 20 i
347 1399 26 15 en
389 1393 233 28 järnvägsanläggning,
640 1392 23 22 sä
678 1395 22 18 är
715 1393 36 21 det
764 1392 126 22 motiveradt
905 1392 21 20 af

105 1422 27 19 de
147 1421 131 20 industriella
300 1422 156 25 anläggningar,
479 1428 45 14 som
540 1422 36 19 där
598 1421 153 26 otvifvelaktigt
771 1420 59 22 skola
846 1420 79 27 uppstä.

105 1449 42 26 Jag
161 1448 38 21 vill
214 1448 116 21 emellertid
344 1449 47 20 icke
406 1448 110 27 angående
532 1449 69 20 denna
616 1447 55 22 bana
686 1447 115 22 framställa
811 1447 64 28 något
884 1448 43 20 för-

107 1477 52 27 slag,
174 1476 27 22 då
215 1476 50 22 flere
281 1476 72 27 dylika
367 1476 65 21 redan
448 1477 108 27 föreligga.
