1098 1803
201 131 41 21 828
498 130 235 31 Förmyndåerskapslag.
954 135 12 16 6
978 135 48 21 maj.

201 204 92 27 mäktige
309 204 150 21 öfverlämnats
474 204 127 27 rättigheten
616 205 30 19 att
658 205 52 19 utan
720 203 92 21 kontroll
822 202 47 22 från
879 203 148 21 underrättens

202 232 46 21 sida
270 232 55 27 välja
347 232 139 21 medlemmar
507 232 6 20 i
537 232 228 27 förmyndarenämden
788 232 40 20 och
850 231 61 21 dessa
925 231 102 21 medlem-

202 268 46 14 mar
270 267 39 21 ega
330 261 43 21 lika
396 263 43 19 stor
459 262 84 20 rösträtt
563 267 47 14 som
632 260 147 21 ordföranden.
808 260 62 21 Hvad
891 260 137 28 paragrafens

203 290 133 26 ordalydelse
357 290 33 20 för
410 289 63 27 öfrigt
493 290 137 26 vidkommer,
645 289 107 21 förefaller
766 290 36 20 det
816 289 43 27 mig
874 295 46 15 som
936 295 34 15 om
986 289 41 21 den

202 318 47 22 icke
264 319 7 20 i
286 318 41 21 allo
343 325 50 14 vore
407 318 89 27 lyckligt
511 318 91 21 affattad.
631 317 42 22 Det
683 318 59 21 heter
752 318 116 26 nämligen:
894 317 72 21 »Dock
977 318 50 20 böra

202 347 145 21 ledamöterna
362 347 65 20 första
442 346 82 28 gången
542 349 57 18 utses
615 346 74 21 endast
704 347 32 20 för
751 349 31 18 tre
797 346 23 20 år
835 348 54 19 samt
904 346 22 21 af
941 347 48 20 dem
1001 352 27 15 en

203 375 108 28 tredjedel,
327 375 56 27 eller,
399 382 35 14 om
449 375 79 21 antalet
542 376 19 26 ej
573 377 23 18 är
605 375 52 27 jämt
667 375 87 26 delbart,
765 376 105 19 närmaste
880 375 145 20 hufvudtalet»

204 411 18 14 o.
237 410 16 14 s.
268 411 19 13 v.
316 403 39 21 Låt
371 409 34 15 oss
420 410 29 14 nu
464 405 76 25 antaga
555 405 30 19 att
601 404 35 20 det
650 405 24 18 är
688 403 59 27 fråga
762 410 35 13 om
812 403 42 21 åtta
870 409 106 20 personer.
995 403 34 21 Då

204 434 23 19 är
242 432 79 21 antalet
336 432 123 27 visserligen
474 433 52 26 jämt
541 432 82 21 delbart
637 432 49 21 med
702 432 40 27 två,
758 438 49 15 men
822 433 30 20 att
866 438 26 15 en
908 431 66 22 sådan
985 432 43 21 del-

203 461 52 26 ning
278 467 50 14 vore
349 460 73 21 afsedd
444 463 22 18 är
487 460 33 21 väl
535 461 47 20 icke
597 461 124 26 meningen;
738 460 35 21 det
788 467 50 14 vore
853 460 71 21 därför
938 460 46 21 skäl
999 462 30 19 att

205 491 50 25 säga
278 489 64 28 »jämt
365 489 73 21 delbar
459 489 49 20 med
530 491 52 19 tre».
611 489 63 20 Hvad
697 489 45 20 åter
764 489 106 26 uttrycket
890 489 137 21 »hufvudtal»

204 517 105 28 beträffar,
325 517 23 22 så
362 517 68 21 finnes
452 518 36 20 det
501 518 23 27 ju
540 517 54 21 både
609 519 30 19 ett
653 517 65 28 högre
734 517 39 21 och
788 519 29 19 ett
832 517 57 28 lägre
905 517 124 26 hufvudtal;

205 546 130 21 hvilketdera
358 546 55 21 afses
427 547 8 20 i
450 547 57 20 detta
529 546 54 21 fall?
613 545 31 22 På
661 546 69 27 grund
746 546 21 21 af
782 546 61 21 dessa
865 546 166 28 anmärkningar

205 575 38 21 ber
257 575 35 28 jag
308 577 31 19 att
353 575 21 20 få
389 575 77 21 föreslå
481 575 35 21 det
531 575 124 27 paragrafen
671 575 64 21 måtte
751 575 31 20 till
797 575 102 21 utskottet
914 575 116 21 återremit-

206 605 55 20 teras
275 604 33 21 för
323 605 29 20 att
367 603 118 22 omarbetas
500 604 7 20 i
520 603 36 22 det
570 603 55 28 syfte
640 603 36 28 jag
691 610 29 14 nu
735 603 45 21 haft
794 606 50 18 äran
860 603 116 22 framhålla.

274 661 33 21 Hr
321 661 119 27 Nysten:
471 661 41 26 Jag
534 662 43 19 tror
593 662 29 19 att
636 661 25 20 hr
677 660 106 21 Grönroos
798 661 7 20 i
821 661 69 27 någon
905 661 49 21 män
969 661 61 20 miss-

206 690 83 21 förstått
302 690 132 21 innebörden
450 689 21 21 af
486 690 56 20 detta
562 689 77 27 tillägg,
655 689 26 20 då
696 690 42 19 han
753 690 38 19 har
806 690 80 27 antagit
901 691 30 19 att
945 690 85 20 härads-

206 721 52 18 rätts
281 719 71 26 åtgärd
374 720 30 18 att
421 720 47 18 utse
484 718 125 20 ordförande
624 718 7 20 i
646 717 199 27 förmyndarenämd
862 718 68 20 skulle
946 718 85 20 komma

207 748 30 19 att
252 746 139 22 underställas
405 746 200 21 kommunalnämds
620 746 51 20 eller
681 746 201 27 stadsfullmäktiges
893 746 138 21 bedömande.

205 774 46 22 Här
266 775 55 21 afses
337 774 165 28 uppenbarligen
518 777 30 19 att
565 774 188 22 kommunalnämd
770 774 52 21 eller
840 775 191 27 stadsfullmäktige

207 810 40 20 ega
268 804 108 20 inkomma
391 803 48 21 med
462 803 78 27 förslag
563 810 33 14 om
619 802 127 22 ordförande
774 803 32 20 till
825 803 206 27 förmyndarenämd.

206 832 63 21 Hvad
284 838 30 14 nu
329 832 75 26 själfva
426 832 125 27 paragrafen
565 832 8 20 i
587 831 63 26 öfrigt
672 832 137 26 vidkommer,
829 833 23 19 är
866 832 35 27 jag
916 838 51 14 ense
982 832 49 21 med

206 861 102 20 utskottet
329 860 73 21 därom
419 862 29 19 att
464 860 90 21 domstol
569 860 38 21 bör
621 860 82 20 lämnas
722 860 82 21 tillfälle
819 860 31 21 till
866 860 126 22 åtminstone
1009 860 23 21 så

207 889 86 26 mycket
313 889 118 27 inflytande
453 889 26 27 på
509 889 240 26 förmyndarenämdens
775 890 195 26 sammansättning,
1001 891 31 19 att

207 917 119 21 domstolen
341 917 32 21 får
388 920 47 18 utse
451 924 26 14 en
493 917 21 21 af
529 918 26 20 de
571 918 46 26 fyra
631 917 144 27 medlemmar,
791 924 45 14 som
851 918 49 26 ingå
914 918 8 20 i
937 918 94 27 förmyn-

207 945 148 28 darenämden,
378 946 26 20 då
425 946 131 21 kommunen
574 946 32 20 får
626 948 47 18 utse
692 946 26 20 de
734 948 30 18 tre
780 946 72 27 öfriga.
881 946 41 21 För
937 946 44 21 min
997 946 35 20 del

207 974 54 21 hade
282 975 36 26 jag
337 975 63 21 äfven
421 974 54 22 hälst
490 976 40 19 sett
545 976 30 19 att
589 974 64 27 något
668 974 75 21 sådant
758 974 72 27 tillägg
844 981 46 14 som
906 975 36 21 det
955 974 77 28 ifråga-

208 1003 91 20 varande
323 1003 19 27 ej
365 1004 20 20 af
407 1003 102 21 utskottet
529 1003 124 27 föreslagits,
675 1009 48 14 men
746 1003 36 20 vill
804 1003 53 21 dock
872 1004 47 20 icke
934 1005 98 19 motsätta

207 1032 44 26 mig
273 1031 57 21 detta
352 1032 78 26 tillägg,
452 1031 27 21 dä
500 1031 35 21 det
549 1038 30 14 nu
595 1031 82 27 engång
693 1032 21 20 af
728 1032 102 20 utskottet
844 1032 117 26 tillstyrkts.
990 1031 43 21 Det

207 1062 23 18 är
244 1060 23 26 ju
280 1060 74 21 endast
376 1062 29 19 ett
427 1060 98 26 yttrande
548 1060 129 20 kommunen
701 1066 49 21 eger
773 1060 79 27 afgifva
875 1061 39 20 och
935 1060 36 21 det
990 1060 43 21 kan

207 1088 102 27 möjligen
324 1088 27 21 dä
365 1089 39 20 och
420 1088 27 21 dä
462 1088 70 21 lämna
548 1089 100 20 domaren
664 1095 26 14 en
706 1088 91 28 behöflig
812 1088 112 27 anvisning
934 1095 35 14 om
979 1091 54 18 rätta

208 1122 111 22 personen,
334 1123 49 14 men
399 1117 75 27 själfva
489 1117 211 27 tilläggsstadgandet
709 1117 107 21 förefaller
826 1117 44 26 mig
879 1117 65 28 något
956 1117 77 22 defekt.

208 1145 51 21 Däri
273 1145 89 22 föreslår
384 1146 100 21 utskottet
505 1147 29 20 att
549 1146 26 27 på
590 1145 73 21 landet
677 1145 217 22 kommunalnämden
910 1146 39 21 och
963 1147 9 20 i
987 1146 46 21 stad

208 1174 195 28 stadsfullmäktige,
419 1175 38 20 där
471 1174 80 22 sådana
564 1175 75 26 finnas,
660 1174 81 21 lämnas
756 1175 82 20 tillfälle
853 1176 30 19 att
898 1175 78 26 afgifva
991 1177 42 24 ytt-

208 1203 72 27 rande,
294 1209 50 15 men
359 1203 38 20 här
412 1205 87 18 nämnes
514 1203 111 27 ingenting
639 1203 22 20 af
675 1203 63 20 hvem
753 1203 107 26 yttrandet
875 1203 54 21 skall
944 1203 89 28 afgifvas

207 1231 8 20 i
231 1231 26 20 de
272 1231 75 27 städer,
369 1231 38 21 där
430 1231 190 27 stadsfullmäktige
638 1231 47 22 icke
700 1231 75 27 finnas,
790 1233 51 20 utan
856 1232 75 21 endast
945 1232 88 21 rådhus-

209 1262 94 18 stämma.
333 1260 115 27 Meningen
471 1262 23 18 är
518 1260 32 20 väl
565 1262 30 19 att
610 1260 184 20 rådhusstämman
815 1260 27 20 då
856 1260 54 21 skall
924 1262 57 25 yttra
996 1260 37 27 sig.

208 1287 49 21 Men
277 1288 35 27 jag
332 1288 33 21 för
384 1289 45 19 min
444 1288 34 21 del
494 1295 62 14 anser
565 1288 47 21 icke
626 1288 218 21 kommunalnämden
859 1295 49 14 vara
924 1288 36 21 det
974 1289 59 20 kom-

208 1316 87 21 munala
315 1323 70 21 organ,
408 1323 45 14 som
476 1319 116 19 motsvarar
615 1316 189 28 stadsfullmäktige
819 1316 8 21 i
842 1317 52 27 stad,
915 1318 52 20 utan
984 1323 49 15 vore

209 1344 36 20 det
265 1345 255 26 kommunalfullmäktige
536 1346 40 19 och
588 1345 234 20 kommunalstämman.
851 1346 41 25 Jag
907 1345 69 20 skulle
987 1345 46 19 där-

208 1372 33 20 för
264 1372 56 20 hålla
341 1372 45 20 före
408 1374 30 18 att
460 1375 29 18 ett
509 1372 74 21 sådant
605 1372 97 27 yttrande
725 1372 37 21 bör
783 1372 89 28 afgifvas
887 1373 27 27 på
926 1373 72 21 landet
1013 1373 21 20 af

209 1400 229 22 kommunalstämman
454 1401 52 21 eller
520 1400 257 28 kommunalfullmäktige
793 1401 39 21 och
847 1401 6 21 i
869 1401 46 21 stad
931 1401 21 21 af
967 1400 67 22 stads-

209 1428 132 27 fullmäktige
363 1429 52 20 eller
430 1429 169 21 rädhusstämma
615 1430 39 20 och
668 1428 88 22 föreslär
771 1431 30 20 att
815 1430 124 27 paragrafen
954 1430 8 20 i
978 1430 56 21 detta

209 1457 99 22 afseende
324 1457 64 22 måtte
404 1457 31 22 till
450 1457 102 22 utskottet
567 1457 161 22 äterremitteras
745 1458 32 21 för
787 1460 30 19 att
827 1458 57 22 detta
894 1458 140 28 tilläggsstad-

210 1485 74 28 gande,
299 1486 45 21 ifall
360 1487 35 20 det
410 1486 53 21 skall
479 1486 121 28 bibehållas,
616 1487 69 20 blefve
701 1487 89 21 sålunda
804 1487 144 22 formuleradt.
