1103 1798
80 134 17 22 4
109 134 47 21 maj.
308 134 250 22 Kommunalförvaltning
570 135 27 22 på
609 136 75 17 landet.
863 130 41 22 773

152 204 27 21 34
194 204 39 21 och
250 204 25 21 35
292 205 26 26 $$
333 206 88 25 antogos
437 205 106 22 likaledes.

152 261 39 21 Om
207 261 26 21 36
250 261 12 26 &
277 262 82 25 yttrade

151 318 26 20 hr
193 317 137 28 Nybergh,
344 319 126 26 August:
500 319 41 27 Jag
555 318 39 21 ber
608 320 30 20 att
652 318 21 21 fä
688 319 77 20 föreslä
779 325 26 15 en
822 319 82 21 mindre

83 346 83 21 formell
189 347 89 26 ändring
292 347 8 20 i
315 347 50 20 sista
387 349 121 26 momentet,
524 347 104 28 nämligen
645 349 30 20 att
689 347 65 22 orden
772 348 19 20 »i
806 347 54 21 vite»
877 348 27 27 pä

82 375 67 28 tredje
169 375 65 21 raden
256 375 69 21 skulle
340 375 50 28 utgå
405 376 38 20 och
460 377 30 20 att
504 377 7 20 i
526 375 69 22 stället
610 376 32 21 för
658 376 74 21 »dessa
747 376 71 21 böter»
835 376 69 21 skulle

82 404 88 21 insättas
194 404 82 21 »denna
298 404 79 27 afgift>.
407 404 45 21 Här
473 407 23 18 är
518 405 106 27 nämligen
646 405 46 21 icke
715 405 60 28 fråga
789 412 35 14 om
839 405 65 27 några

83 432 119 27 vitesböter,
218 433 70 20 hvilka
304 433 94 21 försonas
413 433 48 20 med
477 433 71 22 enkelt
564 433 100 28 fängelse,
680 435 50 20 utan
746 441 34 14 om
796 441 26 14 en
838 434 66 27 afgift,

83 467 46 15 som
144 463 82 26 uttages
241 462 8 20 i
264 468 80 15 samma
359 461 90 28 ordning
464 468 46 15 som
526 463 135 20 kommunala
673 463 127 25 utskylder
787 457 12 36 i
811 462 93 27 enlighet

82 490 49 21 med
147 496 27 15 en
189 490 152 21 administrativ
357 490 128 28 författning,
500 497 45 15 som
561 491 66 20 redan
642 491 59 21 torde
717 498 49 14 vara
784 491 120 27 promulge-

83 519 37 20 rad
143 518 52 22 eller
217 525 45 14 som
285 519 126 21 ätminstone
429 521 58 19 snart
502 520 119 21 utkommer
636 520 39 21 och
689 519 86 22 hvilken
791 519 66 28 angär
872 521 32 19 ut-

84 548 90 26 tagande
197 549 50 19 utan
264 548 49 21 dom
329 547 52 22 eller
395 548 69 27 utslag
479 549 21 20 af
515 549 55 20 vissa
584 548 109 27 utskylder
708 549 40 20 och
763 549 66 20 andra
843 548 61 27 afgif-

85 577 36 20 ter.
149 575 128 28 Därigenom
297 583 82 14 vunnes
395 577 60 20 äfven
472 577 136 20 konformitet
623 577 48 20 med
686 577 147 20 motsvarande
848 576 56 21 stad-

83 604 69 27 gande
175 604 7 20 i
203 605 99 27 förslaget
317 605 31 20 till
362 605 36 26 lag
412 605 109 27 angäende
537 605 180 28 förmynderskap,
731 605 80 21 hvilkot
827 605 78 27 förslag

83 633 8 20 i
105 633 137 28 lagutskottet
256 633 129 21 behandlats.

151 690 34 21 Hr
199 690 134 22 Jansson:
350 690 63 21 Emot
428 691 40 21 den
479 691 21 20 af
512 691 25 20 hr
546 691 101 26 Nybergh
657 691 120 26 föreslagna
787 691 115 28 ändringen

83 719 39 21 har
143 720 36 27 jag
201 719 7 20 i
230 719 37 21 sak
282 719 111 28 ingenting
407 721 30 20 att
451 719 98 27 invända,
564 725 50 16 men
630 719 35 22 det
679 719 106 21 förefaller
799 720 44 27 mig
858 726 46 15 som

84 755 34 14 om
134 748 106 28 uttrycket
256 748 84 27 »afgift>
357 748 47 21 icke
419 749 68 20 skulle
504 755 48 14 vara
568 748 87 21 alldeles
669 750 41 19 rätt
725 748 62 21 valdt.
803 748 40 28 Jag
855 748 49 21 ville

84 777 69 20 därför
173 777 111 21 hemställa
304 777 105 20 huruvida
424 784 48 14 man
488 777 46 20 icke
549 777 71 21 kunde
636 777 73 26 utbyta
725 777 65 21 orden
807 777 97 28 »erlägge

83 806 33 20 till
130 806 141 21 kommunens
284 806 72 21 kassa»
370 809 43 17 mot
422 806 106 27 uttrycket
540 806 77 27 »plikte
628 805 31 21 till
669 806 142 20 kommunens
822 806 82 26 kassa»,

85 834 26 21 dä
126 834 65 22 orden
208 834 66 21 »vite»
292 835 39 20 och
348 834 83 21 »böter»
448 834 72 21 kunde
535 837 87 19 ersättas
637 834 48 21 med
701 835 60 21 ordet
777 835 84 27 »plikt».

152 891 33 22 Hr
206 891 140 28 Nybergh,
368 891 124 28 August:
523 891 67 22 Fallet
612 893 23 19 är
656 891 43 27 just
718 891 35 21 det
767 893 31 20 att
812 892 6 21 i
834 892 35 22 det
883 892 22 21 af

84 921 44 27 mig
143 921 78 21 nämda
235 920 136 28 lagförslaget
385 921 107 21 användes
506 920 107 27 uttrycket
629 920 84 28 »afgift>
731 927 34 14 om
781 920 72 27 dylika
868 921 37 21 bö-

84 952 38 25 ter,
137 956 45 14 som
198 950 36 20 här
248 949 157 28 ifrågakomma.

152 1006 153 22 Diskussionen
328 1006 128 22 förklarades
479 1007 86 21 härmed
588 1006 97 28 afslutad,
706 1007 105 21 hvarefter
835 1008 10 20 1
865 1008 39 20 och

85 1036 12 20 2
113 1037 121 20 momenten
250 1036 20 21 af
286 1036 26 20 36
329 1036 12 26 &
357 1035 127 28 godkändes.

152 1093 134 21 Beträffande
302 1094 12 20 3
329 1100 63 14 mom.
407 1093 133 22 framstäldes
554 1094 22 21 af
587 1094 25 20 hr
622 1093 121 21 talmannen
755 1094 93 27 följande
861 1100 44 15 om-

84 1122 234 28 röstningsproposition
326 1129 3 14 :

152 1179 39 27 De,
213 1180 75 20 hvilka
310 1178 72 22 såsom
404 1179 214 28 kontraproposition
632 1181 47 19 mot
692 1179 112 21 utskottets
815 1179 89 27 förslag

84 1208 35 21 till
142 1208 79 28 lydelse
242 1208 36 27 för
302 1208 14 20 3
337 1214 66 15 mom.
424 1208 29 26 af
472 1208 30 20 36
520 1209 16 26 $
550 1209 82 26 antaga
646 1207 27 21 hr
687 1207 113 28 Nyberghs
815 1208 89 27 förslag,

83 1238 60 19 rösta
152 1236 43 28 ja;
211 1236 31 27 de,
258 1237 35 20 det
306 1236 45 20 icke
364 1238 60 25 göra,
439 1238 59 18 rösta
513 1237 48 26 nej;

152 1265 81 21 vinner
250 1265 41 28 nej,
307 1265 42 20 har
364 1265 175 27 borgareståndet
553 1266 9 20 i
576 1265 82 21 sådant
671 1265 100 27 afseende
785 1265 121 27 föredragit

84 1293 27 22 hr
125 1295 105 20 Janssons
244 1293 89 28 förslag.

153 1351 159 27 Propositionen
336 1351 125 20 besvarades
483 1351 48 20 med
554 1351 153 27 öfvervägande
722 1351 27 27 ja,
764 1351 85 20 hvarför
863 1350 41 21 den

85 1379 84 28 slutliga
193 1380 157 27 omröstningen
372 1379 113 28 försiggick
508 1379 65 28 enligt
594 1379 99 28 följande,
708 1380 21 20 af
743 1379 25 20 hr
782 1379 123 21 talmannen

83 1408 122 21 framstälda
220 1408 137 27 proposition:

152 1463 39 26 De,
207 1463 74 21 hvilka
290 1463 117 27 godkänna
417 1463 111 20 utskottets
538 1463 82 26 förslag
632 1462 35 21 till
678 1463 78 26 lydelse
766 1462 36 27 för
813 1463 15 20 3
838 1469 64 14 mom.

83 1493 58 20 rösta
154 1492 38 27 ja;
208 1491 31 27 de,
255 1491 34 21 det
303 1491 45 21 icke
362 1493 59 24 göra,
435 1493 59 18 rösta
508 1491 51 26 nej;

153 1520 79 21 vinner
246 1520 43 27 nej,
304 1520 42 21 har
361 1519 175 27 borgareständet
550 1519 87 28 antagit
652 1519 26 21 hr
692 1519 113 28 Nyberghs
813 1519 90 28 förslag.
