1109 1817
199 122 54 21 1322
359 128 118 17 Samhällen
489 130 44 16 med
546 129 167 20 sammanträngd
726 128 125 21 befolkning.
931 129 26 17 22
970 128 47 21 maj.

198 196 93 21 ståndets
313 197 84 25 förslag,
417 197 40 20 och
476 197 84 21 förenar
581 198 35 26 jag
637 197 44 26 mig
696 203 33 14 om
745 197 52 20 hans
813 197 94 27 yrkande
922 196 28 28 på
964 196 53 22 åter-

198 225 73 20 remiss
287 225 31 20 till
333 226 101 20 utskottet
448 225 7 19 i
471 225 56 20 detta
543 226 60 25 syfte.

265 281 32 20 Hr
317 281 112 28 Idman:
459 281 58 20 Minä
539 282 48 21 olen
603 281 61 21 aivan
680 287 70 15 samaa
766 281 71 21 mieltä
852 281 51 21 kuin
918 281 47 21 hrat
979 281 39 21 Ju-

197 309 64 22 sölins
279 310 21 26 ja
315 309 88 26 Öhman,
419 311 42 20 että
476 310 249 26 yhteensovitusehdotus
740 312 41 18 tässä
811 311 77 20 asiassa
904 309 46 22 olisi
966 309 52 22 ollut

197 338 83 21 tehtävä
295 339 175 26 porvarissäädyn
485 339 113 26 päätöksen
615 339 91 20 mukaan
719 339 21 26 ja
750 339 91 26 hylkään
853 339 36 20 siis
899 338 118 28 puolestani

198 366 142 21 valiokunnan
357 367 136 20 ehdotuksen.

265 423 33 21 Hr
318 423 139 24 Jusölius,
479 423 172 22 Ferdinand:
688 423 12 20 I
723 424 114 27 anledning
859 424 21 21 af
901 424 26 21 hr
948 423 70 28 Hjelts

197 454 44 19 mot
260 452 143 28 föreliggande
418 453 96 26 paragraf
529 453 74 27 gjorda
618 452 138 27 anmärkning
779 453 36 21 ber
829 453 35 27 jag
880 453 52 21 blott
947 453 20 20 fä
982 453 36 27 pä-

198 481 53 26 peka
273 483 30 18 att
325 481 122 21 densamma
470 481 95 21 kommer
587 481 86 21 alldeles
695 481 32 21 för
750 484 51 18 sent.
831 481 46 21 Den
901 481 53 21 bade
972 481 47 22 bort

198 509 125 21 framställas
345 509 35 21 vid
402 509 237 22 hufvuddiskussionen.
669 509 32 21 Dä
724 510 122 27 paragrafen
868 510 7 20 i
895 510 69 21 denna
984 510 34 21 del

197 538 47 21 ieke
267 538 53 21 varit
341 538 87 20 föremål
451 539 32 20 för
505 538 140 27 anmärkning
662 539 6 20 i
688 538 63 26 något
766 539 67 22 stånd,
848 539 54 20 hade
917 539 102 20 utskottet

197 566 47 21 icke
265 566 44 21 skäl
325 569 29 18 att
369 569 94 24 uppgöra
478 567 295 28 sammanjämkningsförslag
787 567 6 20 i
810 567 69 20 denna
894 567 73 28 punkt,
983 566 34 22 be-

197 595 101 21 träffande
313 595 86 20 hvilken
415 595 154 22 ständerbeslut
583 595 88 21 sälunda
687 596 63 20 redan
767 595 85 27 föreläg.

266 652 32 21 Hr
318 651 170 22 Stenström:
519 652 41 26 Jag
579 652 71 21 anhöll
666 659 33 14 om
715 653 60 20 ordet
789 653 33 20 för
837 655 29 18 att
881 653 7 20 i
903 652 115 27 anledning

198 680 21 20 af
241 680 24 21 hr
286 680 70 27 Hjelts
378 680 97 26 yttrande
498 680 110 21 framhälla
627 680 115 21 detsamma
757 688 44 14 som
818 681 24 20 hr
856 681 100 21 Jusölius.
985 680 33 22 Då

198 709 35 27 jag
248 709 116 21 emellertid
380 709 38 20 har
433 709 64 23 ordet,
513 709 36 21 vill
564 710 35 26 jag
615 709 95 21 meddela
713 705 36 35 att
756 710 42 20 icke
811 705 63 35 häller
885 710 33 26 jag
927 710 91 26 bidragit

198 737 31 20 till
253 737 34 21 det
309 737 48 24 slut,
372 738 58 20 hvari
447 737 224 21 kommunalutskottet
687 738 34 20 vid
737 738 155 26 behandlingen
908 738 21 20 af
944 738 73 26 frägan

197 767 90 26 stannat,
303 768 49 18 utan
369 765 76 21 biträdt
460 772 79 15 samma
556 766 59 26 åsikt,
630 772 45 15 som
691 766 39 21 den
747 767 21 20 af
783 767 24 20 hr
815 766 94 22 Jusölius
918 766 98 21 uttalade.

197 793 42 28 Jag
261 794 36 21 ber
319 794 70 21 därför
411 796 29 19 att
459 794 21 21 fä
494 794 129 22 understöda
638 794 99 28 förslaget
752 802 34 14 om
801 797 30 19 att
846 795 171 27 borgareständet

197 822 47 22 icke
260 823 64 21 mätte
339 822 113 28 godkänna
467 823 317 27 sammanjämkningsförslaget
799 823 8 21 i
821 823 70 21 denna
907 823 39 21 del.

266 879 33 21 Hr
313 879 142 27 Nybergh,
471 881 119 26 August:
621 880 10 20 I
647 882 85 19 motsats
747 883 44 18 mot
805 880 52 21 flere
872 880 62 21 ärade
948 880 70 26 talare,

198 908 71 22 hvilka
293 908 63 21 hafva
380 908 93 21 förordat
497 908 134 21 förkastande
654 908 21 21 af
697 908 320 27 sammanjämkningsförslaget,

198 937 79 27 nödgas
299 938 35 26 jag
349 937 32 20 för
396 937 43 19 min
456 937 33 20 del
505 936 66 22 uttala
586 944 25 14 en
628 943 69 15 annan
713 937 54 21 äsikt
782 937 39 21 och
836 936 77 22 föreslä
928 937 90 21 detsam-

198 972 44 14 mas
258 965 159 26 godkännande.
440 964 33 22 Dä
488 966 57 20 detta
561 967 61 19 ämne
637 968 83 18 senaste
733 966 56 26 gäng
800 965 146 27 behandlades,
957 965 61 27 hyste

197 994 36 27 jag
247 994 32 20 för
294 994 43 20 min
353 993 40 27 del,
407 994 64 26 jämte
487 994 34 20 det
535 994 36 27 jag
586 1000 37 14 var
638 1000 49 14 ense
703 994 47 21 med
767 994 67 27 öfriga
848 994 65 21 talare
928 994 90 21 rörande

197 1024 13 19 8
227 1022 11 27 $
253 1023 7 19 i
276 1022 239 27 författningsförslaget,
531 1022 76 21 dubier
619 1022 105 21 huruvida
735 1022 35 21 det
780 1029 37 14 var
827 1022 23 21 sä
860 1024 40 20 rätt
911 1024 29 19 att
952 1028 66 15 reser-

197 1057 50 15 vera
262 1051 21 21 ät
297 1051 152 20 kommunerna
465 1050 40 22 den
521 1051 52 21 fulla
589 1051 105 21 autonomi
709 1051 127 21 beträffande
849 1050 13 21 6
874 1051 18 27 S,
903 1057 45 15 som
959 1051 59 21 inne-

197 1080 62 20 fattas
281 1079 7 21 i
310 1079 181 27 borgareständets
513 1079 76 21 beslut.
618 1079 41 27 Jag
674 1080 53 20 hade
751 1079 56 21 likväl
822 1080 46 20 icke
884 1080 26 20 dä
925 1079 23 21 sä
963 1085 55 21 noga

197 1110 41 19 satt
253 1108 42 26 mig
310 1108 22 21 in
347 1108 7 20 i
370 1108 71 26 saken,
457 1114 44 14 som
518 1108 35 21 det
568 1108 53 21 hade
637 1108 112 21 erfordrats
759 1108 32 20 för
801 1110 30 18 att
841 1108 48 21 med
900 1108 38 21 full
950 1108 68 21 öfver-

197 1136 80 27 tygelse
293 1136 66 21 uttala
374 1143 26 13 en
416 1143 69 13 annan
499 1137 92 26 mening,
603 1136 80 21 hvilket
693 1138 23 19 är
725 1136 117 27 förklarligt
855 1136 3 21 i
869 1136 70 21 denna
949 1136 68 21 landt-

198 1164 146 28 dagsbrädska.
374 1164 41 21 Det
437 1171 62 20 synes
522 1165 44 27 mig
583 1165 116 21 emellertid
715 1167 29 19 att
759 1165 58 21 detta
830 1165 114 27 lagförslag
959 1167 23 18 är
997 1165 21 20 af

197 1193 40 21 den
261 1196 32 18 art
315 1195 34 25 att,
371 1199 32 14 om
427 1193 108 26 värkligen
558 1193 81 22 frukter
659 1193 59 21 däraf
733 1193 58 21 skola
807 1200 49 14 vara
871 1195 30 19 att
915 1193 101 27 förvänta,

197 1221 140 22 kommunens
359 1221 108 21 autonomi
489 1222 46 20 icke
558 1222 41 21 kan
621 1222 150 27 upprätthällas
786 1222 8 20 i
809 1221 42 21 den
871 1221 147 28 utsträckning

197 1250 172 27 borgareständet
389 1249 91 22 beslutit.
508 1250 30 27 Ty
560 1251 114 26 meningen
689 1250 48 21 med
753 1250 56 21 detta
824 1250 113 27 lagförslag
952 1252 22 19 är
989 1253 29 18 att

196 1278 129 21 beträffande
340 1278 115 21 samhällen
471 1279 48 20 med
535 1279 171 27 sammanträngd
729 1279 122 26 befolkning
865 1278 73 21 kunna
950 1279 68 20 införa

197 1307 55 20 vissa
274 1307 152 27 politirättsliga
449 1307 162 28 bestämningar,
634 1313 45 15 som
694 1307 49 20 med
757 1307 81 27 hänsyn
855 1307 31 21 till
901 1307 116 27 hälsovård,

197 1335 79 21 eldfara
291 1342 18 14 o.
325 1341 15 14 s.
356 1341 17 14 v.
389 1337 35 18 äro
441 1335 138 26 nödvändiga.
609 1335 40 22 Om
671 1335 56 22 detta
749 1336 104 21 erkännes
875 1335 69 21 såsom
966 1338 51 24 sant,

196 1363 113 21 förefinnes
331 1364 63 25 ingen
417 1363 114 27 anledning
547 1366 30 18 att
591 1363 128 21 beträffande
734 1364 216 20 landskommunerna
965 1363 53 26 yrka

195 1391 28 27 pä
238 1397 25 14 en
279 1393 65 18 större
359 1391 107 20 autonomi
481 1393 26 18 än
523 1397 45 14 som
579 1392 32 20 för
621 1391 130 21 närvarande
762 1391 66 27 gäller
837 1391 8 20 i
855 1391 103 27 städerna,
969 1397 49 21 syn-

196 1419 100 28 nerligast
318 1425 45 14 som
385 1419 110 27 förmägan
518 1421 30 20 att
568 1419 89 22 bedöma
677 1419 72 27 dylika
764 1419 177 28 angelägenheter
955 1419 7 21 i
977 1421 41 20 stä-

197 1448 65 21 derna
283 1450 24 19 är
328 1448 58 27 längt
401 1454 45 15 mer
461 1447 111 22 utvecklad
588 1450 27 19 än
630 1448 26 28 pä
671 1448 152 28 landsbygden.
853 1448 40 27 Jag
908 1448 42 21 kan
966 1448 52 21 säle-

197 1476 36 22 des
255 1476 46 22 icke
319 1476 58 21 finna
392 1479 64 18 annat
471 1479 27 19 än
514 1479 29 20 att
559 1477 35 22 det
609 1477 47 21 med
672 1477 70 21 andan
757 1477 39 21 och
812 1477 112 28 meningen
940 1477 22 21 af
976 1477 40 22 den

195 1505 137 28 lagstiftning,
355 1512 44 15 som
423 1512 47 15 man
494 1512 28 15 nu
547 1505 62 29 slagit
631 1506 31 28 sig
680 1506 31 28 pä,
727 1508 22 19 är
764 1506 99 28 förenligt
878 1508 29 20 att
922 1506 96 22 kommu-
