1103 1798
198 121 54 21 1010
470 127 274 17 Kommunikationsfonden.

935 127 24 16 12
970 127 50 20 maj.

266 195 79 20 vinner
360 190 49 35 nej,
421 195 38 20 har
474 194 175 27 borgareständet
663 194 88 21 beslutit
767 194 159 21 återremittera
941 195 75 20 betän-

197 223 78 21 kandet
291 223 35 21 till
340 223 102 20 utskottet
455 223 37 27 för
504 223 96 27 ändring
615 223 10 20 i
639 223 35 20 det
688 223 100 27 afseende
803 223 27 20 hr
844 223 62 27 Hjelt
911 222 103 29 påyrkat.

265 279 159 28 Propositionen
449 279 125 21 besvarades
599 279 48 21 med
670 279 155 28 öfvervägande
846 280 42 27 nej,
910 280 32 21 till
964 279 53 28 följd

196 308 74 21 hvaraf
284 307 172 28 borgareståndet
470 308 86 21 beslutit
571 310 35 25 att,
618 307 89 22 emedan
718 308 30 21 uti
761 309 41 20 den
814 308 7 20 i
832 308 84 27 bilagan
928 309 20 20 A
959 309 59 20 med-

197 337 74 21 delade
286 336 143 27 beräkningen
445 337 21 20 af
481 337 41 20 den
537 337 121 26 minskning
672 336 151 21 fraktsatserna
838 337 66 26 enligt
916 337 54 21 1897
984 337 33 20 års

196 365 128 27 reglemente
339 365 69 21 skulle
423 365 64 21 vållat
502 365 7 20 i
525 365 55 21 1895
596 365 32 21 års
643 365 92 21 inkomst
750 365 21 20 af
787 365 147 28 godstrafiken,
947 365 71 22 därest

197 393 25 21 de
238 394 115 21 sistnämda
367 393 24 21 år
406 394 52 21 varit
468 393 102 28 gällande,
584 394 69 21 denna
664 393 123 28 minskning
797 395 106 26 upptagits
915 394 31 21 till
959 394 58 21 cirka

197 422 71 27 10!/,
278 437 15 12 9/,,
307 422 77 21 medan
407 422 122 21 densamma
543 422 8 21 i
566 422 75 27 själfva
662 422 74 21 värket
754 423 96 26 utgjorde
865 423 81 27 9!/,9/,,
962 425 56 19 samt

196 451 153 26 godstrafikens
364 451 122 27 minskning
498 451 66 28 enligt
579 451 69 21 denna
657 451 88 27 oriktiga
758 453 87 25 procent
860 451 111 22 beräknats
984 451 32 21 till

197 480 89 27 904,700
301 479 59 21 mark
375 479 108 22 äfvensom
498 480 102 21 utskottet
614 479 32 21 uti
660 480 45 20 sina
721 480 96 26 kalkyler
831 479 12 21 å
858 481 84 20 sidorna
953 480 12 21 5
977 481 40 20 och

196 509 12 20 6
224 508 93 28 betjänat
331 508 32 26 sig
378 508 21 21 af
414 508 138 22 omförmälda
567 508 73 27 siffror,
656 508 31 21 till
702 509 101 21 utskottet
819 509 150 21 återremittera
980 508 36 21 be-

195 536 116 22 tänkandet
325 537 7 20 i
347 537 69 21 denna
436 537 33 21 del
485 536 26 28 på
526 537 36 21 det
576 539 30 19 att
620 536 159 28 ifrågavarande
794 537 96 27 kalkyler
904 538 65 20 måtte
985 536 35 22 uti

196 566 74 26 antydt
285 565 99 21 afseende
399 567 69 19 rättas.

264 622 57 21 Utan
336 622 139 27 anmärkning
490 622 121 27 godkändes
626 622 51 20 härå
688 622 112 21 utskottets
811 622 109 27 klämmar,
930 623 87 26 intagna

195 650 26 27 på
236 650 84 21 sidorna
336 651 26 20 28
378 651 39 20 och
433 651 27 19 29
474 651 8 19 i
497 650 147 27 betänkandet,
659 651 89 21 rörande
771 650 148 28 behållningen
934 651 8 20 i
957 651 58 21 kom-

194 678 223 22 munikationsfonden
433 679 34 20 vid
483 679 142 21 instundande
640 678 153 28 finansperiods
808 678 78 28 ingång
901 680 39 20 och
953 679 64 27 utgif-

195 709 59 19 terna
269 707 68 21 under
351 714 80 14 samma
443 707 115 27 tidsperiod
568 707 48 21 från
626 708 271 20 kommunikationsfonden
908 708 109 20 äfvensom

194 736 112 21 utskottets
320 736 109 28 uttalande
444 736 27 26 på
486 736 45 20 sida
546 737 26 20 29
585 736 109 28 angående
707 736 134 28 ombyggnad
854 736 21 21 af
884 736 132 28 järnvägen
1006 732 15 36 i

195 765 101 20 närheten
311 764 22 21 af
347 764 31 21 S:t
393 764 133 28 Petersburg.

263 820 59 22 Efter
337 821 35 21 det
387 821 24 20 hr
425 821 151 27 Tallqvist,
599 822 47 20 med
669 821 128 28 frångående
816 822 21 20 af
851 821 35 21 sitt
901 828 116 20 ursprung-

194 849 42 27 liga
248 849 83 27 förslag,
343 850 82 20 förenat
437 849 32 26 sig
478 856 34 14 om
521 850 35 20 det
563 850 21 20 af
592 850 25 20 hr
628 850 107 26 Wegelius
747 850 74 26 gjorda
833 850 109 26 yrkandet,
952 850 65 20 fram-

194 878 67 20 stälde
276 878 25 20 hr
316 878 121 20 talmannen
461 878 128 21 beträffande
610 878 111 21 utskottets
743 879 51 20 sista
814 878 57 21 kläm
886 878 27 28 på
928 879 44 21 sida
988 879 28 21 30

194 906 8 20 i
217 906 140 21 betänkandet
372 906 31 21 till
418 907 52 20 först
484 907 93 27 följande
592 907 279 27 omröstningsproposition:

263 963 39 27 De,
318 963 73 21 hvilka
406 963 72 21 såsom
493 963 214 29 kontraproposition
727 966 46 19 mot
789 964 109 22 utskottets
914 965 58 20 kläm
981 963 32 29 på

193 992 49 20 sida
258 992 32 20 30
304 992 10 20 i
329 992 142 21 betänkandet
484 994 82 26 antaga
580 993 27 21 hr
626 992 111 28 Wegelius
751 993 90 27 förslag,
857 994 59 20 rösta
925 994 40 26 ja;
982 993 33 27 de,

194 1020 35 21 det
243 1020 45 21 icke
301 1023 59 25 göra,
376 1022 60 20 rösta
451 1020 46 27 nej;

262 1049 79 21 vinner
355 1049 42 26 nej,
415 1049 42 21 har
472 1049 176 27 borgareståndet
661 1050 10 20 i
684 1049 81 21 sådant
779 1050 100 27 afseende
892 1050 122 27 föredragit

193 1078 27 20 hr
239 1076 112 28 Wegelius”
366 1077 83 28 förslag
472 1078 48 20 med
540 1078 36 21 det
590 1078 28 27 af
629 1078 27 20 hr
671 1077 149 29 Schybergson
842 1078 77 21 därtill
936 1078 79 28 gjorda

194 1105 83 28 tillägg.

262 1162 160 28 Propositionen
445 1163 125 21 besvarades
594 1163 49 21 med
667 1163 155 28 öfvervägande
845 1164 40 27 nej,
908 1164 32 20 till
960 1164 53 27 följd

193 1191 73 21 hvaraf
288 1191 41 21 den
347 1191 85 28 slutliga
447 1192 298 27 omröstningspropositionen
760 1192 21 20 af
795 1192 26 20 hr
835 1192 121 22 talmannen
972 1192 41 21 for-

193 1219 120 21 mulerades
327 1220 98 20 sålunda:

261 1276 39 26 De,
316 1276 75 21 hvilka
403 1276 117 28 godkänna
534 1277 112 21 utskottets
660 1277 59 21 kläm
726 1277 32 27 på
767 1277 49 21 sida
828 1277 31 21 30
870 1277 10 21 i
890 1277 119 21 betänkan-

193 1304 39 27 det,
248 1306 60 20 rösta
317 1305 39 27 ja;
372 1304 31 27 de,
419 1305 34 21 det
467 1305 45 21 icke
525 1308 59 24 göra,
600 1307 58 19 rösta
673 1305 47 28 nej;

261 1334 78 20 vinner
353 1333 43 27 nej,
419 1334 41 20 har
476 1333 174 27 borgareståndet
665 1334 87 20 beslutit
766 1334 158 20 återremittera
940 1335 70 19 kläm-

193 1367 50 15 men
259 1361 35 21 till
308 1361 102 21 utskottet
422 1361 37 27 för
474 1361 182 27 omformulering
670 1362 9 20 i
694 1362 34 20 det
735 1362 57 27 syfte
805 1362 39 20 hrr
858 1362 106 28 Wegelius
974 1362 38 21 och

193 1388 148 28 Schybergson
355 1388 119 29 föreslagit.

261 1447 83 21 Jämväl
366 1447 69 21 denna
453 1447 129 28 proposition
597 1447 126 22 besvarades
737 1449 49 20 med
802 1449 153 27 öfvervägande
971 1449 42 27 nej,

193 1476 39 21 och
254 1475 54 22 hade
330 1475 172 28 borgareständet
524 1476 52 21 altsä
598 1476 85 21 beslutit
698 1477 31 21 till
744 1477 101 22 utskottet
860 1477 151 22 äterremittera

193 1505 51 21 sista
266 1504 106 22 klämmen
395 1504 26 28 pä
439 1505 44 21 sida
499 1505 27 21 30
541 1505 7 20 i
564 1505 140 22 betänkandet
718 1505 33 22 för
766 1507 174 27 omformulering
954 1507 8 20 i
976 1507 36 21 det
