1109 1817
100 126 26 16 25
137 126 48 20 maj.
404 119 213 34 Rättegängsombud.
867 121 54 21 1435

99 195 132 21 reservation
257 194 71 28 slutar,
353 195 78 21 därhän
457 198 30 19 att
508 196 35 27 jag
563 195 93 22 förordat
679 202 26 14 en
727 196 195 27 detaljeranskning

100 223 67 20 innan
183 225 30 19 ett
227 223 115 27 afgörande
358 224 21 20 af
393 224 72 26 frägan
481 224 6 20 i
504 225 47 20 dess
567 224 70 21 helhet
652 230 49 21 eger
716 231 53 20 rum,
785 224 22 20 sä
822 224 54 21 hade
887 225 35 26 jag

101 251 55 21 velat
179 252 86 20 härmed
288 252 71 21 lämna
382 252 158 22 vederbörande
558 255 169 25 representanter
741 254 32 19 för
787 253 135 27 lagförslaget

100 279 83 22 tillfälle
206 282 30 19 att
257 280 55 21 hälst
333 281 7 20 i
364 280 67 27 någon
454 281 48 21 män
527 281 107 26 medgifva
657 281 38 21 och
711 283 52 19 rätta
779 281 36 21 det
829 281 28 21 fel
873 288 48 14 man

101 308 76 27 begätt,
204 308 27 20 dä
255 314 49 15 man
327 309 6 20 i
356 309 97 27 paragraf
474 310 53 20 efter
549 309 96 27 paragraf
667 309 63 21 infört
751 309 117 27 obefogade
883 309 39 21 och

100 336 97 28 orimliga
219 337 145 21 restriktioner
383 339 44 19 mot
442 338 35 20 det
491 338 53 26 yrke
559 344 49 14 man
624 338 53 20 dock
693 338 36 20 vill
744 338 80 26 främja,
846 338 76 20 medan

100 371 49 14 man
173 365 12 21 å
205 365 65 21 andra
285 366 60 20 sidan
362 365 107 21 bekänner
484 366 32 20 sin
532 366 107 27 oförmåga
654 367 30 19 att
697 366 85 27 positivt
797 366 70 21 härför
882 365 40 21 till-

100 394 50 26 göra
171 393 117 27 någonting
309 394 44 20 alls.
384 394 48 20 Men
449 401 33 14 om
499 401 30 13 nu
544 394 157 21 vederbörande
717 394 46 21 icke
779 400 36 15 ens
830 395 7 20 i
853 394 69 27 någon

101 421 54 21 enda
177 422 68 27 punkt
265 422 50 27 vilja
330 422 95 27 begagna
441 423 31 26 sig
488 423 21 20 af
524 422 47 21 dem
587 422 90 21 sälunda
689 422 93 21 lämnadt
797 422 87 27 tillfälle,
900 422 23 21 sä

102 449 64 28 vägar
187 450 36 27 jag
244 451 108 26 värkligen
368 451 79 27 hoppas
467 453 30 18 att
512 451 83 21 ständet
610 451 31 21 till
657 450 42 22 slut
713 451 54 20 skall
784 458 49 14 vara
848 452 76 19 konse-

101 478 101 22 kventare
226 478 39 21 och
285 479 132 28 fullständigt
438 480 92 20 förkasta
552 480 57 21 detta
631 480 7 20 i
656 486 45 14 mer
716 481 26 19 än
758 481 30 19 ett
802 479 120 21 hänseende

102 513 90 22 omogna
207 507 118 28 lagförslag.

171 576 32 21 Hr
224 576 111 28 Nysten:
365 576 41 28 Jag
426 576 37 22 ber
475 578 30 19 att
520 577 21 21 få
555 576 84 22 förorda
654 576 135 28 paragrafens
805 576 118 28 antagande

102 605 132 21 oförändrad.

172 674 33 20 Hr
223 674 111 21 Kumlin:
365 673 73 22 Säsom
457 674 22 20 af
497 674 110 21 utskottets
623 674 132 21 betänkande
771 674 98 28 framgär,
884 675 38 20 har

102 702 142 28 skiljaktighet
265 703 58 20 inom
337 704 100 20 utskottet
447 705 35 25 egt
491 709 47 14 rum
549 702 98 22 särskildt
660 702 127 22 beträffande
798 703 68 21 denna
872 698 12 36 5
903 704 18 26 8.

101 731 41 21 För
163 731 44 20 min
230 732 33 20 del
283 732 41 20 kan
339 732 36 27 jag
389 731 112 28 godkänna
517 732 111 20 utskottets
642 731 79 27 förslag
736 732 93 20 hvarken
846 732 75 20 beträf-

101 760 63 20 fande
180 760 126 27 stadgandet
321 760 72 21 därom
408 762 29 18 att
451 760 218 26 fullmäktigsarvodet
679 760 74 25 skulle,
764 760 37 21 där
811 760 50 21 aftal
873 760 47 22 icke

102 790 35 25 egt
158 794 54 21 rum,
235 788 126 22 bestämmas
384 788 66 27 enligt
471 790 55 23 taxa,
549 788 52 21 eller
615 788 68 21 sävidt
698 788 91 22 domstol
803 789 117 21 tillerkänts

101 817 58 21 makt
181 818 30 20 att
233 817 69 27 jämka
323 817 90 21 emellan
430 817 119 27 fullmäktig
565 817 38 21 och
619 817 52 21 hans
686 817 131 21 hufvudman
834 817 87 21 aftaladt

102 846 83 21 arvode.
214 845 12 21 I
249 846 36 21 vär
307 846 97 26 gällande
425 846 34 26 lag
481 846 130 21 förekomma
629 846 68 20 såsom
714 846 65 21 kändt
793 846 47 21 icke
856 846 64 28 några

100 877 63 18 taxor
185 875 32 21 för
237 874 252 28 rättegångsfullmäktige
512 875 38 20 och
572 874 7 21 i
601 874 114 21 allmänhet
734 877 35 18 äro
785 875 83 20 taxor
859 870 12 37 i
885 875 36 21 vår

101 904 35 26 lag
159 910 88 14 numera
275 904 120 21 bibehållna
419 904 74 20 endast
518 903 69 21 såvidt
608 903 79 21 sådana
709 906 79 18 ansetts
810 904 110 26 påkallade

101 932 8 20 i
124 932 41 21 den
181 932 106 21 allmänna
303 932 135 21 säkerhetens
452 933 95 20 intresse.
579 932 25 20 12
620 932 12 27 $
648 932 6 20 i
672 932 25 20 15
713 932 46 27 kap.
774 932 23 20 R.
813 932 24 20 B.
853 932 67 21 berät-

102 960 54 26 tigar
178 960 79 21 ombud
278 963 29 19 att
323 961 21 20 af
358 961 130 20 hufvudman
506 960 44 21 utfå
565 960 36 21 det
615 960 83 26 arvode,
714 960 85 21 hvarom
815 960 41 21 han
872 961 48 21 med

103 989 174 21 hufvudmannen
293 990 77 26 aftalat,
385 989 39 21 och
439 989 75 21 endast
528 990 7 20 i
550 989 40 21 den
606 988 101 22 händelse
722 991 30 19 att
767 989 48 21 aftal
829 989 47 21 icke
887 991 35 25 egt

102 1024 46 14 rum
172 1024 50 21 eger
245 1018 116 21 domstolen
377 1018 102 21 fastställa
494 1018 97 20 arvodets
607 1017 81 27 belopp.
718 1018 40 20 Väl
773 1018 63 20 hafva
851 1018 71 26 klago-

103 1046 42 20 mål
160 1047 70 26 någon
246 1046 56 28 gång
317 1047 100 26 försports
433 1046 97 21 däröfver
545 1048 30 19 att
589 1046 119 27 fullmäktig
719 1046 102 21 debiterat
833 1047 33 20 sin
876 1046 48 20 huf-

103 1074 93 21 vudman
213 1077 29 19 ett
257 1075 137 21 öfverhöfvan
409 1074 64 28 drygt
488 1074 83 24 arvode,
582 1081 48 14 men
642 1074 61 21 dessa
713 1074 87 21 enstaka
812 1074 37 21 fall
860 1080 64 22 synas

104 1103 52 21 dock
172 1104 47 20 icke
235 1103 55 27 gifva
306 1104 115 27 anledning
436 1104 31 20 till
483 1106 29 18 ett
527 1103 116 27 stadgande
659 1103 22 20 så
694 1103 115 21 restriktivt
824 1110 46 14 som
884 1104 40 25 det,

104 1132 80 21 hvilket
205 1132 61 27 ingår
288 1133 6 20 i
318 1132 69 21 denna
411 1133 11 19 5
446 1132 18 27 $.
495 1132 49 20 Skäl
559 1132 31 21 till
606 1134 29 19 ett
650 1131 75 21 sådant
739 1132 116 26 stadgande
870 1132 54 20 före-

104 1160 67 28 ligger
186 1160 23 21 så
224 1161 86 26 mycket
325 1161 87 26 mindre,
427 1167 46 14 som
488 1161 21 27 ju
526 1160 181 24 hufvudmannen,
720 1161 6 19 i
739 1160 100 22 händelse
849 1161 42 20 han
902 1162 24 18 är

104 1189 101 27 missnöjd
221 1190 48 20 med
286 1189 112 21 ombudets
413 1189 124 27 debitering,
552 1189 66 27 enligt
628 1188 135 27 lagförslaget
775 1190 22 19 är
807 1189 117 26 berättigad

104 1219 29 19 att
148 1218 7 20 i
171 1218 38 20 och
226 1218 31 20 för
273 1218 107 20 vinnande
395 1218 21 20 af
430 1218 85 20 rättelse
531 1217 68 21 vända
615 1217 32 27 sig
657 1217 30 21 till
699 1217 90 21 domstol
800 1218 52 21 eller
862 1217 62 21 också

103 1245 32 21 till
158 1246 172 21 sakförarerådet.
358 1246 41 20 För
421 1246 43 20 min
487 1246 35 20 del
537 1248 23 18 är
573 1246 36 26 jag
624 1245 123 27 öfvertygad
761 1252 33 14 om
810 1248 30 19 att
855 1246 70 20 denna

103 1274 154 27 angelägenhet
280 1275 95 20 kommer
397 1277 30 18 att
448 1274 113 21 framdeles
583 1274 68 21 såsom
674 1274 104 20 härintills
797 1275 92 27 regleras
904 1274 22 20 af

103 1303 142 20 förhållandet
260 1303 90 21 emellan
365 1303 88 27 tillgång
469 1303 39 20 och
523 1302 126 27 efterfrågan
665 1303 39 20 och
719 1302 63 20 äfven
797 1304 21 20 af
833 1303 35 20 det
879 1308 46 21 pre-

104 1331 82 21 sterade
207 1331 90 21 arbetets
313 1331 92 21 kvalitet.
434 1331 62 21 Hvad
512 1331 65 21 saken
593 1331 7 20 i
615 1330 63 28 öfrigt
693 1330 102 28 beträffar,
811 1331 22 21 så
849 1332 37 19 har
900 1330 26 21 hr

103 1359 92 21 Jansson
218 1360 94 26 tillfylles
335 1360 110 20 motiverat
467 1360 123 20 densamma
611 1359 39 21 och
670 1359 37 21 ber
721 1360 35 25 jag
771 1360 75 20 endast
860 1361 30 19 att
904 1358 22 22 få

104 1388 129 21 understöda
248 1389 35 20 det
298 1388 83 28 förslag,
397 1394 44 14 som
457 1388 25 20 hr
496 1388 92 20 Jansson
605 1387 128 21 beträffande
747 1388 70 20 denna
829 1388 97 27 paragraf

105 1416 38 20 har
158 1417 107 21 framstält.

173 1480 33 21 Hr
221 1480 151 21 Grönroos:
400 1476 70 23 Äfven
485 1480 36 26 jag
536 1478 37 20 ber
588 1479 29 20 att
632 1477 21 21 fä
668 1477 83 21 förorda
766 1477 159 27 ifrägavarande

105 1509 107 29 paragrafs
228 1508 117 28 antagande
361 1508 64 20 sädan
441 1507 42 21 den
497 1507 68 21 finnes
581 1506 6 20 i
604 1505 146 22 betänkandet.
