1109 1786
106 125 24 16 14
142 124 47 21 maj.
461 124 113 17 Lärovärk.
871 118 53 20 1141

107 193 45 20 niin
172 192 134 28 spartalaisen
329 192 140 22 kasvatuksen
491 192 72 22 kautta
581 192 77 22 todella
679 192 98 22 koulusta
792 193 68 21 lähtee
875 193 51 26 yhtä

107 221 68 21 eteviä
197 220 98 27 oppilaita
315 221 50 21 kuin
381 220 138 28 muualtakin,
534 222 47 20 sillä
595 221 72 21 heikot
681 223 48 19 ovat
743 221 110 27 pakotetut
868 227 58 15 eroa-

106 255 62 15 maan
182 249 21 27 ja
219 248 121 22 ainoastaan
356 250 86 26 parhaat
455 249 70 27 jäävät
538 249 75 27 jälelle.

174 304 33 21 Hr
221 304 124 27 Berneri,
361 311 45 14 som
421 305 88 21 anhällit
523 311 35 14 om
573 305 65 26 ordet,
653 305 68 20 afstod
737 305 96 20 därifrän.

174 360 154 22 Diskussionen
343 361 128 21 förklarades
481 362 51 21 härä
544 361 97 28 afslutad,
652 361 105 22 hvarefter
767 362 25 20 hr
804 362 121 21 talmannen

107 389 121 22 framstälde
243 390 92 27 följande
351 390 278 27 omröstningsproposition:

176 446 39 27 De,
238 447 73 21 hvilka
325 447 117 27 godkänna
456 447 111 21 utskottets
581 447 84 32 förslag
675 447 111 28 angående
795 446 131 33 förändring

107 475 29 27 af
146 475 258 35 undervisningsspräket
425 476 38 21 vid
483 477 84 27 lyceum
587 475 10 21 i
613 475 35 21 S:t
667 475 86 27 Michel,
769 477 59 19 rösta
838 475 41 28 ja;
895 475 31 26 de,

106 504 36 21 det
155 503 66 21 icke
212 506 59 25 göra,
287 505 59 20 rösta
360 503 49 28 nej;

175 533 79 20 vinner
274 532 43 27 nej,
339 532 42 21 har
403 531 174 29 borgareständet
590 532 87 28 förenat
691 533 33 27 sig
740 539 35 14 om
789 533 35 20 det
838 531 89 28 förslag,

106 567 47 14 som
168 560 65 28 ingår
247 561 10 20 i
271 561 42 20 den
327 561 72 27 fjärde
413 561 168 21 reservationen.

175 617 102 28 Votering
301 617 102 28 begärdes
424 618 40 21 och
485 618 110 27 anstäldes,
611 618 40 21 och
666 617 94 28 afgäfvos
776 617 73 21 därvid
865 618 26 20 23
906 617 21 28 ja

107 646 39 21 och
162 647 26 20 38
204 647 41 26 nej,
261 646 30 21 till
306 646 52 27 följd
374 646 73 21 hvaraf
466 647 172 27 borgareständet
653 647 82 20 säledes
749 646 82 21 förenat
846 646 32 27 sig
893 652 34 15 om

106 674 125 27 yrkandet
222 670 17 38 i
254 675 41 21 den
316 675 67 27 fjärde
405 675 32 21 till
459 675 140 22 betänkandet
621 675 76 28 fogade
717 675 158 21 reservationen
898 677 30 18 att

106 704 87 21 ärendet
207 703 7 20 i
231 703 70 21 denna
315 703 35 22 del
364 704 47 21 icke
425 704 69 21 skulle
509 704 82 27 päkalla
606 704 69 27 nägon
691 703 78 28 ätgärd.

175 760 32 21 Dä
229 760 50 21 härä
300 760 109 27 föredrogs
430 761 111 20 utskottets
556 761 50 21 sista
621 761 26 27 pä
662 761 46 20 sida
723 761 26 20 25
765 760 7 21 i
787 760 142 22 betänkandet

106 789 87 27 intagna
207 788 62 28 kläm,
285 789 102 27 begärdes
402 789 59 21 ordet
477 790 20 19 af

175 846 24 20 hr
215 845 141 27 Sundvall,
376 852 45 14 som
439 846 92 27 föreslog
546 849 29 18 att
590 846 66 21 orden
673 848 67 18 »samt
754 846 113 21 omnämda
881 845 47 22 sko-

107 875 31 20 las
153 874 129 28 utvidgande
297 875 31 21 till
343 874 134 28 femklassig»
495 875 67 21 skulle
575 882 25 13 ur
615 875 105 20 klämmen
737 875 108 21 uteslutas.

175 931 32 21 Dä
230 932 64 26 ingen
316 938 70 14 annan
401 932 21 20 af
437 931 93 23 ständets
553 932 138 21 medlemmar
707 932 94 20 önskade
820 933 56 25 yttra
890 931 38 27 sig,

107 960 129 21 förklarades
252 960 147 21 diskussionen
415 960 97 28 afslutad,
524 961 105 21 hvarefter
638 960 25 21 hr
675 960 122 21 talmannen
807 960 121 21 framstälde

107 989 92 27 följande
215 988 280 28 omröstningsproposition
485 984 13 37 :

175 1045 39 26 De,
237 1046 95 20 hvilka
327 1046 113 31 godkänna
455 1046 112 21 utskottets
577 1046 89 31 förslag
673 1046 111 27 angäende
795 1044 133 35 utvidgande

107 1073 29 28 af
147 1074 194 21 elementarskolan
354 1073 10 21 i
382 1073 175 28 Gamlakarleby,
577 1075 60 20 rösta
651 1073 42 28 ja:
714 1074 31 26 de,
761 1074 35 21 det
809 1073 45 21 icke
867 1075 60 25 göra,

108 1104 58 19 rösta
181 1102 48 27 nej;

176 1130 79 21 vinner
272 1130 42 27 nej,
327 1130 42 21 har
379 1129 174 28 borgareständet
561 1130 96 27 godkänt
666 1129 27 22 hr
706 1130 120 21 Sundvalls
834 1129 95 28 förslag.

176 1185 97 23 Emedan
288 1187 156 27 propositionen
460 1187 125 20 besvarades
596 1186 48 21 med
655 1186 154 27 öfvervägande
822 1186 41 27 nej,
874 1186 54 21 hade

108 1215 82 21 ständet
212 1215 102 21 förkastat
335 1215 112 21 utskottets
468 1215 135 27 afstyrkande
626 1214 56 22 kläm
696 1215 27 27 pä
737 1214 46 22 sida
795 1215 27 20 25
837 1214 7 21 i
857 1214 71 22 betän-

108 1244 78 21 kandet
200 1244 109 27 angäende
324 1243 127 28 utvidgning
465 1244 22 20 af
502 1243 162 27 Gamlakarleby
679 1243 64 21 skola.

175 1440 119 28 Föredrogs
310 1441 210 21 ekonomiutskottets
536 1441 34 21 vid
585 1441 87 27 plenum
683 1441 41 21 den
737 1441 26 21 10
776 1440 80 22 dennes
867 1440 61 22 bord-

107 1470 62 27 lagda
184 1469 132 21 betänkande
332 1476 34 14 n:o
382 1470 26 20 20
423 1469 7 20 i
446 1469 115 28 anledning
576 1470 21 20 af
611 1471 30 19 ett
656 1469 31 21 till
701 1469 24 21 R.
741 1476 18 14 o.
776 1470 25 20 A.
811 1469 117 20 inlämnadt

108 1497 176 29 petitionsförslag
299 1498 108 28 angäende
422 1497 66 23 slakt
502 1497 28 22 af
541 1497 122 30 hemdjur.
