1106 1814
106 122 23 16 21
142 122 47 20 maj.
320 122 94 17 Handels
425 122 135 17 bedrifvande
573 126 72 17 genom
657 123 57 16 barn.
871 117 55 20 1317

106 190 140 21 underställas
268 192 143 25 guvernörens
432 190 98 28 pröfning
549 191 39 21 och
603 191 22 21 af
638 190 112 28 kejserliga
765 193 97 19 senatens
877 190 48 22 eko-

106 218 216 27 nomiedepartement
336 218 118 22 fastställas.

174 274 69 22 Sedan
264 275 146 21 diskussionen
425 276 110 20 förklarats
551 275 96 27 afslutad,
662 276 121 20 framstälde
797 276 25 20 hr
837 276 88 20 talman-

106 309 41 15 nen
162 303 54 21 efter
230 304 118 20 hvarandra
364 304 92 26 följande
471 304 302 28 omröstningspropositioner:

173 359 20 25 1)
211 359 39 27 De,
266 360 75 21 hvilka
355 360 72 21 såsom
442 360 213 28 kontraproposition
669 362 46 20 mot
729 360 111 21 utskottets
853 360 72 21 betän-

106 388 68 22 kande
189 388 39 22 och
242 388 50 22 däri
303 388 106 28 ingående
419 389 83 28 förslag
515 391 82 25 antaga
614 389 26 21 hr
649 388 109 22 Janssons
767 388 90 28 förslag,
867 390 58 20 rösta

100 417 39 27 ja;
165 417 31 24 de,
212 417 34 21 det
260 417 45 21 icke
318 420 60 24 göra,
393 419 59 19 rösta
466 418 49 27 nej;

177 446 79 20 vinner
274 446 42 28 nej,
332 446 41 21 har
388 446 173 28 borgareståndet
575 446 10 21 i
599 446 80 22 sådant
692 446 101 28 afseende
807 445 120 28 föredragit

106 474 26 21 hr
148 474 80 21 Lilius
244 474 90 28 förslag.

173 530 160 29 Propositionen
349 531 126 22 besvarades
489 532 49 21 med
553 531 154 28 öfvervägande
722 531 26 28 ja.

175 588 21 27 2)
218 587 39 28 De,
280 588 74 21 hvilka
375 589 71 20 såsom
461 589 214 28 kontraproposition
690 591 46 18 mot
750 589 112 20 utskottets
875 588 49 27 för-

104 617 47 27 slag
174 618 82 27 antaga
276 617 27 21 hr
324 617 107 22 Janssons
453 617 88 28 förslag,
562 619 60 20 rösta
637 617 40 28 ja;
705 617 30 28 de,
755 617 35 21 det
808 617 43 21 icke
865 619 60 26 göra,

104 647 60 20 rösta
178 645 50 28 nej;

173 674 79 21 vinner
272 674 42 27 nej,
329 674 41 21 har
386 674 174 28 borgareständet
573 675 10 20 i
597 674 81 21 sädant
692 674 100 27 afseende
807 674 120 27 föredragit

104 703 27 20 hr
147 702 121 21 Sundvalls
281 703 89 27 förslag.

173 759 159 28 Propositionen
350 760 124 21 besvarades
488 760 49 21 med
551 760 153 27 öfvervägande
720 760 41 26 nej.

172 816 39 27 De,
224 816 74 21 hvilka
308 816 116 27 godkänna
439 816 112 21 utskottets
563 817 133 21 betänkande
706 816 149 27 oförändradt,
866 818 60 19 rösta

99 845 39 27 ja;
164 845 31 25 de,
211 845 35 20 det
260 845 44 21 icke
318 847 60 25 göra,
393 846 59 19 rösta
468 845 45 26 nej;

174 873 79 21 vinner
270 873 42 27 nej,
329 873 41 21 har
382 873 174 27 borgareståndet
567 873 88 28 förenat
669 873 33 27 sig
717 879 36 15 om
767 873 28 21 hr
807 873 120 21 Sundvalls

104 902 89 27 förslag.

173 959 41 21 Vid
237 959 105 21 värkstäld
365 959 96 27 votering
481 959 94 28 afgåfvos
597 960 26 20 35
638 959 22 27 ja
675 959 39 21 och
729 959 26 20 27
771 959 42 27 nej,
827 959 32 20 till
874 958 53 27 följd

104 988 74 21 hvaraf
201 988 171 27 borgareståndet
394 988 135 21 oförändradt
549 988 91 28 godkänt
661 988 112 21 utskottets
788 988 137 21 betänkande.

175 1130 70 22 Bland
261 1130 93 22 ståndets
369 1131 138 21 medlemmar
521 1131 54 21 hade
591 1131 90 21 utdelats
698 1131 38 21 och
753 1131 116 26 bordlades,

174 1187 31 21 till
220 1189 59 19 nästa
294 1188 96 27 plenum:

174 1244 236 22 kommunalutskottets
424 1245 79 27 förslag
517 1245 32 21 till
564 1244 205 27 sammanjämkning
784 1244 21 21 af
820 1244 26 21 de
859 1244 67 21 delvis

106 1273 120 27 skiljaktiga
248 1273 76 26 beslut,
346 1274 58 20 hvari
425 1274 89 20 stånden
537 1276 83 18 stannat
638 1273 34 21 vid
689 1273 155 27 behandlingen
859 1274 21 20 af
895 1274 33 20 ut-

106 1302 88 20 skottets
216 1302 133 21 betänkande
364 1308 34 15 n:o
414 1302 12 20 6
442 1302 7 20 i
464 1302 115 27 anledning
594 1302 21 20 af
629 1301 77 27 nådiga
721 1302 156 27 propositionen
891 1308 36 14 n:o

106 1331 33 26 24,
160 1330 146 21 innefattande
328 1330 123 27 förordning
474 1330 108 28 angående
598 1330 107 21 ordnande
720 1331 8 19 i
743 1330 101 20 särskilda
857 1329 36 21 fall
906 1330 21 20 af

106 1358 135 22 samhällen
256 1358 31 28 på
302 1358 169 28 landsbygden
485 1359 56 21 med
556 1358 199 27 sammanträngd
767 1358 158 26 befolkning
914 1354 14 36 ;

174 1415 106 21 allmänna
302 1416 210 27 petitionsutskottets
533 1416 78 26 förslag
632 1415 32 21 till
685 1414 205 28 sammanjämkning
905 1414 22 21 af

106 1444 99 20 ständens
227 1444 119 27 skiljaktiga
368 1444 69 20 beslut
451 1444 8 19 i
473 1444 59 27 fräga
554 1450 34 14 om
606 1444 111 20 utskottets
738 1443 133 21 betänkande
891 1449 34 14 n:o

106 1472 26 20 19
147 1471 7 20 i
169 1471 116 27 anledning
300 1471 21 21 af
336 1472 33 26 sju
384 1472 7 19 i
406 1473 77 25 präste-
499 1472 39 20 och
553 1471 158 21 bondeständen
727 1471 81 27 ingifna
818 1471 108 26 petitions-

106 1499 79 28 förslag
200 1499 109 28 angäende
325 1499 120 22 särskilda
460 1499 93 22 läkare-
569 1499 45 22 och
630 1498 224 29 sjukvärdsfrägor;
