1092 1809
97 136 8 16 1
117 136 52 21 juni.
305 136 45 17 Den
361 132 47 21 lösa
419 136 159 21 befolkningens
590 136 124 20 bosättning.
757 144 23 4 —-:-
862 129 53 21 1567

163 204 83 27 Utdrag
270 211 26 14 ur
317 204 126 28 protokollet
464 204 32 20 till
518 204 136 28 lagutskottet
673 204 39 22 och
727 204 142 21 medstånden
885 203 32 21 uti

94 232 139 22 förevarande
251 232 76 22 ärende
343 232 106 28 upplästes
465 232 31 21 till
511 233 104 27 justering
630 234 39 20 och
684 232 128 28 godkändes.

162 373 118 28 Föredrogs
302 376 77 19 tvänne
400 374 47 21 från
469 374 45 28 lag-
538 375 38 20 och
600 374 202 21 ekonomiutskottet
827 374 91 21 anlända

96 403 126 26 skrifvelser,
238 409 25 14 ur
277 403 72 20 hvilka
363 403 112 27 framgick:

163 461 30 20 att
215 459 112 21 utskottets
347 459 78 28 förslag
449 459 31 21 till
496 460 205 27 sammanjämkning
715 459 22 21 af
752 459 101 22 ståndens
869 459 50 21 skil-

94 488 79 27 jaktiga
190 488 69 21 beslut
273 488 36 20 vid
324 487 154 28 behandlingen
495 488 21 21 af
531 489 111 20 utskottets
655 488 132 21 betänkande
798 495 35 14 n:o
845 488 27 21 14
883 495 35 13 om

96 516 139 21 befordrande
250 516 21 21 af
286 516 39 21 den
342 516 52 23 lösa
408 516 188 28 befolkningens
612 516 142 28 bosättning
769 516 70 21 blifvit
854 516 22 21 af
886 518 31 19 tre

94 545 62 22 ständ
179 545 113 27 godkändt,
313 545 83 21 hvadan
418 545 154 28 handlingarna
587 545 7 20 i
609 545 87 21 ärendet
718 545 153 21 öfverlämnats
886 545 31 20 till

94 573 245 28 expeditionsutskottet;
355 575 54 20 samt

163 633 32 19 att
217 631 34 20 vid
274 631 157 27 behandlingen
451 631 21 21 af
488 631 111 22 utskottets
614 631 132 21 betänkande
764 638 34 14 n:o
817 630 26 21 16
859 630 7 21 i
881 637 37 14 an-

96 659 87 28 ledning
201 660 22 21 af
241 659 61 21 väckt
320 659 78 28 förslag
412 659 32 22 till
458 660 130 27 förordning,
603 660 144 21 innefattande
763 659 119 28 förklaring
897 659 22 21 af

95 689 76 27 nädiga
196 688 150 27 förordningen
369 688 109 28 angäende
494 688 105 28 reglering
614 689 21 20 af
649 688 198 28 prästerskapets
863 687 55 23 aflö-

94 717 61 28 ning
173 717 8 21 i
202 717 82 21 landets
306 717 240 26 evangelisk-lutherska
567 717 153 28 församlingar,
743 717 74 28 gifven
840 717 42 20 den
905 717 12 20 5

96 745 83 28 augusti
196 745 60 27 1886,
271 745 23 21 R.
311 752 17 15 o.
344 746 25 21 A.
385 745 94 28 godkänt
492 746 111 21 utskottets
613 745 139 26 betänkande,
763 745 156 28 prästeständet

95 775 80 26 antagit
190 774 40 21 den
247 774 142 21 betänkandet
405 774 111 27 vidfogade
532 775 157 20 reservationen
704 777 54 18 samt
769 774 98 27 borgare-
879 774 38 21 och

95 803 160 21 bondeständen
270 803 97 21 omfattat
381 809 26 15 en
422 803 116 26 sälydande
553 803 97 28 petition:
670 805 42 19 »att
725 803 28 21 H.
767 803 27 20 K.
810 802 28 21 M.
853 802 64 21 måtte

95 831 42 22 låta
151 831 143 27 undersöka,
286 827 12 36 i
309 831 86 21 hvilken
411 831 48 21 män
475 832 27 20 de
516 832 26 27 pä
557 832 69 27 grund
642 831 21 21 af
678 832 75 27 nådiga
765 831 151 27 förordningen

96 861 41 20 den
154 861 12 20 5
183 860 84 27 augusti
291 860 53 21 1886
358 860 119 21 värkstälda
492 860 130 28 regleringar
637 860 21 21 af
672 860 166 28 prästerskapets
850 859 7 21 i
872 859 46 21 lan-

96 889 34 21 det
145 888 94 28 aflöning
253 889 44 21 ledt
311 889 31 21 till
358 889 121 27 förhöjning
493 889 52 21 eller
559 889 123 28 minskning
697 889 21 21 af
732 888 185 22 löneförmänerna

95 919 60 26 samt,
169 917 7 22 i
191 917 101 22 händelse
315 917 185 27 undersökningen
524 917 94 22 befinnes
641 918 109 21 föranleda
765 917 116 27 förklaring
897 917 21 20 af

95 947 65 26 sagda
170 946 123 27 förordning
303 946 7 21 i
322 947 124 20 hithörande
457 947 65 26 delar,
534 947 30 20 till
575 946 113 22 ständerna
698 947 64 21 afläta
770 946 65 28 nådig
842 952 76 21 propo-

95 976 63 21 sition
172 975 99 26 härom»;
284 976 90 20 hvarhos
388 975 172 28 borgareständet
574 975 87 22 beslutit
668 978 30 19 att
706 982 76 21 genom
791 975 120 27 protokolls:

95 1005 76 27 utdrag
185 1004 88 27 inbjuda
289 1004 26 21 de
330 1004 66 27 öfriga
413 1003 90 22 ständen
521 1006 29 19 att
566 1004 73 21 förena
656 1005 32 26 sig
699 1011 34 14 om
745 1004 66 27 sagda
823 1003 94 28 petition.

95 1033 96 21 Emedan
206 1033 24 20 R.
246 1039 17 15 o.
279 1033 25 20 A.
320 1032 101 22 förkastat
436 1033 70 20 denna
521 1033 102 27 inbjudan
639 1033 39 21 och
695 1033 105 20 vidblifvit
815 1033 36 20 sitt
861 1032 56 21 förra

95 1062 69 21 beslut
183 1063 54 19 samt
257 1061 152 28 prästeständet
429 1063 58 19 ännu
510 1061 47 22 icke
578 1062 61 21 fattat
662 1061 64 28 nägot
746 1061 82 27 slutligt
848 1060 69 21 beslut

94 1090 111 27 angående
227 1089 88 22 berörda
336 1090 109 27 inbjudan,
464 1090 97 21 anmälde
584 1090 102 21 utskottet
700 1092 36 25 att,
752 1090 71 21 därest
838 1091 79 26 präste-

94 1119 84 21 ståndet
199 1118 112 27 godkände
332 1119 161 27 inbjudningen,
515 1118 93 29 lagenlig
628 1119 107 27 pluralitet
759 1119 7 20 i
792 1118 125 21 ständernas

95 1147 69 22 beslut
179 1147 114 26 förefanns,
307 1153 50 15 men
371 1149 30 19 att
413 1147 73 28 frågan
501 1147 8 20 i
524 1154 69 15 annan
609 1147 100 22 händelse
725 1147 93 22 förfallit.

166 1289 116 28 Föredrogs
305 1291 30 20 ett
352 1290 46 21 från
418 1289 25 22 R.
459 1297 17 14 o.
491 1291 26 20 A.
533 1291 87 20 anländt
634 1289 198 28 protokollsutdrag,
847 1289 23 21 så
885 1289 31 27 ly-

95 1318 78 21 dande:

369 1374 82 27 Utdrag
466 1381 25 14 ur
508 1375 146 27 ridderskapet
668 1375 39 21 och
721 1375 75 20 adelns
810 1374 106 28 protokoll

301 1402 34 21 vid
350 1403 128 27 landtdagen
493 1403 8 20 i
515 1403 139 28 Helsingfors,
669 1403 41 21 den
726 1403 26 21 31
767 1403 42 25 maj
827 1403 61 21 1897.

162 1457 117 28 Föredrogs
294 1458 77 27 utdrag
385 1465 25 14 ur
425 1459 183 26 borgareståndets
623 1458 103 27 protokoll
741 1458 33 21 för
790 1458 71 21 denna
876 1458 41 27 dag

94 1486 49 22 med
157 1486 128 27 inbjudning
295 1487 32 20 till
339 1486 24 21 R.
375 1493 17 14 o.
404 1487 27 20 A.
443 1489 30 18 att
480 1487 24 20 R.
514 1493 16 14 o.
539 1487 32 25 A.,
584 1487 48 19 med
644 1486 129 28 frängäende
783 1486 21 20 af
813 1486 48 21 dess
869 1487 47 19 tidi-

95 1521 49 22 gare
150 1514 71 23 beslut
229 1514 127 23 beträffande
364 1514 43 29 lag-
416 1516 39 21 och
463 1515 211 21 ekonomiutskottets
682 1514 132 22 betänkande
826 1521 35 15 n:o
871 1515 26 20 16
909 1514 8 21 i
