<?xml version="1.0" encoding="UTF-8"?>
<alto xmlns="http://www.loc.gov/standards/alto/ns-v3#" xmlns:xlink="http://www.w3.org/1999/xlink" xmlns:xsi="http://www.w3.org/2001/XMLSchema-instance" xsi:schemaLocation="http://www.loc.gov/standards/alto/ns-v3# http://www.loc.gov/alto/v3/alto-3-0.xsd">
	<Description>
		<MeasurementUnit>pixel</MeasurementUnit>
		<sourceImageInformation>
			<fileName>/tmp/tess_cjar0tpk_input.PNG</fileName>
		</sourceImageInformation>
		<OCRProcessing ID="OCR_0">
			<ocrProcessingStep>
				<processingSoftware>
					<softwareName>tesseract 5.3.4</softwareName>
				</processingSoftware>
			</ocrProcessingStep>
		</OCRProcessing>
	</Description>
	<Layout>
		<Page WIDTH="1075" HEIGHT="1803" PHYSICAL_IMG_NR="0" ID="page_0">
			<PrintSpace HPOS="0" VPOS="0" WIDTH="1075" HEIGHT="1803">
				<ComposedBlock ID="cblock_0" HPOS="818" VPOS="159" WIDTH="11" HEIGHT="18">
					<TextBlock ID="block_0" HPOS="818" VPOS="159" WIDTH="11" HEIGHT="18">
						<TextLine ID="line_0" HPOS="818" VPOS="159" WIDTH="11" HEIGHT="18">
							<String ID="string_0" HPOS="818" VPOS="159" WIDTH="11" HEIGHT="18" WC="0.96" CONTENT="3"/>
						</TextLine>
					</TextBlock>
				</ComposedBlock>
				<ComposedBlock ID="cblock_1" HPOS="108" VPOS="220" WIDTH="754" HEIGHT="338">
					<TextBlock ID="block_1" HPOS="108" VPOS="220" WIDTH="752" HEIGHT="76">
						<TextLine ID="line_1" HPOS="109" VPOS="220" WIDTH="751" HEIGHT="24">
							<String ID="string_1" HPOS="109" VPOS="220" WIDTH="95" HEIGHT="24" WC="0.96" CONTENT="läggande"/><SP WIDTH="15" VPOS="220" HPOS="204"/>
							<String ID="string_2" HPOS="219" VPOS="220" WIDTH="53" HEIGHT="24" WC="0.96" CONTENT="värk,"/><SP WIDTH="16" VPOS="220" HPOS="272"/>
							<String ID="string_3" HPOS="288" VPOS="226" WIDTH="40" HEIGHT="14" WC="0.96" CONTENT="som"/><SP WIDTH="15" VPOS="226" HPOS="328"/>
							<String ID="string_4" HPOS="343" VPOS="220" WIDTH="6" HEIGHT="20" WC="0.93" CONTENT="i"/><SP WIDTH="17" VPOS="220" HPOS="349"/>
							<String ID="string_5" HPOS="366" VPOS="221" WIDTH="106" HEIGHT="19" WC="0.96" CONTENT="detsamma"/><SP WIDTH="14" VPOS="221" HPOS="472"/>
							<String ID="string_6" HPOS="486" VPOS="227" WIDTH="25" HEIGHT="12" WC="0.96" CONTENT="nu"/><SP WIDTH="16" VPOS="227" HPOS="511"/>
							<String ID="string_7" HPOS="527" VPOS="221" WIDTH="76" HEIGHT="23" WC="0.96" CONTENT="saknas,"/><SP WIDTH="15" VPOS="221" HPOS="603"/>
							<String ID="string_8" HPOS="618" VPOS="220" WIDTH="37" HEIGHT="20" WC="0.93" CONTENT="och"/><SP WIDTH="15" VPOS="220" HPOS="655"/>
							<String ID="string_9" HPOS="670" VPOS="223" WIDTH="60" HEIGHT="17" WC="0.92" CONTENT="sättes"/><SP WIDTH="15" VPOS="223" HPOS="730"/>
							<String ID="string_10" HPOS="745" VPOS="221" WIDTH="7" HEIGHT="19" WC="0.81" CONTENT="i"/><SP WIDTH="11" VPOS="221" HPOS="752"/>
							<String ID="string_11" HPOS="763" VPOS="220" WIDTH="58" HEIGHT="20" WC="0.96" CONTENT="stånd"/><SP WIDTH="10" VPOS="220" HPOS="821"/>
							<String ID="string_12" HPOS="831" VPOS="222" WIDTH="29" HEIGHT="17" WC="0.96" CONTENT="att"/>
						</TextLine>
						<TextLine ID="line_2" HPOS="108" VPOS="248" WIDTH="752" HEIGHT="25">
							<String ID="string_13" HPOS="108" VPOS="248" WIDTH="75" HEIGHT="24" WC="0.91" CONTENT="ärligen"/><SP WIDTH="19" VPOS="248" HPOS="183"/>
							<String ID="string_14" HPOS="202" VPOS="248" WIDTH="44" HEIGHT="19" WC="0.96" CONTENT="med"/><SP WIDTH="15" VPOS="248" HPOS="246"/>
							<String ID="string_15" HPOS="261" VPOS="249" WIDTH="29" HEIGHT="24" WC="0.93" CONTENT="sig"/><SP WIDTH="14" VPOS="249" HPOS="290"/>
							<String ID="string_16" HPOS="304" VPOS="248" WIDTH="100" HEIGHT="20" WC="0.92" CONTENT="införlifva"/><SP WIDTH="16" VPOS="248" HPOS="404"/>
							<String ID="string_17" HPOS="420" VPOS="249" WIDTH="37" HEIGHT="19" WC="0.96" CONTENT="den"/><SP WIDTH="14" VPOS="249" HPOS="457"/>
							<String ID="string_18" HPOS="471" VPOS="250" WIDTH="57" HEIGHT="19" WC="0.96" CONTENT="bästa"/><SP WIDTH="13" VPOS="250" HPOS="528"/>
							<String ID="string_19" HPOS="541" VPOS="250" WIDTH="36" HEIGHT="18" WC="0.96" CONTENT="och"/><SP WIDTH="16" VPOS="250" HPOS="577"/>
							<String ID="string_20" HPOS="593" VPOS="249" WIDTH="103" HEIGHT="23" WC="0.96" CONTENT="viktigaste"/><SP WIDTH="15" VPOS="249" HPOS="696"/>
							<String ID="string_21" HPOS="711" VPOS="249" WIDTH="91" HEIGHT="19" WC="0.93" CONTENT="tekniska"/><SP WIDTH="14" VPOS="249" HPOS="802"/>
							<String ID="string_22" HPOS="816" VPOS="249" WIDTH="44" HEIGHT="19" WC="0.93" CONTENT="lite-"/>
						</TextLine>
						<TextLine ID="line_3" HPOS="108" VPOS="278" WIDTH="241" HEIGHT="18">
							<String ID="string_23" HPOS="108" VPOS="279" WIDTH="56" HEIGHT="17" WC="0.91" CONTENT="ratur"/><SP WIDTH="15" VPOS="279" HPOS="164"/>
							<String ID="string_24" HPOS="179" VPOS="282" WIDTH="40" HEIGHT="14" WC="0.93" CONTENT="som"/><SP WIDTH="16" VPOS="282" HPOS="219"/>
							<String ID="string_25" HPOS="235" VPOS="278" WIDTH="114" HEIGHT="18" WC="0.90" CONTENT="utkommer."/>
						</TextLine>
					</TextBlock>
					<TextBlock ID="block_2" HPOS="109" VPOS="304" WIDTH="752" HEIGHT="77">
						<TextLine ID="line_4" HPOS="178" VPOS="304" WIDTH="682" HEIGHT="26">
							<String ID="string_26" HPOS="178" VPOS="306" WIDTH="73" HEIGHT="18" WC="0.93" CONTENT="Genom"/><SP WIDTH="15" VPOS="306" HPOS="251"/>
							<String ID="string_27" HPOS="266" VPOS="305" WIDTH="170" HEIGHT="25" WC="0.90" CONTENT="öfverläggningar"/><SP WIDTH="9" VPOS="305" HPOS="436"/>
							<String ID="string_28" HPOS="445" VPOS="306" WIDTH="51" HEIGHT="18" WC="0.93" CONTENT="inom"/><SP WIDTH="11" VPOS="306" HPOS="496"/>
							<String ID="string_29" HPOS="507" VPOS="306" WIDTH="107" HEIGHT="19" WC="0.93" CONTENT="institutets"/><SP WIDTH="10" VPOS="306" HPOS="614"/>
							<String ID="string_30" HPOS="624" VPOS="305" WIDTH="169" HEIGHT="24" WC="0.91" CONTENT="lärarekollegium"/><SP WIDTH="9" VPOS="305" HPOS="793"/>
							<String ID="string_31" HPOS="802" VPOS="304" WIDTH="58" HEIGHT="20" WC="0.92" CONTENT="hafva"/>
						</TextLine>
						<TextLine ID="line_5" HPOS="110" VPOS="332" WIDTH="751" HEIGHT="26">
							<String ID="string_32" HPOS="110" VPOS="334" WIDTH="24" HEIGHT="18" WC="0.95" CONTENT="de"/><SP WIDTH="23" VPOS="334" HPOS="134"/>
							<String ID="string_33" HPOS="157" VPOS="333" WIDTH="30" HEIGHT="19" WC="0.95" CONTENT="för"/><SP WIDTH="23" VPOS="333" HPOS="187"/>
							<String ID="string_34" HPOS="210" VPOS="334" WIDTH="57" HEIGHT="20" WC="0.92" CONTENT="dessa"/><SP WIDTH="21" VPOS="334" HPOS="267"/>
							<String ID="string_35" HPOS="288" VPOS="334" WIDTH="90" HEIGHT="20" WC="0.96" CONTENT="ändamål"/><SP WIDTH="16" VPOS="334" HPOS="378"/>
							<String ID="string_36" HPOS="394" VPOS="334" WIDTH="128" HEIGHT="24" WC="0.96" CONTENT="erforderliga"/><SP WIDTH="14" VPOS="334" HPOS="522"/>
							<String ID="string_37" HPOS="536" VPOS="334" WIDTH="71" HEIGHT="19" WC="0.96" CONTENT="minsta"/><SP WIDTH="14" VPOS="334" HPOS="607"/>
							<String ID="string_38" HPOS="621" VPOS="334" WIDTH="79" HEIGHT="24" WC="0.96" CONTENT="möjliga"/><SP WIDTH="15" VPOS="334" HPOS="700"/>
							<String ID="string_39" HPOS="715" VPOS="334" WIDTH="67" HEIGHT="24" WC="0.96" CONTENT="anslag"/><SP WIDTH="14" VPOS="334" HPOS="782"/>
							<String ID="string_40" HPOS="796" VPOS="332" WIDTH="65" HEIGHT="21" WC="0.96" CONTENT="blifvit"/>
						</TextLine>
						<TextLine ID="line_6" HPOS="109" VPOS="361" WIDTH="118" HEIGHT="20">
							<String ID="string_41" HPOS="109" VPOS="361" WIDTH="118" HEIGHT="20" WC="0.96" CONTENT="beräknade."/>
						</TextLine>
					</TextBlock>
					<TextBlock ID="block_3" HPOS="109" VPOS="390" WIDTH="753" HEIGHT="168">
						<TextLine ID="line_7" HPOS="178" VPOS="390" WIDTH="684" HEIGHT="25">
							<String ID="string_42" HPOS="178" VPOS="390" WIDTH="30" HEIGHT="19" WC="0.97" CONTENT="På"/><SP WIDTH="16" VPOS="390" HPOS="208"/>
							<String ID="string_43" HPOS="224" VPOS="391" WIDTH="62" HEIGHT="24" WC="0.96" CONTENT="grund"/><SP WIDTH="15" VPOS="391" HPOS="286"/>
							<String ID="string_44" HPOS="301" VPOS="390" WIDTH="22" HEIGHT="20" WC="0.96" CONTENT="af"/><SP WIDTH="14" VPOS="390" HPOS="323"/>
							<String ID="string_45" HPOS="337" VPOS="391" WIDTH="33" HEIGHT="19" WC="0.96" CONTENT="det"/><SP WIDTH="14" VPOS="391" HPOS="370"/>
							<String ID="string_46" HPOS="384" VPOS="397" WIDTH="25" HEIGHT="12" WC="0.96" CONTENT="nu"/><SP WIDTH="16" VPOS="397" HPOS="409"/>
							<String ID="string_47" HPOS="425" VPOS="390" WIDTH="83" HEIGHT="21" WC="0.95" CONTENT="anförda"/><SP WIDTH="14" VPOS="390" HPOS="508"/>
							<String ID="string_48" HPOS="522" VPOS="391" WIDTH="36" HEIGHT="19" WC="0.96" CONTENT="och"/><SP WIDTH="15" VPOS="391" HPOS="558"/>
							<String ID="string_49" HPOS="573" VPOS="390" WIDTH="70" HEIGHT="20" WC="0.96" CONTENT="främst"/><SP WIDTH="13" VPOS="390" HPOS="643"/>
							<String ID="string_50" HPOS="656" VPOS="391" WIDTH="44" HEIGHT="18" WC="0.96" CONTENT="med"/><SP WIDTH="14" VPOS="391" HPOS="700"/>
							<String ID="string_51" HPOS="714" VPOS="391" WIDTH="110" HEIGHT="19" WC="0.96" CONTENT="beaktande"/><SP WIDTH="15" VPOS="391" HPOS="824"/>
							<String ID="string_52" HPOS="839" VPOS="390" WIDTH="23" HEIGHT="19" WC="0.96" CONTENT="af"/>
						</TextLine>
						<TextLine ID="line_8" HPOS="110" VPOS="419" WIDTH="750" HEIGHT="25">
							<String ID="string_53" HPOS="110" VPOS="419" WIDTH="37" HEIGHT="19" WC="0.96" CONTENT="den"/><SP WIDTH="22" VPOS="419" HPOS="147"/>
							<String ID="string_54" HPOS="169" VPOS="421" WIDTH="54" HEIGHT="17" WC="0.96" CONTENT="stora"/><SP WIDTH="21" VPOS="421" HPOS="223"/>
							<String ID="string_55" HPOS="244" VPOS="422" WIDTH="56" HEIGHT="22" WC="0.77" CONTENT="nytta"/><SP WIDTH="21" VPOS="422" HPOS="300"/>
							<String ID="string_56" HPOS="321" VPOS="421" WIDTH="29" HEIGHT="18" WC="0.96" CONTENT="ett"/><SP WIDTH="22" VPOS="421" HPOS="350"/>
							<String ID="string_57" HPOS="372" VPOS="419" WIDTH="86" HEIGHT="20" WC="0.92" CONTENT="tekniskt"/><SP WIDTH="22" VPOS="419" HPOS="458"/>
							<String ID="string_58" HPOS="480" VPOS="419" WIDTH="169" HEIGHT="20" WC="0.92" CONTENT="centralbibliotek"/><SP WIDTH="22" VPOS="419" HPOS="649"/>
							<String ID="string_59" HPOS="671" VPOS="419" WIDTH="63" HEIGHT="20" WC="0.95" CONTENT="skulle"/><SP WIDTH="21" VPOS="419" HPOS="734"/>
							<String ID="string_60" HPOS="755" VPOS="419" WIDTH="73" HEIGHT="20" WC="0.96" CONTENT="bereda"/><SP WIDTH="14" VPOS="419" HPOS="828"/>
							<String ID="string_61" HPOS="842" VPOS="419" WIDTH="18" HEIGHT="24" WC="0.95" CONTENT="ej"/>
						</TextLine>
						<TextLine ID="line_9" HPOS="109" VPOS="447" WIDTH="751" HEIGHT="26">
							<String ID="string_62" HPOS="109" VPOS="447" WIDTH="75" HEIGHT="20" WC="0.95" CONTENT="mindre"/><SP WIDTH="15" VPOS="447" HPOS="184"/>
							<String ID="string_63" HPOS="199" VPOS="448" WIDTH="161" HEIGHT="25" WC="0.95" CONTENT="undervisningen"/><SP WIDTH="14" VPOS="448" HPOS="360"/>
							<String ID="string_64" HPOS="374" VPOS="448" WIDTH="32" HEIGHT="20" WC="0.93" CONTENT="vid"/><SP WIDTH="15" VPOS="448" HPOS="406"/>
							<String ID="string_65" HPOS="421" VPOS="448" WIDTH="138" HEIGHT="25" WC="0.92" CONTENT="Polytekniska"/><SP WIDTH="15" VPOS="448" HPOS="559"/>
							<String ID="string_66" HPOS="574" VPOS="448" WIDTH="97" HEIGHT="19" WC="0.96" CONTENT="institutet"/><SP WIDTH="14" VPOS="448" HPOS="671"/>
							<String ID="string_67" HPOS="685" VPOS="451" WIDTH="25" HEIGHT="17" WC="0.96" CONTENT="än"/><SP WIDTH="15" VPOS="451" HPOS="710"/>
							<String ID="string_68" HPOS="725" VPOS="449" WIDTH="37" HEIGHT="19" WC="0.96" CONTENT="ock"/><SP WIDTH="14" VPOS="449" HPOS="762"/>
							<String ID="string_69" HPOS="776" VPOS="449" WIDTH="32" HEIGHT="19" WC="0.93" CONTENT="det"/><SP WIDTH="10" VPOS="449" HPOS="808"/>
							<String ID="string_70" HPOS="818" VPOS="449" WIDTH="42" HEIGHT="18" WC="0.91" CONTENT="tek-"/>
						</TextLine>
						<TextLine ID="line_10" HPOS="109" VPOS="475" WIDTH="751" HEIGHT="26">
							<String ID="string_71" HPOS="109" VPOS="477" WIDTH="57" HEIGHT="18" WC="0.96" CONTENT="niska"/><SP WIDTH="22" VPOS="477" HPOS="166"/>
							<String ID="string_72" HPOS="188" VPOS="477" WIDTH="76" HEIGHT="19" WC="0.96" CONTENT="arbetet"/><SP WIDTH="21" VPOS="477" HPOS="264"/>
							<String ID="string_73" HPOS="285" VPOS="477" WIDTH="7" HEIGHT="19" WC="0.96" CONTENT="i"/><SP WIDTH="23" VPOS="477" HPOS="292"/>
							<String ID="string_74" HPOS="315" VPOS="477" WIDTH="45" HEIGHT="20" WC="0.96" CONTENT="hela"/><SP WIDTH="14" VPOS="477" HPOS="360"/>
							<String ID="string_75" HPOS="374" VPOS="477" WIDTH="43" HEIGHT="19" WC="0.96" CONTENT="vårt"/><SP WIDTH="14" VPOS="477" HPOS="417"/>
							<String ID="string_76" HPOS="431" VPOS="477" WIDTH="52" HEIGHT="24" WC="0.95" CONTENT="land,"/><SP WIDTH="15" VPOS="477" HPOS="483"/>
							<String ID="string_77" HPOS="498" VPOS="477" WIDTH="49" HEIGHT="24" WC="0.96" CONTENT="våga"/><SP WIDTH="14" VPOS="477" HPOS="547"/>
							<String ID="string_78" HPOS="561" VPOS="477" WIDTH="18" HEIGHT="19" WC="0.96" CONTENT="vi"/><SP WIDTH="15" VPOS="477" HPOS="579"/>
							<String ID="string_79" HPOS="594" VPOS="477" WIDTH="35" HEIGHT="19" WC="0.93" CONTENT="hos"/><SP WIDTH="15" VPOS="477" HPOS="629"/>
							<String ID="string_80" HPOS="644" VPOS="477" WIDTH="106" HEIGHT="24" WC="0.91" CONTENT="Vällofliga"/><SP WIDTH="14" VPOS="477" HPOS="750"/>
							<String ID="string_81" HPOS="764" VPOS="475" WIDTH="96" HEIGHT="26" WC="0.91" CONTENT="Borgare-"/>
						</TextLine>
						<TextLine ID="line_11" HPOS="110" VPOS="505" WIDTH="750" HEIGHT="24">
							<String ID="string_82" HPOS="110" VPOS="505" WIDTH="77" HEIGHT="19" WC="0.93" CONTENT="ståndet"/><SP WIDTH="22" VPOS="505" HPOS="187"/>
							<String ID="string_83" HPOS="209" VPOS="507" WIDTH="140" HEIGHT="18" WC="0.89" CONTENT="vördsammast"/><SP WIDTH="23" VPOS="507" HPOS="349"/>
							<String ID="string_84" HPOS="372" VPOS="505" WIDTH="78" HEIGHT="20" WC="0.91" CONTENT="anhålla"/><SP WIDTH="21" VPOS="505" HPOS="450"/>
							<String ID="string_85" HPOS="471" VPOS="512" WIDTH="30" HEIGHT="13" WC="0.93" CONTENT="om"/><SP WIDTH="23" VPOS="512" HPOS="501"/>
							<String ID="string_86" HPOS="524" VPOS="506" WIDTH="111" HEIGHT="23" WC="0.89" CONTENT="anslutning"/><SP WIDTH="21" VPOS="506" HPOS="635"/>
							<String ID="string_87" HPOS="656" VPOS="506" WIDTH="30" HEIGHT="19" WC="0.93" CONTENT="till"/><SP WIDTH="15" VPOS="506" HPOS="686"/>
							<String ID="string_88" HPOS="701" VPOS="513" WIDTH="24" HEIGHT="12" WC="0.92" CONTENT="en"/><SP WIDTH="14" VPOS="513" HPOS="725"/>
							<String ID="string_89" HPOS="739" VPOS="505" WIDTH="121" HEIGHT="24" WC="0.91" CONTENT="underdånig"/>
						</TextLine>
						<TextLine ID="line_12" HPOS="110" VPOS="533" WIDTH="573" HEIGHT="25">
							<String ID="string_90" HPOS="110" VPOS="533" WIDTH="82" HEIGHT="25" WC="0.96" CONTENT="petition"/><SP WIDTH="15" VPOS="533" HPOS="192"/>
							<String ID="string_91" HPOS="207" VPOS="535" WIDTH="22" HEIGHT="19" WC="0.96" CONTENT="af"/><SP WIDTH="13" VPOS="535" HPOS="229"/>
							<String ID="string_92" HPOS="242" VPOS="534" WIDTH="94" HEIGHT="20" WC="0.95" CONTENT="innehåll:"/><SP WIDTH="341" VPOS="534" HPOS="336"/>
							<String ID="string_93" HPOS="677" VPOS="541" WIDTH="6" HEIGHT="6" WC="0.56" CONTENT="."/>
						</TextLine>
					</TextBlock>
				</ComposedBlock>
				<ComposedBlock ID="cblock_2" HPOS="248" VPOS="591" WIDTH="613" HEIGHT="55">
					<TextBlock ID="block_4" HPOS="248" VPOS="591" WIDTH="613" HEIGHT="55">
						<TextLine ID="line_13" HPOS="315" VPOS="591" WIDTH="546" HEIGHT="26">
							<String ID="string_94" HPOS="315" VPOS="593" WIDTH="30" HEIGHT="18" WC="0.96" CONTENT="att"/><SP WIDTH="13" VPOS="593" HPOS="345"/>
							<String ID="string_95" HPOS="358" VPOS="593" WIDTH="26" HEIGHT="18" WC="0.95" CONTENT="ett"/><SP WIDTH="14" VPOS="593" HPOS="384"/>
							<String ID="string_96" HPOS="398" VPOS="593" WIDTH="68" HEIGHT="24" WC="0.96" CONTENT="anslag"/><SP WIDTH="14" VPOS="593" HPOS="466"/>
							<String ID="string_97" HPOS="480" VPOS="593" WIDTH="26" HEIGHT="24" WC="0.95" CONTENT="af"/><SP WIDTH="12" VPOS="593" HPOS="506"/>
							<String ID="string_98" HPOS="518" VPOS="592" WIDTH="79" HEIGHT="20" WC="0.96" CONTENT="tiotusen"/><SP WIDTH="11" VPOS="592" HPOS="597"/>
							<String ID="string_99" HPOS="608" VPOS="592" WIDTH="56" HEIGHT="19" WC="0.96" CONTENT="mark"/><SP WIDTH="9" VPOS="592" HPOS="664"/>
							<String ID="string_100" HPOS="673" VPOS="592" WIDTH="57" HEIGHT="19" WC="0.96" CONTENT="måtte"/><SP WIDTH="10" VPOS="592" HPOS="730"/>
							<String ID="string_101" HPOS="740" VPOS="592" WIDTH="78" HEIGHT="24" WC="0.96" CONTENT="beviljas"/><SP WIDTH="10" VPOS="592" HPOS="818"/>
							<String ID="string_102" HPOS="828" VPOS="591" WIDTH="33" HEIGHT="24" WC="0.96" CONTENT="för"/>
						</TextLine>
						<TextLine ID="line_14" HPOS="248" VPOS="620" WIDTH="613" HEIGHT="26">
							<String ID="string_103" HPOS="248" VPOS="620" WIDTH="144" HEIGHT="26" WC="0.96" CONTENT="komplettering"/><SP WIDTH="21" VPOS="620" HPOS="392"/>
							<String ID="string_104" HPOS="413" VPOS="621" WIDTH="25" HEIGHT="24" WC="0.91" CONTENT="af"/><SP WIDTH="18" VPOS="621" HPOS="438"/>
							<String ID="string_105" HPOS="456" VPOS="621" WIDTH="136" HEIGHT="24" WC="0.91" CONTENT="Polytekniska"/><SP WIDTH="19" VPOS="621" HPOS="592"/>
							<String ID="string_106" HPOS="611" VPOS="620" WIDTH="101" HEIGHT="21" WC="0.95" CONTENT="institutets"/><SP WIDTH="15" VPOS="620" HPOS="712"/>
							<String ID="string_107" HPOS="727" VPOS="621" WIDTH="86" HEIGHT="19" WC="0.96" CONTENT="bibliotek"/><SP WIDTH="15" VPOS="621" HPOS="813"/>
							<String ID="string_108" HPOS="828" VPOS="621" WIDTH="33" HEIGHT="19" WC="0.95" CONTENT="och"/>
						</TextLine>
					</TextBlock>
				</ComposedBlock>
				<ComposedBlock ID="cblock_3" HPOS="249" VPOS="677" WIDTH="612" HEIGHT="54">
					<TextBlock ID="block_5" HPOS="249" VPOS="677" WIDTH="612" HEIGHT="54">
						<TextLine ID="line_15" HPOS="315" VPOS="677" WIDTH="546" HEIGHT="26">
							<String ID="string_109" HPOS="315" VPOS="679" WIDTH="30" HEIGHT="18" WC="0.94" CONTENT="att"/><SP WIDTH="21" VPOS="679" HPOS="345"/>
							<String ID="string_110" HPOS="366" VPOS="678" WIDTH="30" HEIGHT="20" WC="0.96" CONTENT="det"/><SP WIDTH="22" VPOS="678" HPOS="396"/>
							<String ID="string_111" HPOS="418" VPOS="679" WIDTH="108" HEIGHT="19" WC="0.87" CONTENT="nuvarande:"/><SP WIDTH="21" VPOS="679" HPOS="526"/>
							<String ID="string_112" HPOS="547" VPOS="677" WIDTH="64" HEIGHT="26" WC="0.94" CONTENT="årliga"/><SP WIDTH="22" VPOS="677" HPOS="611"/>
							<String ID="string_113" HPOS="633" VPOS="678" WIDTH="86" HEIGHT="25" WC="0.95" CONTENT="anslaget"/><SP WIDTH="20" VPOS="678" HPOS="719"/>
							<String ID="string_114" HPOS="739" VPOS="677" WIDTH="34" HEIGHT="24" WC="0.96" CONTENT="för"/><SP WIDTH="13" VPOS="677" HPOS="773"/>
							<String ID="string_115" HPOS="786" VPOS="683" WIDTH="75" HEIGHT="14" WC="0.96" CONTENT="samma"/>
						</TextLine>
						<TextLine ID="line_16" HPOS="249" VPOS="706" WIDTH="386" HEIGHT="25">
							<String ID="string_116" HPOS="249" VPOS="707" WIDTH="87" HEIGHT="19" WC="0.93" CONTENT="bibliotek"/><SP WIDTH="14" VPOS="707" HPOS="336"/>
							<String ID="string_117" HPOS="350" VPOS="706" WIDTH="51" HEIGHT="25" WC="0.92" CONTENT="höjes"/><SP WIDTH="15" VPOS="706" HPOS="401"/>
							<String ID="string_118" HPOS="416" VPOS="707" WIDTH="42" HEIGHT="19" WC="0.92" CONTENT="med"/><SP WIDTH="13" VPOS="707" HPOS="458"/>
							<String ID="string_119" HPOS="471" VPOS="709" WIDTH="87" HEIGHT="17" WC="0.91" CONTENT="sextusen"/><SP WIDTH="15" VPOS="709" HPOS="558"/>
							<String ID="string_120" HPOS="573" VPOS="707" WIDTH="62" HEIGHT="19" WC="0.96" CONTENT="mark."/>
						</TextLine>
					</TextBlock>
				</ComposedBlock>
				<ComposedBlock ID="cblock_4" HPOS="178" VPOS="764" WIDTH="615" HEIGHT="84">
					<TextBlock ID="block_6" HPOS="178" VPOS="764" WIDTH="615" HEIGHT="84">
						<TextLine ID="line_17" HPOS="178" VPOS="764" WIDTH="391" HEIGHT="24">
							<String ID="string_121" HPOS="178" VPOS="764" WIDTH="123" HEIGHT="24" WC="0.96" CONTENT="Helsingfors"/><SP WIDTH="15" VPOS="764" HPOS="301"/>
							<String ID="string_122" HPOS="316" VPOS="764" WIDTH="38" HEIGHT="20" WC="0.96" CONTENT="den"/><SP WIDTH="16" VPOS="764" HPOS="354"/>
							<String ID="string_123" HPOS="370" VPOS="765" WIDTH="12" HEIGHT="19" WC="0.96" CONTENT="5"/><SP WIDTH="15" VPOS="765" HPOS="382"/>
							<String ID="string_124" HPOS="397" VPOS="764" WIDTH="95" HEIGHT="20" WC="0.96" CONTENT="Februari"/><SP WIDTH="19" VPOS="764" HPOS="492"/>
							<String ID="string_125" HPOS="511" VPOS="765" WIDTH="58" HEIGHT="19" WC="0.96" CONTENT="1897."/>
						</TextLine>
						<TextLine ID="line_18" HPOS="179" VPOS="820" WIDTH="614" HEIGHT="28">
							<String ID="string_126" HPOS="179" VPOS="820" WIDTH="21" HEIGHT="22" WC="0.87" CONTENT="C."/><SP WIDTH="16" VPOS="820" HPOS="200"/>
							<String ID="string_127" HPOS="216" VPOS="820" WIDTH="20" HEIGHT="21" WC="0.95" CONTENT="E."/><SP WIDTH="17" VPOS="820" HPOS="236"/>
							<String ID="string_128" HPOS="253" VPOS="820" WIDTH="112" HEIGHT="28" WC="0.96" CONTENT="Holmberg."/><SP WIDTH="278" VPOS="820" HPOS="365"/>
							<String ID="string_129" HPOS="643" VPOS="820" WIDTH="34" HEIGHT="22" WC="0.93" CONTENT="Th."/><SP WIDTH="14" VPOS="820" HPOS="677"/>
							<String ID="string_130" HPOS="691" VPOS="820" WIDTH="102" HEIGHT="27" WC="0.60" CONTENT="Tallgvist."/>
						</TextLine>
					</TextBlock>
				</ComposedBlock>
			</PrintSpace>
		</Page>
	</Layout>
</alto>
