1106 1817
206 129 55 20 1200
372 135 96 17 Svenska
480 135 38 16 och
530 134 68 17 finska
610 134 100 21 språkens
723 134 142 21 likställighet.
943 135 21 17 17
977 135 46 20 maj.

205 203 57 20 detta
283 202 176 27 utomordentliga
473 204 89 20 intresse
577 203 33 20 för
624 203 36 21 det
674 203 97 21 officiella
786 202 83 28 språket
884 203 58 21 såväl
957 202 12 21 å
983 209 40 15 ena

204 237 46 15 som
265 231 13 20 å
293 231 41 21 den
357 231 64 20 andra
441 231 64 21 sidan.
535 232 41 26 Jag
590 231 38 21 har
643 231 23 21 så
681 232 84 26 mycket
780 231 81 21 mindre
877 232 80 20 kunnat
971 232 52 20 fatta

205 260 62 26 detta,
285 266 45 14 som
353 259 35 21 det
410 259 65 21 måste
498 266 49 14 vara
562 266 45 14 mer
622 260 51 20 eller
687 260 83 20 mindre
784 260 55 20 klart
853 260 32 20 för
900 260 80 21 enhvar
993 261 30 19 att

205 288 26 27 på
246 288 57 20 detta
318 288 86 20 område
419 288 60 27 ringa
493 289 66 20 utsikt
573 288 113 21 förefinnes
708 289 32 20 för
755 290 30 18 att
798 288 27 21 H.
841 288 27 21 M.
884 288 53 21 skall
952 289 71 27 afsäga

203 317 33 27 sig
251 317 46 20 sina
312 316 127 26 rättigheter.
461 316 49 22 Man
526 317 38 21 har
578 319 70 19 svarat
662 317 44 27 mig
720 319 30 19 att
765 317 35 20 det
814 319 23 19 är
849 323 26 14 en
886 317 137 27 kulturfråga,

204 347 30 18 att
256 345 35 20 det
313 345 68 26 ligger
402 344 44 21 vikt
467 346 27 26 på
516 348 29 18 att
560 346 26 20 de
602 346 64 26 högre
680 345 174 21 ämbetsmännen
869 346 27 26 på
911 346 57 20 detta
983 348 40 18 sätt

202 373 60 21 skola
277 373 20 21 få
308 380 26 14 en
350 373 92 27 språklig
457 374 114 27 omdaning
586 374 38 20 och
640 374 121 26 därigenom
776 374 26 20 de
817 374 68 20 finska
900 374 123 27 språksträf-

203 402 98 20 vandena
322 402 112 27 kraftigare
457 404 26 19 än
499 402 73 21 hittills
587 402 55 21 föras
657 402 80 21 framåt.
766 402 37 21 Ett
817 402 206 27 guvernörsämbete,

203 436 26 15 en
246 430 147 27 öfverstyrelse
415 431 42 20 kan
475 431 116 20 emellertid
606 431 46 20 icke
667 432 7 19 i
690 431 58 26 fråga
764 438 33 13 om
814 431 40 21 den
869 431 68 21 finska
952 431 70 20 kultu-

202 465 49 15 rens
273 459 121 27 utveckling
416 459 63 21 hafva
498 459 24 22 sä
540 460 84 27 mycket
639 461 29 19 att
683 459 83 27 betyda.
795 459 33 21 En
843 460 54 21 enda
912 459 111 22 skriftstäl-

202 487 44 22 lare
261 488 27 27 på
302 488 68 21 finska
385 488 89 27 språket,
494 490 29 19 ett
537 491 47 24 nytt
599 488 164 27 tidningsorgan,
778 488 32 21 för
825 491 29 18 att
869 489 46 20 icke
931 488 42 21 tala
988 495 34 14 om

203 516 41 21 den
260 516 21 21 af
295 519 32 18 tre
342 516 60 21 stånd
418 517 38 20 och
473 517 20 20 af
508 517 35 20 det
555 517 66 27 fjärde
631 517 6 20 i
648 516 123 21 modifierad
781 517 53 20 form
846 517 113 27 tillstyrkta
971 517 51 27 peti-

201 545 74 21 tionen
290 551 33 14 om
340 545 73 27 anslag
433 545 33 20 för
481 552 27 14 en
523 545 99 28 tidsenlig
635 545 55 21 finsk
712 547 66 19 teater
792 546 7 20 i
814 546 163 26 hufvudstaden,
993 546 29 21 alt

201 573 58 21 detta
280 573 38 21 har
333 575 29 20 att
377 573 78 27 betyda
470 574 96 27 ofantligt
581 574 85 27 mycket
680 581 58 14 mera
752 575 7 20 i
774 574 58 27 fråga
848 581 33 14 om
898 575 42 20 den
953 574 68 21 finska

201 602 111 21 kulturens
330 603 122 27 utveckling
467 605 26 18 än
508 603 40 21 den
565 603 181 27 omständigheten
762 605 31 19 att
808 609 26 14 en
849 605 106 26 guvernör
970 603 52 20 eller

201 630 32 21 till
256 631 39 21 och
318 631 47 20 med
388 637 27 14 en
436 635 84 17 senator
540 631 33 21 får
596 631 145 21 underskrifva
761 634 30 19 ett
805 632 64 27 något
883 634 66 19 större
965 632 56 20 antal

200 659 69 21 finska
290 660 145 27 resolutioner,
458 662 24 18 än
507 661 35 20 det
564 661 57 20 antal
639 660 41 21 han
696 661 7 20 i
718 660 41 21 alla
773 660 37 21 fall
826 661 67 20 skulle
908 661 21 20 få
944 660 77 21 under-

201 687 79 22 skrifva
301 688 122 27 därigenom
439 690 30 19 att
483 689 54 20 finsk
553 691 45 25 part
610 689 56 26 finge
676 689 56 20 finsk
744 689 127 27 expedition.
893 689 73 26 Enligt
977 689 42 20 min

201 717 63 20 tanke
287 717 53 21 hade
363 717 35 21 det
420 717 54 21 varit
495 717 36 22 det
553 717 75 28 riktiga
643 717 7 20 i
665 717 69 21 denna
749 718 37 20 sak
802 719 29 20 att
846 717 70 27 återgå
932 718 31 20 till
979 717 39 22 den

201 745 149 28 ursprungliga
369 746 115 27 petitionen
500 747 39 20 och
554 747 91 20 utesluta
660 747 124 26 stadgandet
800 753 33 14 om
849 746 171 27 ämbetsspråket,

201 773 27 22 då
243 775 6 20 i
265 775 74 26 själfva
362 775 72 21 värket
456 775 111 27 tillräcklig
585 775 180 28 samstämmighet
779 775 54 21 hade
848 775 81 21 funnits
944 776 32 20 för
991 778 30 19 att

200 809 27 15 en
242 804 94 27 petition,
359 804 61 20 äfven
441 804 121 27 detaljerad,
577 804 68 21 skulle
660 804 62 21 hafva
738 804 81 21 kunnat
833 804 31 21 till
879 804 60 21 Hans
955 804 64 27 Maje-

199 833 42 19 stät
260 833 109 20 inlämnas.
399 832 50 21 Men
471 833 35 20 det
526 835 23 19 är
570 833 46 21 icke
638 833 67 27 någon
722 833 67 21 utsikt
801 833 32 21 för
848 835 29 19 att
891 834 128 20 härutinnan

200 861 73 20 kunna
295 861 144 21 åstadkomma
460 861 64 28 nödig
541 862 105 26 majoritet
662 861 39 21 och
716 862 35 21 det
766 864 23 18 är
804 861 34 21 vid
854 862 74 21 sådant
943 861 76 21 förhål-

200 889 63 20 lande
278 890 65 26 enligt
358 890 44 20 min
417 890 64 21 tanke
497 890 35 21 det
546 891 75 26 riktiga
636 892 30 19 att
681 890 72 21 förena
768 891 32 26 sig
816 897 33 14 om
865 891 24 20 hr
901 890 64 21 Lilles
978 891 41 20 för-

199 917 52 27 slag,
267 918 80 27 gående
363 920 23 19 ut
401 918 26 27 på
442 921 29 18 att
487 919 113 27 petitionen
616 918 68 21 skulle
698 921 104 24 utmynna
812 919 7 20 i
831 925 27 14 en
868 919 78 20 allmän
957 919 61 20 kläm.

200 945 42 22 Det
262 947 68 20 finnes
345 947 126 27 tillräckligt,
493 947 85 21 hvarom
594 948 118 26 ständerna,
728 947 66 21 delvis
809 948 46 27 fyra
870 947 67 27 stånd,
953 947 66 21 delvis

199 975 127 21 åtminstone
348 978 31 18 tre
401 975 68 28 stånd,
491 976 62 20 hafva
574 976 81 21 förenat
677 976 31 26 sig
722 976 8 20 i
744 976 44 27 sak,
802 976 33 21 för
849 978 30 19 att
894 976 56 21 detta
965 975 53 22 skall

200 1005 75 25 utgöra
290 1004 113 27 tillräcklig
417 1005 68 26 grund
501 1004 31 21 för
548 1004 97 21 anhållan
661 1011 34 14 om
710 1011 26 14 en
752 1005 134 27 proposition.
916 1004 50 21 Man
981 1005 38 20 har

199 1032 123 27 visserligen
338 1035 46 24 sagt
399 1035 30 18 att
444 1033 35 20 det
493 1033 46 21 icke
555 1039 49 15 vore
620 1033 228 21 öfverensstämmande
864 1033 48 21 med
925 1033 93 21 ständer-

199 1067 38 14 nas
261 1061 109 26 värdighet
385 1063 30 19 att
430 1062 26 26 gå
471 1062 20 20 in
507 1062 49 21 med
572 1069 24 14 en
614 1062 86 20 allmänt
715 1062 70 20 hållen
800 1062 93 27 petition,
907 1069 30 13 nu
953 1062 64 21 sedan

199 1089 36 21 det
249 1089 54 21 visat
318 1090 32 27 sig
365 1092 29 19 att
409 1091 136 26 meningarna
560 1091 44 27 gått
619 1091 71 20 åtskils
705 1091 7 20 i
728 1091 92 26 detaljer.
841 1090 64 21 Detta
919 1093 23 18 är
955 1091 62 20 emel-

199 1117 62 22 lertid
275 1120 30 19 ett
320 1119 171 26 betraktelsesätt,
507 1126 44 14 som
568 1119 125 28 näppeligen
708 1119 40 21 kan
764 1119 78 21 skattas
857 1119 93 22 särdeles
962 1120 55 26 högt.

198 1147 31 26 Ty
245 1153 34 14 om
295 1147 34 21 det
344 1147 46 21 icke
406 1154 49 14 vore
471 1148 228 21 öfverensstämmande
714 1148 48 21 med
775 1149 122 20 ständernas
910 1147 108 28 värdighet

197 1177 31 19 att
249 1175 24 21 så
294 1175 83 27 förfara,
399 1176 23 20 så
436 1176 67 27 ligger
518 1177 35 20 det
568 1177 98 26 ovärdiga
682 1177 30 20 uti
727 1177 40 20 den
783 1177 126 26 föregående
924 1177 93 20 behand-

197 1203 79 27 lingen,
292 1205 30 19 uti
343 1204 35 20 det
393 1206 44 25 sätt,
453 1205 26 26 på
494 1205 79 20 hvilket
588 1205 70 20 denna
672 1205 87 26 petition
775 1205 32 20 till
822 1211 25 14 en
863 1205 73 26 början
952 1207 65 18 emot-

197 1234 52 24 togs,
272 1233 39 20 och
331 1233 35 20 det
381 1235 45 24 sätt,
441 1239 46 14 som
501 1233 33 20 för
549 1233 62 27 öfrigt
626 1233 37 20 har
678 1233 88 20 kommit
780 1233 31 20 till
827 1233 83 26 uttryck
926 1233 35 20 vid
976 1233 40 20 frå-

197 1266 54 20 gans
269 1260 71 21 vidare
356 1261 156 27 handläggning
527 1261 7 21 i
550 1262 100 20 utskottet
665 1262 40 20 och
719 1261 38 21 hos
772 1263 118 19 ständerna.
920 1261 41 21 Det
976 1261 40 20 kan

197 1289 24 26 ju
236 1289 47 20 icke
298 1289 85 21 komma
395 1290 6 19 i
417 1289 58 26 fråga
490 1290 32 20 för
536 1296 27 14 en
578 1289 164 28 representation
759 1292 29 19 att
803 1291 107 26 gentemot
924 1290 92 27 regerin-

197 1323 40 20 gen
253 1317 84 21 försöka
352 1317 134 28 hemlighålla
501 1319 54 20 hvad
571 1325 45 14 som
631 1318 58 21 inom
704 1319 192 26 representationen
912 1318 104 21 förefallit.

197 1345 40 20 Om
261 1346 113 20 ständerna
396 1346 70 20 därför
489 1347 81 19 besluta
592 1347 31 25 sig
645 1347 32 19 för
695 1353 26 13 en
742 1347 87 19 allmänt
843 1347 71 19 hållen
928 1347 87 25 petition

197 1372 68 20 under
280 1372 41 21 den
336 1373 149 27 förutsättning
500 1376 29 18 att
543 1373 161 28 propositionen,
720 1374 70 20 därest
804 1374 41 20 den
860 1373 31 21 till
904 1374 112 20 ständerna

196 1400 145 28 öfverlämnas,
364 1402 41 19 kan
427 1402 56 26 gifva
499 1402 114 27 anledning
628 1402 31 20 till
674 1408 27 14 en
713 1404 65 19 större
795 1396 183 37 samstämmighet,
993 1402 23 20 sä

196 1429 42 21 kan
252 1429 35 28 jag
303 1429 125 22 åtminstone
443 1430 47 21 icke
504 1430 58 21 finna
577 1432 64 19 annat
656 1433 27 18 än
698 1433 30 19 att
742 1431 45 21 däri
801 1431 67 27 ligger
878 1432 30 20 ett
916 1431 99 21 fullkom-

196 1458 39 26 ligt
256 1458 84 21 korrekt
362 1458 173 28 tillvägagående.
566 1459 28 21 Vi
613 1459 59 21 skola
687 1460 107 20 dessutom
810 1460 83 21 komma
908 1460 7 20 i
930 1460 41 27 håg
985 1461 30 19 att

196 1487 174 22 nästkommande
385 1487 101 27 landtdag
499 1488 46 21 icke
560 1490 24 19 är
598 1488 122 22 densamma
735 1495 44 15 som
796 1489 73 21 denna.
900 1488 27 21 Vi
943 1489 72 20 kunna

196 1516 24 27 ju
229 1516 116 27 ingalunda
355 1523 88 15 ansvara
453 1517 33 20 för
496 1518 29 20 att
536 1518 28 20 ett
576 1524 26 14 en
613 1517 92 28 följande
715 1518 101 28 landtdag
825 1518 38 20 har
874 1518 49 21 fullt
934 1524 80 14 samma
