1103 1786
77 123 16 18 8
105 124 47 20 maj.
302 123 135 17 Kommunala
448 125 94 20 uppdrag
553 124 32 17 för
597 124 82 17 kvinna.
859 118 43 21 959

80 190 109 22 anförtros.
213 190 47 22 Om
279 190 172 28 borgareständet
469 192 7 20 i
494 192 57 21 detta
566 192 99 21 afseende
681 193 23 20 är
718 198 51 15 ense
784 198 34 15 om
833 198 68 15 reser-

81 220 105 25 vationen,
206 219 23 21 så
248 221 23 18 är
290 219 83 21 ståndet
387 220 33 20 för
433 220 64 27 ingen
513 220 34 21 del
562 220 160 27 inkonsekvent,
738 220 26 20 då
779 220 83 21 ståndet
876 221 24 27 ju

80 250 14 18 t.
120 254 33 14 ex.
175 247 8 20 i
200 247 59 27 fråga
274 254 34 14 om
323 248 231 28 förmyndareuppdrag
569 250 55 20 emot
640 250 29 20 ett
683 248 96 27 yrkande
793 249 7 20 i
815 250 88 20 motsatt

79 276 94 26 riktning
188 275 141 28 uttryckligen
351 276 95 21 vidhållit
467 276 161 27 uppfattningen
647 283 33 15 om
696 276 105 22 kvinnans
815 279 41 19 rätt
871 280 29 18 att

80 304 71 27 afsäga
167 303 31 28 sig
213 303 79 22 sådana
306 305 101 26 uppdrag.
436 304 42 27 Jag
493 304 36 21 vill
545 307 77 18 nämna
638 306 28 19 att
681 305 34 27 jag
730 305 37 20 här
783 311 34 14 om
833 305 68 27 dagen

80 332 115 21 samtalade
210 332 7 21 i
232 332 57 21 detta
304 335 61 18 ämne
380 332 48 21 med
444 339 26 14 en
486 339 43 21 ung
545 333 55 27 dam,
615 339 44 15 som
674 333 123 21 förmenade
813 335 30 19 att
852 333 48 21 hela

81 361 56 21 detta
159 361 133 21 betänkande
315 361 74 21 endast
411 368 37 14 var
470 368 26 14 en
516 368 75 21 gemen
610 361 131 28 tillställning
759 362 21 20 af
795 362 106 26 herrarne,

80 390 77 27 hvilka,
178 390 113 21 uttröttade
310 390 20 20 af
351 389 201 29 kvinnosaksfrågan
570 390 38 21 och
626 390 88 21 emedan
730 390 65 27 några
810 390 91 21 kvinnor

80 418 151 27 efterlängtade
252 418 137 21 kommunala
411 419 101 27 uppdrag,
537 419 86 20 beslutit
641 418 73 28 ålägga
729 419 60 20 dessa
806 419 96 26 uppdrag

80 447 41 21 alla
138 447 91 20 kvinnor
244 447 68 20 såsom
327 449 29 19 ett
366 446 69 28 tvång,
445 447 80 21 hvilket
540 447 25 21 de
575 447 47 21 icke
632 447 71 21 kunde
713 447 138 27 undandraga
862 447 39 27 sig.

149 475 40 21 Om
204 481 48 14 man
269 475 116 21 emellertid
400 477 37 25 gär
452 477 23 19 ut
489 475 47 22 från
552 475 136 28 synpunkten
701 477 30 19 att
740 475 94 21 kvinnan
846 475 53 21 skall

80 510 39 20 ega
134 505 41 20 rätt
189 505 30 19 att
234 504 70 27 afsäga
319 504 32 27 sig
365 504 136 21 kommunala
516 504 101 27 uppdrag,
632 503 23 22 så
669 504 63 27 följer
746 504 59 21 däraf
818 505 29 20 att
857 505 42 20 hon

79 533 48 20 icke
147 532 42 21 kan
207 532 65 28 väljas
289 532 31 21 till
335 534 30 20 ett
379 533 86 26 treårigt
479 533 91 26 mandat,
585 533 31 20 för
632 533 62 20 hvars
709 532 114 21 utdelande
835 535 65 18 samt-

80 561 42 27 liga
148 561 172 27 röstberättigade
341 561 137 20 medlemmar
498 568 27 14 en
547 561 56 28 gång
625 561 79 28 årligen
731 561 170 21 sammankallas.

79 590 51 21 Men
145 590 36 20 det
195 591 24 19 är
232 589 46 22 icke
294 589 70 21 denna
378 589 96 21 formella
490 590 159 27 omständighet,
665 596 45 14 som
725 589 33 21 för
768 590 45 27 mig
823 591 23 19 är
859 590 41 20 den

79 618 171 26 bestämmande
243 614 11 37 ;
269 618 47 21 icke
330 618 67 21 häller
411 618 37 21 vill
462 618 36 28 jag
512 619 8 20 i
535 619 57 21 detta
606 618 99 22 afseende
717 618 74 21 förena
805 619 44 27 mig
864 625 34 14 om

79 649 170 19 reservanternas
268 648 131 26 motivering,
421 650 22 24 ty
464 648 85 20 hvarför
570 647 69 21 skulle
660 647 45 21 icke
721 647 94 21 kvinnan
829 648 70 26 lämpa

79 676 32 27 sig
133 676 32 21 för
185 676 102 27 offentligt
308 676 150 28 uppträdande.
488 676 49 22 Icke
552 676 66 22 häller
633 675 37 22 vill
684 676 35 27 jag
734 676 59 27 påstå
808 678 30 19 att
852 676 46 21 icke

78 705 95 21 kvinnan
188 704 68 22 skulle
271 704 62 22 hafva
349 704 40 22 den
405 705 76 27 nödiga
496 705 151 27 kompetensen
659 705 7 20 i
676 704 77 28 många
763 704 43 26 fall,
818 704 82 22 kanske

78 734 39 20 har
134 734 42 21 hon
198 734 98 20 stundom
312 740 25 15 en
353 733 150 22 vidsträcktare
519 734 123 27 kompetens
658 735 26 19 än
699 733 50 21 flere
765 733 64 21 bland
845 734 55 27 dem,

79 769 45 14 som
140 762 79 22 erhålla
234 762 56 21 detta
306 762 99 28 uppdrag.
430 762 49 21 Men
495 761 322 28 stadsfullmäktiginstitutionen
831 762 69 21 skulle

78 791 78 21 förlora
178 791 31 21 sin
230 791 122 21 nuvarande
374 790 102 28 karaktär,
492 798 34 13 om
548 790 93 22 kvinnan
657 790 68 21 skulle
743 790 90 28 inväljas
848 790 51 28 däri,

79 820 39 20 och
133 820 36 27 jag
183 821 23 19 är
220 819 101 27 tämligen
336 819 122 27 öfvertygad
474 826 34 14 om
524 821 30 20 att
568 825 49 15 man
634 819 125 21 åtminstone
774 819 7 20 i
794 819 26 21 de
833 820 67 20 större

79 848 104 26 städerna,
205 848 64 21 sedan
285 854 27 15 en
327 848 119 26 ständerlag
461 848 6 20 i
484 850 70 19 ämnet
569 854 27 15 en
611 847 55 27 gång
681 847 88 21 kommit
784 848 32 20 till
831 847 67 27 stånd,

79 876 63 21 också
157 876 53 21 skall
225 882 22 15 se
262 876 33 27 sig
310 876 109 21 föranledd
435 878 29 19 att
479 876 93 27 tillämpa
588 876 70 20 denna
671 876 40 26 lag.
741 876 73 20 Såsom
831 876 67 27 sagdt,

79 905 34 27 jag
129 908 43 18 tror
187 907 29 19 att
229 904 369 27 stadsfullmäktigrepresentationen
609 903 68 22 skulle
688 904 98 21 förändra
796 905 103 26 karaktär,

78 933 90 22 likasom
183 935 51 20 utan
250 933 73 22 tvifvel
337 933 172 27 borgareståndet
523 933 68 21 skulle
605 933 99 21 förändra
719 933 102 27 karaktär,
833 939 34 14 om
877 933 22 20 vi

78 963 8 19 i
101 963 49 20 våra
165 962 34 21 led
215 962 53 21 hade
283 964 31 19 ett
328 962 57 21 antal
400 961 95 21 kvinnor.
521 961 41 22 Det
577 961 42 21 kan
634 961 69 21 hända
718 963 30 19 att
760 961 35 21 det
809 968 50 14 vore
872 968 26 14 en

78 991 123 27 förändring
219 991 30 20 till
266 991 35 21 det
316 991 72 26 bättre,
403 996 48 15 men
468 997 26 14 en
509 990 123 27 förändring
647 996 49 14 vore
712 990 40 21 det.
781 990 41 27 Jag
837 996 62 15 anser

78 1021 31 20 att
130 1019 21 21 vi
171 1019 45 21 haft
234 1019 121 27 tillräckligt
377 1019 48 20 med
445 1019 101 21 reformer
565 1018 27 28 på
610 1019 56 20 detta
687 1018 86 21 område
788 1019 35 20 vid
838 1019 62 20 inne-

80 1048 90 21 varande
185 1047 106 28 landtdag,
307 1048 61 21 äfven
385 1049 50 18 utan
451 1049 30 19 att
495 1049 47 26 taga
550 1051 24 17 ut
581 1049 67 25 steget
656 1047 19 20 så
685 1046 64 28 långt.
765 1046 48 21 Mitt
820 1047 78 26 förslag

79 1078 22 19 är
111 1077 70 20 därför
192 1078 29 19 att
227 1076 141 21 betänkandet
379 1075 160 22 äterremitteras
550 1076 31 21 till
592 1075 101 21 utskottet
702 1075 32 21 för
744 1077 30 19 att
784 1075 114 21 omformu-

78 1105 55 21 leras
148 1105 6 20 i
171 1105 35 21 det
220 1105 55 27 syfte
290 1106 30 19 att
335 1104 78 21 kvinna
428 1104 102 21 förklaras
545 1104 72 21 valbar
631 1103 32 22 till
678 1103 93 22 ledamot
786 1104 5 20 i
802 1104 97 20 kommu-

78 1133 48 21 nala
142 1133 126 27 bestyrelser
283 1133 39 21 och
333 1133 133 27 direktioner,
477 1133 53 21 dock
541 1133 48 21 med
600 1134 40 19 rätt
651 1132 32 21 för
693 1132 80 21 kvinna
782 1134 30 19 att
824 1132 74 21 sådant

79 1162 94 28 uppdrag
189 1162 32 27 sig
235 1162 76 27 afsäga.

146 1218 33 22 Hr
193 1218 134 28 Jusélius,
341 1218 175 22 Ferdinand:
546 1218 45 21 Min
606 1217 130 28 ståndpunkt
750 1218 7 20 i
771 1217 74 27 frågan
861 1224 39 14 var

77 1248 36 27 jag
127 1247 8 20 i
149 1247 81 22 tillfälle
242 1249 29 19 att
285 1247 38 20 här
337 1253 35 15 om
387 1247 68 28 dagen
470 1247 121 27 framlägga,
607 1246 27 21 då
648 1245 249 28 förmynderskapslagen

78 1276 149 26 behandlades,
247 1276 39 21 och
300 1282 62 15 anser
376 1276 35 27 jag
426 1276 43 27 mig
484 1275 70 21 därför
568 1275 46 22 icke
630 1275 89 21 behöfva
733 1275 87 26 tillägga
834 1275 64 26 något

78 1305 77 21 vidare.
182 1304 100 21 Däremot
297 1304 41 21 kan
353 1304 36 27 jag
403 1304 47 21 icke
464 1304 71 21 lämna
550 1303 74 28 osagdt
639 1305 30 20 att
678 1303 41 21 den
729 1303 55 20 form
796 1303 102 20 utskottet

78 1333 61 27 gifvit
161 1333 36 20 sitt
217 1333 132 21 betänkande
366 1332 47 21 icke
428 1332 160 21 tillfredsställer
603 1332 49 27 mig.
681 1331 42 27 Jag
736 1331 55 21 hade
806 1331 33 21 för
853 1331 45 20 min

78 1361 35 21 del
134 1361 67 21 hällre
223 1363 40 19 sett
284 1363 30 19 att
335 1361 106 26 utskottet,
463 1361 7 20 i
493 1361 69 20 stället
581 1361 33 20 för
629 1360 40 21 den
685 1360 115 27 högtidliga
815 1359 84 28 prokla-

77 1390 87 26 mation,
188 1396 44 15 som
254 1390 101 27 utskottet
372 1389 93 27 föreslår,
486 1389 110 21 inskränkt
615 1389 33 27 sig
662 1389 32 20 till
709 1389 41 21 den
766 1390 69 25 utväg,
851 1394 45 14 som

78 1419 35 19 hrr
139 1418 60 27 Hjelt
220 1418 38 20 och
280 1419 107 19 Åkerman
410 1418 98 25 förordat,
532 1417 107 26 nämligen
654 1419 29 18 att
698 1417 26 26 pä
739 1417 46 19 sina
800 1417 74 19 ställen
890 1416 7 18 i

79 1445 185 28 kommunallagen
291 1445 96 26 borttaga
412 1445 89 20 hindren
526 1445 32 20 för
585 1444 104 21 kvinnans
714 1444 113 21 valbarhet.
864 1443 34 20 Då

78 1474 101 22 utskottet
201 1473 116 22 emellertid
340 1474 71 20 funnit
433 1479 26 15 en
478 1479 69 15 annan
563 1473 53 21 form
632 1472 128 28 lämpligare,
775 1472 41 20 kan
831 1471 67 21 saken
