1106 1803
196 125 55 22 1280
487 132 230 21 Järnvägsbyggnader.
932 133 23 16 21
967 133 46 19 maj.

197 200 68 20 banan
282 202 22 18 är
319 200 63 28 ingen
398 200 23 21 så
436 207 55 21 noga
506 201 115 21 undersökt
636 207 46 14 som
696 200 81 21 Iisalmi
792 200 74 21 banan.
896 200 41 27 Jag
947 207 67 20 anser,

196 228 27 21 då
244 229 126 27 fivansläget
386 231 22 18 är
423 229 74 21 sådant
513 236 44 14 som
573 229 35 21 det
623 231 28 25 är,
667 229 34 21 det
716 229 46 21 icke
778 236 49 14 vara
842 229 70 26 någon
927 229 44 21 risk
985 231 30 19 att

193 257 98 27 förlänga
313 257 84 27 Kuopio
419 258 68 20 banan
510 258 31 20 till
563 258 80 20 Jisalmi
665 258 38 20 och
726 258 70 20 lämna
811 258 26 26 på
853 258 70 20 vidare
939 258 75 20 under-

196 286 116 26 sökningar
334 286 105 21 beroende
462 286 104 21 huruvida
587 286 41 21 den
644 286 52 20 skall
712 286 75 27 dragas
802 286 31 20 till
848 286 82 26 Kajana
945 286 69 20 såsom

196 314 124 28 smalspårig
342 314 52 22 eller
415 314 99 28 möjligen
537 315 75 27 dragas
633 314 21 21 åt
667 315 106 26 nordväst,
789 314 26 21 då
830 314 183 28 undersökningen

196 343 77 21 hunnit
293 343 96 27 vidtagas
411 350 33 13 om
468 350 26 13 en
517 343 97 21 eventuel
637 343 155 20 transitotrafik.
822 343 41 26 Jag
878 345 43 18 tror
935 345 31 18 att
980 344 35 20 det

196 372 55 26 gjort
273 373 29 20 ett
320 372 80 26 ganska
414 371 65 26 dåligt
493 372 84 26 intryck
592 372 7 19 i
614 371 72 21 landet
701 374 30 19 att
745 372 46 21 icke
807 371 112 21 ständerna
935 372 80 20 kunnat

196 406 51 15 enas
270 407 34 14 om
327 400 76 21 beslut.
417 400 6 21 i
447 400 78 28 viktiga
542 400 173 27 järnvägsfrågor.
745 400 49 21 Man
809 400 38 21 har
862 401 51 25 tagit
928 407 45 14 som
989 407 25 14 en

195 429 72 27 gifven
290 429 36 20 sak
346 431 35 25 att,
396 431 57 19 utom
469 429 132 26 Mäntyluoto
617 429 39 21 och
670 429 81 20 Torneå
765 429 100 26 banorna,
881 429 60 20 äfven
958 429 57 20 kust-

198 458 68 20 banan
288 458 40 20 och
351 464 26 14 en
400 458 82 27 nordlig
506 458 52 21 bana
582 457 69 21 skulle
666 457 85 28 byggas.
782 457 39 22 Om
837 457 26 21 de
879 457 136 21 ekonomiska

195 486 161 21 förhållandena
380 486 67 21 skulle
473 487 52 20 varit
549 486 84 27 sådana,
659 489 28 18 att
713 487 60 20 dessa
793 487 66 20 banor
873 487 46 20 icke
935 486 80 21 kunnat

197 515 86 27 byggas,
303 515 53 21 hade
372 515 111 21 ständerna
499 515 53 21 varit
567 515 116 20 ursäktade.
713 515 50 21 Men
779 515 25 21 de
820 517 35 18 äro
871 515 35 20 det
921 515 53 27 icke,
989 515 26 20 då

196 543 36 21 det
254 544 74 20 endast
350 545 22 19 är
394 544 188 27 partigruppering,
601 549 45 15 som
663 543 89 22 dikterat
767 543 102 21 besluten.
899 544 41 26 Jag
954 550 62 14 anser

196 571 71 21 därför
291 574 29 19 att
346 574 29 19 ett
400 572 68 20 försök
492 573 31 20 till
545 572 204 27 sammanjämkning
771 573 6 19 i
796 572 41 21 alla
851 572 112 21 händelser
978 571 38 21 bör

195 606 41 21 ega
250 607 53 14 rum.

265 657 32 21 Hr
315 657 151 26 Federley:
482 657 33 21 Då
529 658 34 27 jag
579 657 86 26 deltagit
675 657 7 20 i
692 657 210 27 järnvägsutskottets
911 664 103 14 samman-

195 686 206 27 jämkningsförslag,
417 686 38 21 ber
468 687 35 26 jag
518 689 30 18 att
562 686 21 21 få
598 685 110 22 framhålla
723 686 36 21 det
772 686 36 27 jag
823 685 32 22 för
870 686 43 21 min
929 686 35 21 del
979 692 36 15 an-

196 721 34 14 ser
253 715 55 21 detta
330 715 79 27 förslag
431 721 49 14 vara
503 715 34 21 det
553 715 54 21 enda
621 715 83 25 riktiga,
719 721 45 14 som
780 715 21 20 af
815 715 200 27 järnvägsutskottet

196 744 38 20 har
254 744 82 20 kunnat
357 743 130 27 framläggas.
518 744 39 20 Om
572 744 35 26 jag
623 742 39 22 ock
676 744 67 20 måste
759 743 88 26 beklaga
862 746 29 18 att
907 743 108 21 resultatet

197 772 41 21 kan
254 772 64 21 blifva
334 772 79 26 sådant,
428 778 45 14 som
489 772 35 21 det
539 778 64 20 synes
617 772 49 20 hota
681 774 30 18 att
726 772 71 27 blifva,
808 772 51 21 eller
869 774 29 18 att
907 772 108 27 järnvägs-

197 801 122 27 byggandet
333 801 7 20 i
355 800 72 22 landet
442 800 95 21 kommer
552 803 30 19 att
596 800 124 21 inskränkas
735 801 31 20 till
782 803 29 19 ett
826 801 111 20 minimum
948 801 67 21 under

196 830 42 20 den
261 829 119 21 stundande
401 829 176 27 finansperioden,
592 830 41 20 kan
648 830 35 26 jag
698 830 53 20 dock
767 830 32 20 för
814 830 43 20 min
873 829 32 21 del
922 829 46 21 icke
983 832 31 18 tro

195 860 31 19 att
250 858 69 27 någon
343 858 70 20 vidare
437 858 205 27 sammanjämkning
657 858 53 20 skall
726 857 72 21 kunna
812 858 80 27 lyckas.
923 858 41 27 Jag
978 858 38 21 har

196 887 55 20 dock
273 887 110 27 ingenting
405 888 56 19 emot
483 889 29 18 att
533 889 30 18 ett
577 886 75 22 sådant
666 886 70 21 försök
751 889 61 25 göres
827 887 40 21 och
882 887 37 20 ber
934 887 25 27 på
975 887 38 21 den

195 916 70 26 grund
281 917 30 19 att
324 915 22 20 få
362 915 127 21 understöda
504 915 25 20 hr
543 915 113 27 Hallbergs
671 915 82 27 förslag.

264 972 33 21 Hr
317 972 152 21 Belander:
499 972 90 22 Minuun
613 972 64 21 kuten
700 973 121 21 luultavasti
843 979 91 15 moneen
955 980 60 14 muu-

196 1001 81 21 hunkin
294 1003 48 19 ovat
357 1001 84 21 tehneet
455 1001 75 21 ikävän
547 1001 140 22 vaikutuksen
703 1002 254 26 rautatiekysymyksessä
971 1002 44 20 teh-

196 1031 40 26 dyt
250 1030 113 27 päätökset,
378 1030 57 28 jotka
450 1030 122 27 nähtävästi,
588 1030 96 21 niinkuin
700 1030 62 21 täällä
773 1032 46 20 eräs
829 1030 80 28 puhuja
919 1031 21 27 jo
951 1031 64 20 äsken

196 1059 126 27 huomautti,
344 1062 48 18 ovat
414 1066 97 14 suuressa
533 1061 104 19 määrässä
651 1060 110 26 johtuneet
776 1059 30 21 eri
821 1059 194 27 puoluekannoista.

196 1087 95 21 Minäkin
320 1090 80 18 omasta
424 1087 117 27 puolestani
566 1094 37 15 sen
627 1088 73 20 vuoksi
716 1088 101 27 hyvinkin
833 1088 63 21 soisin
913 1090 42 19 että
970 1088 46 21 olisi

197 1116 133 21 mahdollista
345 1117 63 20 saada
423 1116 153 27 jonkunlainen
591 1117 158 26 yhteensovitus
765 1117 98 22 toimeen,
873 1117 33 26 jos
915 1123 22 14 se
945 1117 71 26 tapah-

196 1147 39 18 tuu
250 1145 64 20 ilman
331 1145 211 26 yhteenkytkemistä,
557 1145 54 21 enkä
626 1145 118 27 puolestani
754 1145 103 20 ainakaan
871 1147 94 19 vastusta
975 1147 42 18 että

197 1173 44 20 asia
265 1173 129 26 lykättäisiin
419 1173 87 20 takaisin
532 1173 149 21 valiokuntaan
707 1174 309 25 yhteensovittamistarkoituk-

196 1208 64 14 sessa.
290 1201 74 26 Mutta,
380 1202 64 20 kuten
460 1201 36 21 hra
511 1202 100 27 Tallgvist
626 1202 62 21 täällä
702 1202 56 26 juuri
774 1202 123 27 huomautti,
905 1202 50 21 ettei
963 1202 54 20 siinä

199 1230 135 26 tapauksessa
348 1225 12 36 —
373 1230 79 21 voitaisi
489 1230 64 21 saada
587 1231 180 25 yhteensovitusta
796 1231 90 20 toimeen
916 1229 100 22 Iisalmen

197 1258 22 26 ja
233 1258 92 27 Karjaan
342 1258 80 27 ratojen
437 1258 94 27 suhteen,
547 1259 43 20 niin
607 1258 97 21 tahtoisin
721 1258 94 21 minäkin
825 1258 114 21 kannattaa
948 1259 67 20 hänen

198 1287 138 20 ehdotustaan
353 1288 42 19 että
410 1287 133 21 annettaisiin
560 1286 246 22 rautatievaliokunnalle
815 1287 96 21 toimeksi
919 1287 97 21 ehdottaa

197 1315 90 20 Tornion
303 1319 58 17 rataa
377 1318 70 18 varten
464 1316 44 20 niin
524 1319 73 18 suurta
607 1316 138 26 rahamäärää,
757 1316 50 20 kuin
819 1316 84 20 meidän
911 1316 106 20 rahalliset

199 1344 90 19 olomme
304 1344 86 19 suinkin
405 1345 126 24 myöntävät.

267 1398 32 21 Hr
319 1398 167 21 Herckman:
512 1399 50 20 Kun
578 1398 98 28 Kuopion
692 1399 108 21 Iisalmen
822 1401 44 19 rata
881 1406 27 14 on
923 1399 93 27 yleisesti

197 1429 135 18 tunnustettu
356 1427 150 27 tarpeelliseksi
527 1428 20 26 ja
569 1428 39 20 sitä
627 1430 72 18 varten
714 1434 27 14 on
757 1428 113 21 toimitettu
885 1428 50 21 sekä
950 1428 67 21 talou-

199 1455 93 22 dellinen
307 1458 43 19 että
364 1455 132 22 koneellinen
513 1455 102 22 tutkimus
629 1457 22 26 ja
665 1456 65 21 koska
745 1457 40 21 sitä
800 1459 71 18 varten
887 1456 74 27 löytyy
974 1457 42 21 val-

199 1485 41 20 mis
262 1484 251 27 kustannusehdotuskin,
535 1484 45 21 niin
595 1485 57 21 minä
667 1485 61 27 pidän
745 1492 36 14 sen
797 1485 65 21 radan
878 1485 62 21 aivan
955 1486 62 21 selvi-

200 1515 80 25 tettynä
300 1514 21 27 ia
342 1513 98 21 valmiina
455 1513 156 27 päätettäväksi.
640 1513 53 21 Eikä
708 1520 22 15 se
746 1514 111 21 ollenkaan
873 1514 32 21 ole
921 1515 95 26 riippuva
