1098 1773
219 215 75 19 samma
317 208 114 25 anförtrott,
450 209 70 19 kunna
535 208 174 20 kontrahenterna
725 208 62 19 därur
803 211 37 16 när
855 215 43 13 som
913 209 55 19 hälst

218 238 106 26 öfvertyga
347 238 32 26 sig
402 245 31 12 om
457 238 52 19 huru
524 238 189 20 rättsförhållandet
729 238 45 19 dem
790 238 85 20 emellan
891 241 24 16 är
930 239 34 19 be-

219 268 90 20 skaffadt
324 269 38 19 och
378 268 86 19 sålunda
479 269 86 24 mången
581 269 56 25 gång
653 268 90 19 afbållas
760 268 45 19 från
822 275 24 13 en
862 268 106 20 förhastad

219 299 114 24 rättegång,
351 307 28 6 —
396 305 24 12 en
444 298 156 25 omständighet,
623 305 43 12 som
692 297 98 20 särskildt
813 297 6 20 i
843 299 47 18 vårt
912 298 55 25 land,

218 328 84 20 hvarest
317 327 192 27 processlystnaden
526 328 46 25 kan,
589 327 123 20 åtminstone
728 327 7 20 i
745 327 57 20 vissa
813 327 84 25 trakter,
906 331 61 22 sägas

219 364 49 14 vara
291 361 30 17 ett
339 358 138 25 nationallyte,
493 357 99 26 förtjänar
608 358 130 25 synnerligen
754 358 91 19 beaktas.
876 358 90 26 Enhvar,

220 395 42 12 som
286 391 22 16 är
331 389 63 24 något
409 387 103 26 förtrogen
528 387 47 20 med
590 387 164 26 rättskipningen
771 387 7 20 i
793 389 47 18 vårt
855 387 54 24 land,
927 388 40 19 kan

219 418 45 19 icke
289 418 65 19 häller
377 425 50 12 vara
443 418 91 25 okunnig
550 425 31 12 om
597 419 30 18 att
641 420 58 17 roten
716 418 37 19 och
769 417 112 26 upphofvet
895 418 31 19 till
942 417 26 20 de

220 450 51 17 mest
294 447 120 20 invecklade
435 447 37 20 och
495 447 122 20 tidsödande
639 448 132 25 rättegångar
795 447 40 20 ofta
855 447 32 20 får
907 448 60 19 sökas

218 478 44 25 just
284 477 7 20 i
314 477 40 20 den
377 477 155 26 omständighet,
556 480 30 17 att
609 477 30 20 för
662 477 137 26 upprättande
823 477 22 20 af
864 477 103 26 skriftliga

220 507 144 26 afhandlingar
388 507 74 20 anlitas
499 514 88 19 personer,
603 507 70 20 hvilka
689 507 18 26 ej
723 514 36 13 ens
775 514 38 19 ega
829 507 92 26 förmåga
937 510 30 17 att

220 537 8 20 i
243 537 60 20 skrift
319 537 71 20 felfritt
406 537 101 20 behandla
522 537 35 20 det
573 537 68 26 språk,
652 537 78 26 hvarpå
741 537 125 26 handlingen
877 537 89 26 affattas,

222 570 26 17 än
271 567 80 20 mindre
375 573 37 19 ega
428 567 115 20 kännedom
567 574 31 13 om
613 567 34 25 lag
663 567 38 20 och
717 567 46 25 laga
779 567 81 20 former.
892 567 11 19 TI
919 567 49 25 följd

221 597 61 20 häraf
303 597 38 20 och
364 597 26 19 då
413 597 35 19 det
465 597 35 20 bör
515 597 56 25 ligga
587 599 67 18 staten
671 603 31 13 om
718 597 77 25 hjärtat
811 597 17 25 ej
845 597 78 20 mindre
938 600 31 17 att

222 627 38 20 den
284 626 143 21 rättssökande
449 629 48 17 utan
522 627 127 25 tidsutdrägt
672 626 75 20 varder
769 627 97 25 förhjälpt
889 627 31 19 till
937 627 31 20 sin

221 659 47 23 rätt,
291 660 26 16 än
340 659 30 17 att
393 656 137 20 domstolarna
553 657 18 25 ej
601 656 65 20 varda
693 656 131 20 öfverhöfvan
847 657 122 25 betungade,

222 687 37 19 hör
275 687 62 19 också
352 686 145 20 befordrandet
513 686 23 20 af
548 687 77 19 sådana
636 686 145 26 institutioner,
793 693 42 13 som
845 689 124 23 uppmuntra

221 717 38 19 och
281 716 118 20 underlätta
423 716 144 26 begagnandet
590 716 22 20 af
633 716 103 26 skriftliga
751 716 106 20 urkunder
873 717 37 19 och
927 720 41 16 sär-

222 746 63 20 skildt
307 746 77 20 sådana
406 746 45 20 med
475 746 92 26 offentlig
589 746 146 25 trovärdighet,
757 746 31 19 till
812 746 25 20 de
857 746 110 26 uppgifter,

222 776 44 20 dem
282 775 156 26 lagstiftningen
454 776 45 19 icke
514 776 32 19 får
561 776 80 20 förbise.

293 805 148 20 Erfarenheten
464 806 7 18 i
494 806 93 19 utlandet
602 806 66 25 gifver
684 805 35 20 vid
735 806 80 19 handen
831 808 32 17 att
878 808 30 17 ett
924 806 44 19 ord-

223 835 50 20 nadt
294 835 178 20 notariatväsende
494 836 6 18 i
522 836 41 25 hög
585 835 51 26 grad
659 835 103 20 befordrat
785 835 60 20 dessa
867 835 104 25 syftemål.

223 866 47 18 Men
287 865 67 19 denna
370 865 117 20 erfarenhet
503 865 55 20 visar
574 865 61 20 också
651 868 30 16 att
697 865 126 20 notariernas
839 865 132 20 värksamhet

222 895 103 21 indirekte
340 895 81 20 utöfvat
437 898 29 17 ett
482 896 6 18 i
503 895 41 26 hög
555 895 51 26 grad
617 895 108 26 gagnande
735 895 118 26 inflytande.
877 896 30 19 En
919 903 50 12 sam-

223 929 112 22 vetsgrann
351 925 77 19 notarie
444 925 106 20 betraktar
565 925 34 20 det
615 925 100 25 nämligen
732 926 66 19 såsom
814 925 31 20 sin
861 925 108 20 moraliska

223 955 119 26 skyldighet
366 957 30 17 att
417 955 87 26 upplysa
520 955 44 20 sina
580 955 87 19 klienter
683 962 31 12 om
729 957 58 17 arten
803 955 37 20 och
856 955 113 20 beskaffen-

223 985 61 19 heten
307 984 23 20 af
351 984 25 20 de
399 985 148 24 rättsärenden,
571 985 61 20 dessa
647 987 50 17 ärna
713 984 81 25 afsluta,
812 988 51 17 samt
879 992 31 13 om
925 985 44 26 följ-

223 1014 63 20 derna
309 1014 23 20 af
352 1014 102 20 desamma
469 1014 106 20 äfvensom
593 1017 30 18 att
639 1015 49 19 söka
704 1015 139 25 åvägabringa
858 1015 112 26 förlikning

223 1044 73 20 mellan
312 1046 74 24 parter,
403 1044 37 19 där
455 1044 131 26 tvistigheter
601 1044 63 20 redan
680 1044 134 25 uppkommit.
844 1044 30 20 Af
886 1045 84 19 hvilken

223 1073 86 26 ofantlig
325 1074 44 19 vikt
385 1074 38 19 och
438 1074 106 26 betydelse
560 1081 25 13 en
601 1074 63 20 sådan
681 1073 134 26 rådgifvande
831 1074 38 20 och
884 1074 85 20 förmed-

223 1103 59 20 lande
306 1103 130 20 värksamhet
460 1104 23 19 af
503 1111 25 12 en
546 1104 116 25 uppdraget
677 1103 46 20 fullt
739 1111 66 12 vuxen
822 1104 37 19 och
875 1111 31 12 om
922 1104 47 20 dess

222 1133 114 26 grannlaga
359 1133 141 20 beskaffenhet
523 1134 106 19 medveten
648 1140 74 19 person
738 1141 48 12 vore
801 1133 31 20 för
848 1134 99 25 allmogen
963 1134 6 19 i

222 1165 50 18 våra
295 1163 145 26 landsbygder,
464 1170 42 13 som
522 1164 41 19 ofta
578 1171 28 12 nu
621 1163 66 25 ligger
701 1163 7 20 i
724 1163 104 20 händerna
843 1165 26 24 på
885 1164 84 19 okunni-

223 1200 26 19 ga
272 1193 38 20 och
334 1199 43 14 mer
392 1193 49 20 eller
457 1193 78 20 mindre
552 1193 132 20 samvetslösa
699 1193 160 26 knutskrifvare,
874 1193 96 20 framstår

222 1223 32 20 för
269 1226 65 23 öppen
350 1223 46 25 dag.

293 1253 15 19 I
327 1254 37 19 vår
385 1253 131 25 lagstiftning
538 1253 123 20 förekomma
685 1253 33 20 väl
737 1253 83 26 spridda
836 1253 133 26 stadganden,

222 1283 70 19 hvilka
308 1282 88 20 hänföra
408 1283 32 25 sig
454 1283 31 19 till
500 1283 241 25 notatiatförrättningar,
757 1285 14 17 t.
788 1290 29 12 ex.
834 1283 7 19 i
857 1283 112 20 vexelstad-

222 1319 41 18 gan
286 1313 38 19 och
347 1312 97 25 sjölagen,
464 1319 46 13 men
526 1313 60 19 dessa
601 1315 47 17 röra
663 1313 52 18 blott
731 1319 24 13 en
771 1312 84 25 speciell
871 1312 62 25 detalj
949 1312 23 20 af

222 1341 211 25 notariatfunktioner,
456 1342 102 24 nämligen
582 1342 145 25 upprättandet
743 1342 23 19 af
778 1342 191 24 protesturkunder.

222 1370 105 26 Därjämte
342 1370 49 26 ingå
406 1370 7 20 i
428 1370 28 20 K.
474 1371 143 25 Kungörelsen
633 1370 39 20 den
689 1372 25 18 21
730 1371 56 19 Mars
799 1371 55 19 1853
866 1371 103 19 föreskrif-

222 1403 32 17 ter
269 1401 107 25 angående
398 1401 139 25 bestyrkande
556 1401 22 19 af
592 1401 77 20 sådana
684 1401 134 25 handlingars
834 1401 134 27 autenticitet,

222 1438 43 13 som
288 1434 35 16 äro
346 1430 122 27 upprättade
491 1431 7 19 i
513 1431 89 19 Finland
626 1431 37 20 och
688 1431 57 20 skola
765 1431 32 19 till
813 1431 156 26 värkställighet

222 1460 106 22 befordras
343 1461 55 20 inom
413 1460 148 27 kejsaredömet
577 1463 52 18 samt
644 1463 93 18 tvärtom.
