1070 1806
338 240 294 27 Petitionsmemorial.

177 304 106 36 Borg.st.
695 308 41 22 N:o
752 308 38 22 58.

267 622 46 19 Till
332 622 133 25 Vällofliga
483 621 213 26 Borgareständet.

177 696 58 19 Inom
250 695 34 20 det
298 695 127 20 ekonomiska
440 696 55 19 lifvet
510 697 6 18 i
532 695 47 20 vära
594 695 60 26 dagar
668 696 65 25 spelar
743 697 114 19 användan-

107 725 34 19 det
156 725 20 18 af
191 723 100 21 säkallade
305 724 83 25 löpande
404 724 155 25 förskrifningar,
570 725 49 19 eller
629 725 107 21 urkunder,
747 725 32 18 vid
791 725 66 20 hvilka

107 759 25 13 en
156 753 139 24 fordringsrätt
317 755 23 17 är
362 752 22 19 sä
402 755 48 17 nära
465 753 106 24 anknuten,
587 754 29 18 att
631 753 24 19 de
671 755 68 23 utgöra
755 753 37 19 den
807 754 50 19 enda

107 781 92 25 grunden
217 781 30 19 för
265 781 65 20 denna
347 783 45 22 rätt,
408 787 24 13 en
447 781 79 25 mycket
541 781 133 20 framstäende
690 782 43 19 roll.
762 781 45 19 Man
823 782 35 19 har

107 810 32 19 till
162 810 37 19 och
212 809 51 20 med
283 809 55 20 svärt
356 811 29 17 att
405 809 98 20 föreställa
519 810 36 25 sig,
570 810 51 19 huru
637 816 45 13 man
698 816 82 13 numera
792 810 66 20 skulle

107 839 69 18 kunna
198 838 47 20 reda
259 838 31 25 sig
305 838 4 19 i
326 838 38 19 den
378 838 79 25 dagliga
471 838 136 25 samfärdseln,
622 844 32 14 om
670 844 46 13 man
731 839 17 24 ej
763 838 50 19 hade
828 841 29 17 att

106 866 56 25 tillgä
185 867 60 19 dessa
266 867 136 19 innehafvare-
425 867 36 18 och
484 867 132 25 orderpapper
630 867 6 19 i
652 867 50 18 form
724 867 19 18 af
764 873 92 18 reverser,

105 895 74 24 vexlar,
194 895 134 25 anvisningar,
348 895 134 24 obligationer,
497 895 184 25 depositionsbevis,
696 895 160 25 konnässement,

106 926 96 17 warrants
218 930 27 13 m.
259 929 32 18 m.,
305 923 67 20 hvilka
387 925 47 23 göra
445 924 34 19 det
493 923 77 26 möjligt
580 926 29 17 att
619 924 113 24 öfverflytta
742 930 24 13 en
776 924 79 19 fordran

104 953 7 18 i
126 953 113 24 penningar
257 952 48 19 eller
324 958 58 13 varor
396 951 44 20 frän
455 959 45 12 man
516 952 29 19 till
560 959 50 17 man,
627 955 47 17 utan
689 954 30 17 att
734 954 122 23 mottagaren

105 981 20 19 af
139 987 25 13 en
180 981 86 19 sålunda
280 981 125 24 öfverflyttad
420 981 78 19 fordran
513 981 92 19 behöfver
615 981 71 24 befara,
697 983 29 17 att
736 981 120 24 gäldenären

105 1009 66 20 kunde
194 1009 129 25 undandraga
343 1009 31 25 sig
389 1010 29 18 att
432 1009 31 19 till
478 1009 40 20 den
532 1015 40 19 nye
587 1009 171 25 fordringsegaren
773 1009 83 25 fullgöra

105 1039 38 18 den
159 1044 70 19 genom
245 1037 165 26 förskrifningens
425 1038 116 19 utfärdande
557 1037 71 26 ätagna
638 1037 142 26 förpligtelsen,
793 1039 63 18 under

104 1066 131 20 förebärande
257 1067 20 18 af
299 1068 28 18 att
350 1066 38 19 han
410 1066 61 19 redan
489 1067 31 19 till
538 1066 38 20 den
591 1066 142 26 ursprunglige
747 1067 108 24 fordrings-

105 1101 71 19 egaren
192 1095 52 25 gjort
259 1095 121 24 afbetalning
394 1095 12 19 ä
422 1095 31 19 sin
469 1095 58 20 skuld
542 1095 48 19 eller
604 1097 29 18 att
648 1095 40 20 han
702 1101 35 12 var
746 1095 110 25 berättigad

105 1125 29 18 att
156 1123 64 25 gvitta
243 1124 30 19 sin
294 1123 118 20 förbindelse
428 1123 74 20 medels
517 1130 25 13 en
557 1123 120 20 motfordran
692 1123 37 20 hos
744 1123 63 20 denne
822 1130 32 13 ur-

105 1151 117 26 sprunglige
237 1152 101 25 borgenär.

173 1179 46 20 Men
242 1180 66 19 denna
330 1180 39 19 den
390 1180 82 25 löpande
487 1180 163 25 förskrifningens
664 1180 100 25 egenskap
779 1183 29 17 att
823 1180 32 20 sä-

104 1209 62 19 lunda
181 1208 12 19 &
208 1215 38 13 ena
261 1209 56 19 sidan
332 1210 70 23 utgöra
416 1209 39 19 den
469 1209 51 19 enda
535 1209 90 25 grunden
641 1209 29 19 för
684 1215 25 13 en
723 1209 42 19 viss
775 1209 80 20 fordran

105 1237 37 20 och
157 1236 12 21 &
184 1237 39 20 den
238 1237 61 20 andra
313 1237 51 25 gälla
379 1237 29 20 till
424 1237 35 20 sitt
473 1237 49 20 fulla
537 1237 60 20 värde
611 1237 7 20 i
634 1237 67 25 hvarje
717 1237 137 20 innehafvares

104 1266 58 24 hand,
178 1271 42 14 som
236 1267 21 18 är
272 1266 7 19 i
293 1265 39 26 god
348 1267 36 22 tro,
398 1265 55 20 leder
467 1266 30 19 till
513 1266 54 19 vissa
582 1265 129 26 svårigheter,
726 1265 26 20 dä
764 1266 34 19 det
809 1266 45 20 med

105 1295 58 18 dessa
186 1294 124 25 egenskaper
330 1294 92 19 försedda
443 1294 176 25 fordringsbeviset
640 1294 94 19 förstöres
753 1294 48 19 eller
816 1295 38 19 för-

104 1323 95 19 kommer.
230 1322 28 19 Pä
276 1323 34 19 det
330 1323 29 18 att
376 1322 38 19 den
430 1322 87 25 verklige
532 1328 70 19 egaren
619 1322 29 19 till
664 1328 24 14 en
704 1322 33 19 vid
752 1328 25 13 en
792 1322 62 20 sädan

104 1351 128 24 förskrifning
247 1351 79 19 bunden
341 1350 80 19 fordran
435 1350 42 19 icke
492 1350 33 20 mä
539 1351 89 19 beröfvas
644 1351 31 18 sin
689 1353 39 17 rätt
737 1351 30 18 till
778 1351 77 19 förmon

105 1379 30 18 för
149 1379 120 24 gäldenären
284 1379 48 19 eller
346 1384 26 14 en
386 1385 72 18 annan,
473 1385 44 13 som
532 1379 44 19 med
592 1380 52 19 orätt
658 1379 108 19 bekommit
781 1379 34 19 det
825 1379 29 19 till

104 1407 141 19 innehafvaren
269 1407 63 19 stälda
353 1407 48 19 eller
422 1407 20 19 in
460 1407 69 20 blanco
544 1407 132 20 endosserade
691 1409 83 23 pappret
788 1407 7 19 i
811 1408 43 19 sina

104 1435 82 24 händer,
208 1435 37 18 har
267 1435 153 24 lagstiftningen
442 1437 39 17 sett
503 1435 31 24 sig
553 1437 89 22 tvungen
657 1437 29 16 att
701 1435 62 19 införa
778 1437 28 17 ett
822 1435 31 19 sä-

104 1463 74 19 kalladt
202 1463 267 24 mortifikationsförfarande,
491 1463 48 19 eller
561 1465 28 17 ett
611 1462 161 25 tillvägagäende,
788 1463 65 19 hvari-
