1100 1825
240 174 13 18 2

210 241 45 19 med
269 241 86 26 helgden
371 241 20 20 af
406 241 73 20 allmän
493 242 38 25 lag.
557 242 37 20 Väl
609 241 60 20 bafva
683 241 72 20 hittills
770 241 116 21 emanerade
896 241 71 26 språk-

209 270 137 25 förordningar
367 270 100 20 utfärdats
488 270 20 19 af
529 270 56 20 Hans
600 270 109 25 Kejserliga
724 270 92 26 Majestät
830 276 74 19 ensam,
920 277 46 13 men

210 298 26 20 då
250 298 67 24 denna
332 298 56 26 fråga
403 298 58 21 berör
475 299 90 20 enskilda
580 299 139 25 medborgares
735 301 39 18 rätt
789 301 51 18 samt
852 299 46 20 dess
910 299 56 26 lyck-

209 327 41 26 liga
270 327 82 26 lösning
372 330 22 17 är
409 328 19 19 af
443 329 73 18 största
532 328 103 25 betydelse
650 328 29 19 för
694 328 33 19 det
742 328 62 20 finska
819 328 73 20 folkets
906 329 60 18 fram-

210 356 42 19 tida
268 356 121 25 utveckling,
405 355 50 26 väga
470 357 19 18 vi
504 357 51 24 hysa
569 357 38 20 den
623 357 51 19 fasta
689 356 107 25 tillförsikt,
812 358 29 18 att
852 357 56 19 Hans
919 357 47 25 Kej-

212 385 72 24 serliga
299 385 92 25 Majestät
406 385 50 19 skall
472 386 91 25 värdigas
578 385 78 26 päkalla
666 385 122 20 Ständernas
799 385 122 20 medvärkan
933 386 35 19 vid

211 413 155 26 lagstiftningen
381 414 83 19 rörande
479 415 113 24 grunderna
607 415 29 19 för
646 413 142 26 spräkirägans
798 414 86 25 lösning,
895 414 72 20 medan

211 442 56 20 Hans
282 442 111 25 Kejserliga
403 442 92 26 Majestät
505 443 121 19 fortfarande
637 442 118 20 förbehölles
766 444 40 18 rätt
816 444 30 19 att
858 443 110 20 bestämma

210 470 102 26 angäende
330 471 34 20 det
379 471 66 26 spräk,
461 477 44 14 som
520 471 50 20 skall
585 472 100 25 begagnas
700 471 7 19 i
721 471 165 20 ämbetsvärkens
900 471 67 20 inbör-

211 500 35 19 des
262 499 144 26 skriftväxling.

278 527 29 20 På
326 528 65 25 grund
405 529 20 18 af
439 528 54 20 hvad
507 529 20 18 vi
542 529 35 19 här
592 529 42 19 haft
649 531 48 17 äran
711 529 68 19 anföra
793 528 19 20 få
828 529 20 19 vi
864 529 103 20 vördsamt

211 555 79 26 föreslå,
310 558 30 19 att
363 557 105 26 Vällofliga
490 557 165 26 Borgareständet
675 557 61 26 jämte
758 557 62 26 öfriga
842 557 60 20 stånd
920 557 49 20 ville

210 585 32 20 till
265 585 56 20 Hans
346 585 111 27 Kejserliga
475 586 92 25 Majestät
582 585 47 27 ingä
641 587 46 18 med
702 593 25 13 en
742 586 126 26 underdänig
882 587 86 25 petition

211 614 77 20 därom:

417 706 33 20 Att
471 706 56 20 Hans
549 706 106 26 Kejserliga
675 706 91 26 Maiestät
786 706 68 20 täcktes
868 706 98 26 förelägga

352 734 109 20 Ständerna
484 735 61 26 nådig
564 734 121 26 proposition
709 735 98 25 angående
828 735 81 20 svenska
933 736 35 19 och

348 763 67 25 finska
429 763 93 26 spräkens
537 763 120 26 likställighet
671 763 33 20 vid
717 763 104 21 domstolar
835 763 35 21 och
884 764 82 20 ämbets-

350 792 131 26 myndigheter
495 793 9 19 i
517 792 91 24 Finland,
624 792 79 26 affattad
717 792 58 26 enligt
788 791 64 21 sådan
864 792 77 26 grund:

418 862 30 18 1:o
470 863 27 17 att
518 862 81 19 ämbets-
614 860 33 20 och
663 860 117 25 tjänsteman
794 861 10 19 i
818 860 75 22 allmän
907 861 62 26 tjänst

349 889 50 20 skall
412 896 47 13 vara
473 890 74 25 mäktig
562 889 72 22 landets
649 889 57 25 bägge
720 889 72 25 spräk;

422 919 33 20 2:0
476 921 27 17 att
520 919 71 20 enhvar
605 924 42 20 eger
662 918 29 19 till
706 919 82 20 domstol
801 919 43 22 eller
858 919 111 25 myndighet

350 947 67 21 vända:
428 947 31 25 sig
466 947 30 25 pä
510 947 81 20 svenska
605 947 43 20 eller
661 947 77 24 finska;

419 976 36 19 3:o
473 977 28 19 att
521 975 95 26 sakegare,
638 977 55 18 utom
711 975 9 20 i
733 975 65 21 nedan
810 977 102 24 upptagna
923 976 43 25 fall,

348 1011 44 19 eger
412 1004 55 21 såväl
487 1004 10 19 i
519 1005 50 24 lägre
584 1011 43 15 som
641 1003 58 26 högre
712 1004 85 20 domstol.
808 1004 34 20 och
856 1004 111 26 myndighet

349 1034 40 19 rätt
410 1034 27 19 att
457 1033 9 18 i
480 1033 75 24 ärende,
571 1039 43 14 som
628 1032 26 26 af
664 1032 72 20 honom
750 1029 164 40 anhängiggöres,.
920 1029 50 42 utfå

349 1061 105 26 protokoll,
472 1061 64 26 utslag
558 1061 33 21 och
611 1067 68 17 annan
701 1061 110 50 TTA
822 1061 9 20 i
844 1061 86 26 original
940 1061 30 26 pä

349 1090 30 21 det.
404 1089 66 26 språk,
492 1091 83 21 svenska
593 1090 43 21 eller
655 1089 70 26 finska,
747 1085 42 35 han
804 1085 58 35 själf
880 1090 91 26 begagnat

350 1119 45 22 eller
408 1119 69 23 äskat;

420 1148 34 19 4:o
474 1149 28 17 att
523 1147 36 20 där
573 1147 70 20 ärende
657 1146 159 27 anhängiggjorts
830 1147 26 26 af
866 1147 48 26 flere-
926 1147 44 21 sak-

350 1182 55 19 egare
426 1176 36 20 och
480 1176 53 21 desse
555 1176 85 25 begagna
653 1176 56 20 olika
718 1175 66 26 språk,
800 1176 106 26 expedition
920 1176 51 20 skall

348 1205 91 25 utfärdas
457 1204 30 26 pä
507 1205 34 23 det:
557 1205 66 26 språk,
645 1204 83 22 svenska.
745 1204 44 20 eller
802 1205 71 25 finska,
889 1205 81 25 flertalet

349 1233 67 27 äskal,
433 1240 47 14 men
499 1234 36 22 wid:
545 1234 44 22 lika.
598 1234 55 20 antal
662 1233 30 26 på
707 1235 64 20 ortens.
784 1233 185 26 kommunalspråk;

421 1263 32 19 5:0
467 1264 28 18 att
509 1262 9 19 i
532 1262 79 25 ärende;
622 1268 43 14 som
678 1258 79 34 enskild:
769 1258 83 34 sakegare
861 1262 109 26 anhängig-

350 1290 57 26 gjort,
414 1290 95 26 protokoll
522 1291 34 23 och
566 1273 113 50 expedition
691 1291 9 19 4
710 1291 59 25 högre
776 1291 45 21 rätt.
826 1290 44 21 eller
878 1291 90 25 myndig-

350 1319 32 23 het.
402 1320 77 25 affattas-
495 1319 32 26 på
541 1320 30 20 det
584 1319 60 26 språk.
659 1320 51 25 lägre
723 1320 42 22 rätt.
777 1319 45 23 eller.
834 1320 136 25 myndighet:
962 1313 10 37 i

350 1354 81 17 samma.
444 1348 69 22 ärende
528 1348 104 25 begagnat;.

422 1376 32 19 6:0
469 1378 27 17 att.
510 1376 56 26 ifrån
577 1376 171 24 bestämningarna
758 1375 98 25 angående
866 1375 29 22 det
904 1375 65 25 spräk,

351 1403 74 25 hvarpå.
447 1404 107 25 expedition
578 1404 35 19 bör
629 1404 10 19 i
652 1404 89 24 original:
749 1404 92 25 utgifvas,
856 1403 40 21 icke
910 1404 62 19 andra

350 1431 106 27 undantag:
469 1432 36 21 mä
516 1438 34 20 ega
564 1438 52 16 rum;
625 1433 27 21 än
666 1432 28 23 de,
709 1438 48 18 som.
767 1431 108 24 tillsvidare:
885 1431 85 27 belingas

350 1460 27 26 af
387 1467 28 17 en:
425 1460 30 24 del.
469 1460 57 24 äldre:
535 1460 129 27 tjänstemäns
676 1468 74 19 genom.
761 1461 81 26 tidigare
853 1461 118 26 kompetens-

352 1489 119 30 stadganden
484 1490 94 26 reglerade:
595 1490 103 26 ställning;
