1106 1795
182 121 55 21 1288
507 119 164 34 Expropriation.
919 128 24 16 21
955 128 50 20 maj.

181 195 32 21 för
229 195 46 26 den,
286 202 45 14 som
347 195 53 21 skall
415 195 140 27 expropriera,
566 195 39 21 och
620 196 32 19 för
667 195 46 27 den,
729 201 45 15 som
790 194 63 22 afstår
865 195 66 21 mark.
952 195 50 21 Men

181 224 38 20 här
239 224 54 20 hade
308 224 65 26 enligt
388 224 43 20 min
447 224 87 26 mening
548 223 137 27 ovilkorligen
702 224 47 20 bort
763 223 49 27 ingå
827 229 26 15 en
869 223 136 27 bestämning

182 252 71 21 därom
269 254 30 19 att
313 252 273 27 förrättningslandtmätare
602 252 37 20 bör
654 259 50 14 vara
718 252 108 27 tillstädes,
842 252 26 21 då
881 253 122 26 expropria-

182 281 147 21 tionsnämden
345 281 56 21 utför
415 282 36 19 sitt
466 281 98 27 uppdrag,
579 281 33 21 för
626 282 30 19 att
670 281 56 27 gifva
742 280 152 28 upplysningar
909 281 39 20 och
967 288 38 13 an-

182 310 61 21 ställa
258 310 25 20 de
300 309 123 27 mätningar,
438 316 45 14 som
500 310 33 20 vid
549 316 26 15 en
591 310 64 20 sådan
671 309 125 27 förrättning
811 309 136 28 ovilkorligen
965 310 40 20 all-

183 338 29 21 tid
236 338 83 21 komma
334 338 7 20 i
356 338 63 28 fråga.
449 338 33 20 En
505 338 63 21 sådan
588 338 123 26 förrättning
726 338 38 21 har
779 338 35 22 det
829 340 104 19 närmaste
949 345 55 14 sam-

183 367 55 21 band
260 368 50 20 med
333 367 231 27 landtmätaregöromål
587 367 58 21 öfver
667 367 80 21 hufvud
769 368 57 26 taget
846 368 40 20 och
901 367 37 21 har
953 373 50 14 man

185 396 33 20 vid
233 396 40 20 alla
289 396 26 20 de
331 396 184 27 expropriationer,
530 396 37 20 där
580 396 36 27 jag
627 396 52 20 varit
690 396 54 26 med,
755 396 48 20 stält
814 396 21 20 så
846 396 37 23 till,
894 398 29 18 att
936 396 68 20 landt-

183 426 79 19 mätare
277 424 39 21 fått
331 424 82 27 deltaga
428 424 100 26 antingen
544 425 68 20 såsom
628 424 124 21 ordförande
765 424 51 21 eller
827 424 68 21 såsom
905 424 99 21 ledamot.

184 453 32 20 En
225 453 291 26 expropriationsförrättning
527 453 41 20 kan
576 453 46 21 icke
631 453 122 20 värkställas
764 454 49 19 utan
826 455 28 18 att
864 453 142 20 landtmätare

183 481 68 21 finnes
266 481 108 21 tillstädes.

251 509 108 21 Nämdens
375 509 125 27 åligganden
516 512 35 18 äro
567 509 124 22 framhällna
706 510 5 20 i
729 511 25 19 33
772 510 17 26 $,
806 509 36 21 där
854 509 51 21 det
901 505 14 35 i
918 510 10 20 1
940 515 65 15 mom.

184 539 66 20 heter:
283 538 53 21 »Vid
360 538 162 27 uppskattandet
536 539 22 20 af
572 538 116 27 ersättning
702 538 53 21 skall
770 538 102 27 iakttagas
887 540 30 19 att
931 538 75 27 hvarje

183 567 45 26 slag
244 567 20 20 af
279 567 65 20 skada
359 567 39 21 och
413 567 111 26 olägenhet
540 567 98 21 särskildt
653 567 32 20 för
699 567 31 27 sig
746 567 115 20 beskrifves
877 567 39 20 och
931 567 75 20 värde-

183 601 54 15 ras».
266 595 73 27 Enligt
361 595 47 21 mitt
429 597 40 18 sätt
492 597 29 19 att
543 596 50 21 fatta
615 596 63 20 saken
701 596 37 20 har
753 602 48 14 man
817 595 7 20 i
839 595 56 21 detta
910 598 95 18 moment

184 625 103 20 utlämnat
309 624 40 21 den
369 624 52 21 allra
443 624 109 26 viktigaste
576 624 137 27 bestämning,
730 625 18 20 d.
764 631 18 13 v.
798 631 15 14 s.
830 624 136 27 värderingen
983 624 24 20 af

184 653 75 26 själfva
276 653 92 26 marken,
384 659 44 14 som
444 652 96 21 afträdes.
569 653 49 21 Man
635 653 40 20 kan
691 653 46 20 icke
753 652 55 21 kalla
824 652 33 21 det
873 653 65 20 skada
954 652 53 21 eller

185 681 113 26 olägenhet
313 683 30 20 att
357 681 85 20 marken
459 681 95 21 afträdes.
580 681 48 21 Med
646 681 88 20 »skada»
751 682 75 19 förstår
841 687 47 14 man
900 681 104 25 tillfälliga

185 710 65 26 saker,
266 710 67 20 säsom
350 709 161 28 nedtrampning
527 710 20 21 af
562 710 70 27 gröda,
648 710 123 26 uppgäende
787 710 21 20 af
823 709 94 27 spängar,
931 710 74 19 förstö-

184 739 47 26 ring
247 738 21 21 af
282 738 107 27 hägnader
403 745 18 14 o.
436 744 15 14 s.
467 745 24 20 v.,
506 739 48 20 med
579 739 135 25 »olägenhet>
734 739 44 20 åter
793 738 76 21 skador
884 738 21 20 af
919 738 87 27 längva-

184 767 32 26 rig
232 770 37 23 art,
283 769 13 17 t.
313 773 32 14 ex.
361 766 105 28 svärighet
488 767 33 20 vid
544 767 97 21 markens
665 767 141 20 bebrukande.
835 766 50 21 Men
901 767 47 20 icke
964 767 39 19 kan

185 801 48 15 man
255 791 56 25 kalla
333 795 75 27 själfva
431 795 130 21 afträdandet
576 796 22 20 af
613 796 86 20 marken
721 796 33 20 för
774 795 69 21 skada.
873 794 72 27 Enligt
960 794 45 21 min

185 824 86 26 mening
292 824 54 20 hade
369 826 115 18 momentet
499 824 46 21 bort
559 824 59 26 lyda:
650 823 54 21 »Vid
722 823 160 28 uppskattandet
897 823 21 21 af
933 825 73 19 ersätt-

185 852 52 27 ning
258 852 52 20 skall
332 852 103 27 iakttagas
457 854 30 18 att
505 852 84 27 »hvarje
604 852 189 27 jordskiljaktighet
808 852 31 20 för
854 852 33 26 sig
902 852 103 25 värderas,

185 880 89 21 likasom
296 880 39 21 ock
355 880 72 27 hvarje
443 880 45 27 slag
503 881 21 20 af
539 881 64 20 skada
619 881 38 20 och
674 881 110 26 olägenhet
799 882 103 25 noggrant
918 880 88 20 beskrif-

185 915 36 14 ves
237 909 38 20 och
297 909 117 20 värderas»,
444 908 49 21 Man
511 909 39 20 kan
565 910 47 20 icke
627 909 60 20 fodra
702 911 28 18 att
746 909 259 27 expropriationsnämden

185 937 53 21 skall
262 937 104 20 beskrifva
381 943 26 15 en
422 937 195 28 jordskiljaktighet.
646 937 62 21 Detta
724 940 22 18 är
762 940 29 18 ett
806 937 201 26 landtmätaregöro-

186 966 47 21 mäl.
258 965 49 21 Med
323 966 97 21 kartorna
435 966 59 20 öfver
509 967 84 20 marken
609 966 51 26 följa
675 966 31 20 för
720 966 62 27 öfrigt
798 966 71 26 dylika
879 965 127 21 beskrifnin-

185 1001 37 20 gar
237 995 39 20 och
291 997 23 18 är
329 995 35 20 det
379 994 52 21 efter
446 995 54 26 dem,
515 1001 45 14 som
576 995 90 20 nämden
682 995 38 20 har
734 998 30 17 att
779 997 52 18 rätta
847 995 32 26 sig
893 995 39 20 och
945 995 62 20 värk-

186 1023 59 21 ställa
262 1023 142 27 värderingen.
426 1023 10 20 I
452 1024 26 19 38
495 1024 38 20 och
548 1024 26 20 39
590 1024 27 27 $$
633 1024 37 19 har
682 1030 47 14 man
742 1023 66 26 enligt
818 1023 43 20 min
872 1023 134 27 uppfattning

186 1051 71 26 begätt
279 1057 80 15 samma
374 1051 150 21 försummelse.
555 1051 43 21 Där
613 1052 51 20 talas
680 1058 34 14 om
730 1052 25 20 de
772 1051 120 26 dokument,
908 1057 45 14 som
969 1057 39 14 ex-

186 1079 229 28 propriaticnsnämden
432 1080 53 20 skall
500 1081 113 20 framställa
629 1080 38 21 och
684 1080 68 21 lämna
765 1080 31 20 till
808 1081 138 26 guvernören,
956 1086 50 14 men

186 1109 37 20 har
238 1115 48 14 man
308 1109 125 20 bortlämnat
448 1110 47 19 rent
509 1109 21 20 af
545 1109 25 20 de
585 1109 195 26 hufvudsakligaste
796 1108 148 24 dokumenten,
961 1114 44 14 som

186 1137 27 27 gä
228 1137 30 21 till
274 1137 50 21 flere
341 1137 76 21 böcker
432 1143 83 21 papper,
530 1137 20 27 ja
566 1137 99 21 stundom
680 1137 32 20 till
727 1137 33 20 ris.
783 1137 42 20 Det
837 1137 42 20 stär
889 1137 117 26 nämligen:

188 1165 120 22 »Nämdens
330 1165 110 27 protokoll,
459 1166 56 20 hvari
532 1166 6 19 i
555 1166 81 21 korthet
652 1168 100 25 upptagas
768 1166 126 26 sakegarens
909 1165 98 21 anföran-

187 1194 46 27 den,
249 1194 102 20 nämdens
366 1194 113 26 yttranden
495 1195 47 20 med
558 1194 47 21 dess
620 1194 162 27 hufvudsakliga
798 1194 42 21 skäl
857 1196 54 18 samt
921 1193 86 27 skiljak-

187 1223 42 26 tiga
245 1223 115 26 meningar,
375 1222 38 21 där
427 1222 78 21 sädana
520 1223 139 24 förekommit,
675 1223 55 26 böra,
745 1223 64 26 jämte
824 1223 96 26 samtliga
933 1222 75 27 delgif-

187 1251 120 26 ningsbevis
323 1251 39 20 och
377 1250 66 27 öfriga
458 1251 130 27 handlingar,
604 1252 98 20 insändas
718 1251 31 21 till
760 1253 152 26 guvernören».
935 1251 74 26 Enligt

187 1279 43 21 min
246 1279 133 28 uppfattning
395 1279 52 21 hade
463 1280 37 20 här
514 1280 72 21 främst
602 1280 46 21 bort
663 1282 101 25 upptagas
781 1280 101 21 nämdens
894 1279 7 21 i
914 1279 94 27 enlighet

186 1308 49 21 med
254 1308 69 20 kartor
333 1309 40 20 och
384 1308 152 27 beskrifningar
548 1309 117 27 uppgjorda
678 1309 247 26 värderingsinstrument
935 1309 74 20 äfven-

187 1343 44 13 som
243 1337 73 19 skade-
325 1337 38 19 och
375 1337 256 25 olägenhetsförteckning.
656 1337 128 19 Protokollet
794 1339 23 17 är
828 1337 19 19 af
858 1336 149 20 underordnad

188 1363 113 26 betydelse,
324 1364 38 20 och
385 1364 82 20 skickas
491 1364 75 20 endast
580 1364 108 26 protokoll,
704 1364 6 20 i
727 1364 78 20 hvilket
821 1364 112 26 vanligtvis
947 1364 63 26 ingär

188 1392 34 20 det
238 1392 81 27 belopp,
333 1392 85 20 hvartill
433 1392 71 26 hvarje
520 1392 142 27 skiljaktighet
677 1394 23 19 är
714 1392 108 26 värderad,
834 1392 23 21 sä
869 1392 53 21 skall
932 1398 77 21 guver-

188 1422 64 19 nören
269 1420 61 21 hafva
345 1420 126 21 åtminstone
487 1422 29 19 ett
532 1420 51 22 eller
597 1427 37 21 par
650 1421 33 21 års
698 1421 70 21 arbete
783 1421 8 20 i
806 1420 114 28 anledning
935 1421 21 20 af
971 1427 37 14 ox-

187 1450 127 26 propriation
336 1449 33 20 för
390 1455 26 14 en
439 1451 65 18 större
518 1450 198 27 järnvägsbyggnad
732 1451 32 19 för
779 1452 30 19 att
824 1452 95 25 uppsätta
935 1450 73 19 värde-

187 1478 185 27 ringsinstrument
393 1477 32 22 för
446 1478 74 27 jorden
545 1479 39 20 och
599 1478 133 27 förteckning
746 1479 60 20 öfver
820 1478 75 21 skador
911 1479 39 20 och
965 1478 44 21 olä-

187 1507 101 27 genheter
303 1507 38 20 och
358 1507 88 20 uträkna
462 1506 114 22 desamma.
