1117 1786
103 131 23 16 14
138 131 47 20 maj.
421 125 186 32 Hästutskrifning.
867 127 55 21 1123

103 200 85 21 trollera
210 201 30 20 att
262 200 157 21 vederbörande
442 200 125 21 kommuner
588 201 59 20 skola
662 200 91 27 fullfölja
768 200 45 21 sina
829 201 93 27 skyldig-

102 229 64 25 heter,
186 228 39 21 har
247 229 100 20 utskottet
363 230 68 19 ansett
446 228 111 21 inseendet
572 229 97 20 häröfver
685 229 50 20 böra
750 229 84 27 äläggas
850 230 72 19 veder-

104 256 93 21 börande
220 256 113 27 magistrat,
355 257 142 26 ordningsrätt
519 257 50 20 eller
592 257 193 20 kommunalnämd.
814 257 42 20 Det
875 263 49 14 vore

103 285 81 19 säledes
207 285 25 19 de
255 291 45 13 som
320 285 7 19 i
349 285 50 19 sista
415 285 56 19 hand
487 291 49 14 vore
551 285 110 26 ansvariga
676 285 32 19 för
723 287 29 18 att
767 285 104 20 militären
888 285 33 20 vid

102 312 247 26 mobiliseringstillfället
364 312 40 20 blir
418 312 84 21 försedd
512 313 49 20 med
573 313 120 26 tillräckligt
704 312 56 21 antal
770 313 76 26 hästar,
856 313 66 20 likaså

103 347 49 14 vore
173 340 71 21 dessas
260 340 120 27 skyldighet
395 342 30 19 att
439 340 63 22 ocksä
517 341 64 27 draga
596 341 81 27 försorg
693 347 33 14 om
743 342 29 19 att
787 343 30 19 ett
832 341 91 21 tillräck-

101 369 38 27 ligt
154 369 58 21 antal
226 369 71 21 hästar
312 368 46 21 frän
374 369 157 21 vederbörande
546 370 102 20 kommun
663 369 94 21 inställas
772 370 32 20 till
819 370 27 20 de
860 370 62 27 preli-

102 398 80 20 minära
198 397 177 27 besiktningarna.
404 397 41 21 För
460 400 29 18 att
505 397 60 21 dessa
579 398 149 27 myndigheter
743 398 66 21 bättre
824 398 35 21 mä
874 398 48 20 full-

102 428 50 24 göra
167 426 46 21 sina
229 426 132 27 åligganden,
376 426 38 20 har
429 426 100 21 utskottet
544 426 7 20 i
567 427 25 20 37
609 427 9 27 $
632 426 64 21 infört
706 426 217 27 straffbestämningar

102 455 32 21 för
156 454 61 22 dessa
239 454 154 27 myndigheter,
416 455 87 21 säframt
521 455 25 21 de
562 455 45 21 icke
623 454 90 27 fullgöra
728 455 45 20 sina
789 455 132 27 äligganden.

101 484 11 20 I
127 484 27 20 40
170 484 12 26 $
198 483 100 27 slutligen
314 483 37 21 har
366 483 101 21 utskottet
482 484 95 20 omfattat
592 490 25 14 en
633 484 88 26 princip,
736 490 45 14 som
797 484 43 26 mig
855 486 67 18 veter-

102 512 55 26 ligen
174 514 56 18 ännu
246 512 46 20 icke
308 512 102 20 existerar
424 512 7 20 i
445 512 48 20 hela
509 512 92 27 världen,
613 512 80 20 hvilket
702 512 23 26 ju
736 512 53 20 dock
799 512 47 21 icke
858 512 64 20 borde

103 542 73 25 utgöra
198 542 30 19 ett
248 540 76 20 hinder
338 540 33 20 för
385 546 34 15 oss
435 542 29 19 att
478 540 68 21 införa
561 541 47 27 den,
623 540 106 27 nämligen
744 542 30 19 att
788 542 67 19 staten
872 546 49 15 vore

102 569 84 27 skyldig
201 571 30 18 att
246 569 80 26 ärligen
342 569 31 20 till
389 569 154 21 kommunerna
557 569 33 21 för
604 569 73 26 hvarje
692 570 51 25 häst,
759 575 46 14 som
815 569 61 21 dessa
886 571 35 18 äro

102 597 98 27 skyldiga
225 600 29 18 att
278 597 56 21 halla
359 598 7 19 i
390 597 116 27 beredskap
532 598 32 20 för
586 597 245 27 militärförvaltningens
854 597 68 27 behof,

101 626 84 27 erlägga
201 626 26 20 20
244 626 64 20 mark.
324 626 42 26 Jag
380 626 54 20 skall
449 632 42 21 nog
505 632 74 14 senare
594 626 115 20 framställa
724 626 44 20 min
779 626 54 20 äsikt
843 626 78 20 härom.

101 654 41 27 Jag
157 654 49 20 ville
222 654 74 21 endast
311 661 29 13 nu
355 654 174 21 förberedelsevis
545 656 112 19 omnämna
673 656 29 19 att
714 654 111 21 utskottets
836 654 85 27 plurali-

101 684 29 20 tet
145 683 38 20 har
198 683 95 20 omfattat
309 683 69 20 denna
393 683 59 21 äsikt.

168 711 42 26 Jag
228 714 43 18 tror
289 713 30 19 att
335 712 36 26 jag
385 712 65 20 redan
467 712 119 26 tillräckligt
601 711 119 24 framhällit,
735 711 58 21 hvari
811 712 110 20 utskottets

100 740 78 27 förslag
203 740 81 20 afviker
305 740 54 20 ifrån
383 740 40 20 den
439 740 76 26 nådiga
530 740 163 27 propositionen.
723 739 147 21 Afvikelserna
886 741 35 19 äro

100 768 23 21 sä
138 769 123 26 väsentliga,
276 770 31 19 att
321 768 102 21 utskottet
436 768 47 22 icke
498 769 81 20 kunnat
595 768 70 21 skrida
679 768 32 20 till
727 770 29 19 att
771 768 76 21 endast
861 768 61 20 värk-

100 798 60 20 ställa
176 797 65 27 nägra
256 797 96 27 partiella
367 797 147 27 förändringar
529 798 6 19 i
551 798 40 20 den
607 797 76 27 nädiga
696 797 163 27 propositionen,
871 798 50 19 utan

101 828 40 18 sett
161 826 32 26 sig
213 825 112 21 föranlätet
347 827 29 19 att
398 826 95 20 utarbeta
516 827 30 19 ett
566 826 45 20 helt
633 826 39 20 och
693 825 63 21 hållet
775 828 47 23 nytt
837 825 84 27 förslag.

100 854 62 21 Detta
185 854 78 26 förslag
284 854 39 20 har
337 860 26 14 en
379 854 79 27 ganska
473 856 43 19 stor
531 854 66 20 likhet
611 854 48 20 med
675 854 36 20 det
725 854 84 26 förslag,
825 860 45 14 som
886 854 36 19 vid

100 885 82 18 senasto
206 882 101 26 landtdag
330 882 21 20 af
372 882 299 27 hästutskrifningsutskottets
694 882 107 20 minoritet
815 882 106 26 gjordes
909 878 16 35 i

100 911 156 21 reservationen
279 917 34 14 n:o
332 911 18 26 2,
369 917 48 14 men
433 911 81 20 afviker
530 911 53 20 dock
597 911 8 19 i
622 910 95 27 betydlig
732 910 49 20 män
797 910 62 20 äfven
874 910 46 20 frän

100 940 56 20 detta
172 939 83 26 förslag.

168 967 110 27 Själffallet
300 969 23 18 är
345 969 34 24 att,
402 967 25 20 dä
450 967 102 21 utskottet
573 967 98 26 företagit
689 967 32 26 sig
737 968 29 19 att
781 967 95 20 utarbeta
892 968 30 19 ett

101 995 42 21 helt
166 997 38 19 och
226 995 65 21 hållet
315 997 46 25 nytt
379 995 82 27 förslag,
477 995 56 21 olika
547 995 110 27 meningar
673 994 68 21 blifvit
756 995 57 20 såväl
828 995 93 20 uttalade

100 1031 44 13 som
167 1024 111 20 vidhällna.
309 1023 69 21 Sedan
402 1024 25 19 de
451 1024 55 20 olika
528 1024 106 20 åsikterna
656 1023 61 20 slitits
738 1025 45 18 mot
797 1023 124 22 hvarandra,

100 1053 37 20 har
160 1059 47 14 man
232 1052 99 27 slutligen
355 1052 89 21 kommit
465 1052 31 20 till
512 1054 29 19 ett
556 1051 301 27 sammanjämkningsförslag,
872 1051 48 20 med

101 1081 80 20 hvilket
202 1080 78 27 förslag
305 1081 7 20 i
335 1081 31 20 sin
388 1080 70 21 helhet
479 1081 35 26 jag
536 1083 43 18 tror
600 1080 47 21 icke
663 1086 26 14 en
705 1080 54 20 enda
774 1080 21 20 af
810 1079 111 21 utskottets

100 1109 117 21 ledamöter
232 1111 22 18 är
269 1109 49 20 fullt
333 1109 56 26 nöjd.
409 1109 74 20 Säsom
499 1110 20 19 af
534 1109 25 20 de
575 1109 142 20 betänkandet
732 1108 112 27 vidfogade
854 1114 67 14 reser-

101 1137 123 21 vationerna
246 1143 69 21 synes,
338 1138 38 20 har
398 1137 74 21 endast
492 1143 25 15 en
541 1137 21 21 af
577 1137 111 20 utskottets
703 1137 32 20 till
749 1136 173 27 borgareständet

101 1167 93 19 hörande
217 1166 139 21 medlemmar
379 1165 53 21 varit
454 1172 49 14 ense
527 1172 32 14 om
583 1165 105 26 förslaget,
706 1165 41 20 alla
763 1165 26 20 de
804 1165 66 26 öfriga
886 1167 35 18 äro

100 1196 132 18 reservanter
254 1195 13 24 i,
290 1194 68 20 sävidt
379 1194 35 26 jag
432 1194 40 20 kan
488 1194 57 25 fatta,
561 1194 92 20 särdeles
668 1193 78 27 viktiga
762 1193 158 27 principfrägor.

100 1223 29 20 Af
149 1223 156 20 reservationen
328 1229 35 14 n:o
386 1223 12 20 5
420 1222 92 27 framgår
535 1224 29 19 att
579 1228 26 15 en
621 1222 20 20 af
657 1222 111 21 utskottets
783 1221 138 22 medlemmar

101 1251 55 20 velat
172 1251 127 20 understöda
315 1251 39 20 den
371 1250 76 27 nädiga
462 1251 155 27 propositionen
633 1251 7 19 i
655 1250 126 27 hufvudsak,
797 1250 67 20 ehuru
879 1250 42 20 han

100 1280 7 19 i
124 1279 122 21 densamma
263 1279 55 21 velat
334 1281 50 25 göra
399 1279 104 26 ätskilliga
518 1279 173 20 modifikationer.
721 1278 123 21 Tillsvidare
860 1284 62 14 anser

100 1309 35 25 jag
149 1308 43 26 mig
208 1307 46 22 icke
269 1315 51 14 vara
335 1307 84 27 skyldig
435 1309 29 19 att
478 1307 49 27 ingä
542 1308 7 19 i
564 1310 95 17 närmare
675 1307 125 20 bemötande
816 1307 20 20 af
852 1307 69 20 denna

101 1336 134 27 reservation,
252 1338 50 19 enär
316 1337 35 26 jag
366 1336 46 21 icke
427 1336 26 27 pä
469 1336 87 21 förhand
573 1336 40 20 kan
625 1338 76 24 antaga
712 1337 29 19 att
749 1335 75 26 någon,
835 1334 87 28 specielt

100 1365 58 20 inom
182 1365 56 20 detta
254 1365 67 26 stånd,
337 1364 68 21 skulle
420 1364 55 21 hålla
491 1365 26 26 på
533 1365 68 20 denna
617 1363 133 22 reservation.
780 1363 48 21 Men
846 1369 74 14 annor-

100 1393 66 20 lunda
188 1393 100 20 förhåller
311 1393 35 21 det
361 1393 31 26 sig
408 1393 48 20 med
471 1393 155 20 reservationen
643 1399 33 14 n:o
692 1393 19 26 4,
727 1391 157 22 undertecknad
901 1391 20 21 af

100 1421 25 20 br
147 1421 93 20 Pentzin.
270 1421 60 20 Hans
351 1421 78 26 förslag
444 1421 28 20 tål
489 1427 53 20 noga
559 1421 84 20 beaktas
659 1421 39 19 och
713 1421 34 25 jag
763 1421 36 18 vill
815 1421 65 19 redan
896 1420 26 26 på

100 1449 90 20 förhand
210 1449 107 26 medgifva
333 1451 29 18 att
377 1449 34 26 jag
426 1448 68 21 skulle
510 1449 61 20 hafva
587 1448 86 20 anslutit
688 1448 43 27 mig
746 1448 32 20 till
794 1448 52 20 hans
862 1447 60 25 åsikt,

101 1477 86 21 säframt
207 1478 35 26 jag
262 1477 47 21 icke
325 1477 48 26 hyst
388 1477 55 20 vissa
459 1477 79 20 dubier.
567 1477 41 25 Jag
623 1477 73 20 tvekar
710 1476 105 20 huruvida
830 1476 91 26 rogerin-

101 1513 47 21 gen,
163 1506 87 27 specielt
264 1506 240 27 militärförvaltningen,
519 1505 68 21 skulle
603 1505 72 21 kunna
690 1504 49 28 ingä
754 1504 26 28 pä
796 1506 29 20 ett
838 1504 83 28 förslag,
