1103 1817
205 132 40 22 976
502 129 216 33 Rättegångsbalken.
936 137 24 16 10
972 137 47 20 maj.

203 205 94 27 punkien
308 205 111 27 kauppiaat
430 204 275 22 kihlakunnanoikeuksissa
715 205 75 26 ajavat,
798 204 93 21 tulisivat
898 206 123 19 raastuvan-

203 233 125 27 oikeuksiin,
341 233 44 20 niin
401 233 57 27 kyllä
474 233 44 21 olisi
534 233 132 27 epäilemättä
681 233 65 21 tarvis
761 235 78 19 asettaa
855 232 84 21 ainakin
955 232 65 27 kaksi,

203 262 49 21 ellei
274 261 69 21 kolme
359 263 60 19 uutta
434 264 82 18 osastoa
530 261 49 27 joka
594 261 122 27 kaupungin
733 260 231 22 raastuvanoikeuteen.
993 261 28 21 Ja

203 291 32 26 jos
249 290 95 21 luullaan
360 292 42 19 että
411 290 86 21 kruunu
508 290 58 21 tulee
575 290 153 28 palkkaamaan
739 290 80 21 näitten
830 290 75 21 uusien
916 290 103 27 osastojen

203 320 86 26 jäsenet,
312 319 44 21 niin
378 318 128 27 erehdytään
528 318 97 22 suuresti.
654 318 27 22 Se
703 319 52 21 mitä
773 318 86 22 kruunu
880 320 38 25 nyt
936 318 85 22 maksaa

203 348 130 21 maaseudun
349 347 118 22 tuomarille
482 354 27 14 on
525 348 44 20 niin
584 347 103 21 vähäinen
703 354 89 21 summa,
801 348 50 20 ettei
861 347 47 21 sillä
917 347 104 21 suinkaan

204 376 219 22 raastuvanoikeuden
448 376 175 28 puheenjohtajaa
645 376 21 26 ja
687 376 80 27 jäseniä
791 376 49 21 edes
862 376 84 27 yhteen,
967 376 54 22 vielä

203 406 120 20 vähemmin
345 405 98 21 kolmeen
466 408 98 18 osastoon
583 405 88 27 palkata.
701 404 107 22 Kruunun
823 405 96 27 puolesta
934 405 86 21 suorite-

204 436 48 18 taan
274 434 42 20 400
333 434 100 20 markkaa
448 434 113 20 vuosittain
577 433 144 21 kihlakunnan
737 434 124 26 tuomarille,
876 434 21 26 ja
912 440 27 14 on
954 434 67 26 hyvin

204 462 74 21 turhaa
292 462 68 21 luulla
375 463 41 20 että
431 462 85 21 kruunu
531 462 99 21 suostuisi
646 461 135 22 maksamaan
794 462 136 27 kaupunkien
940 464 81 19 tuoma-

203 490 59 21 reille
277 490 49 21 edes
341 497 37 14 sen
394 497 80 14 verran.
504 490 57 21 Minä
575 490 75 21 katson
665 490 36 21 siis
717 492 41 19 että
773 492 56 19 tämä
841 490 108 21 ehdotettu
960 497 61 14 muu-

204 521 32 19 tos
259 519 57 21 tulisi
335 521 130 19 tuottamaan
481 519 143 21 maakunnille
640 519 104 21 vahinkoa
758 519 21 28 ja
793 519 150 28 kaupungeille
959 519 61 21 kovin

203 548 72 21 suuria
289 547 158 22 kustannuksia.

271 605 33 21 Hr
326 605 150 21 Grönroos:
508 605 10 21 I
542 605 115 28 anledning
671 605 21 21 af
706 605 25 21 hr
746 605 103 21 Janssons
863 605 114 28 påstående
992 607 30 19 att

203 641 49 14 man
273 634 7 21 i
302 634 86 21 främsta
410 636 92 19 rummet
524 635 64 20 borde
610 634 61 21 hafva
694 634 99 21 afseende
808 634 27 28 pä
850 634 172 27 skyndsamhet
1009 630 15 36 i

204 663 135 27 rättegängen
361 663 37 20 vill
419 663 35 27 jag
475 663 105 28 medgifva
595 665 30 19 att
640 663 55 21 detta
710 663 23 27 ju
749 669 42 21 nog
805 669 50 21 eger
870 663 32 21 sin
918 663 103 28 riktighet,

204 698 48 14 men
274 691 80 27 följden
376 692 31 20 uti
428 692 138 21 förevarande
588 691 37 22 fall
648 691 69 21 blefve
733 691 41 22 den
790 694 29 19 att
834 696 57 17 snart
906 691 60 27 sagdt
981 692 40 21 alla

204 720 142 21 landsortsbor
367 720 26 27 pä
415 726 27 15 en
464 721 91 20 omkrets
578 721 22 20 af
621 720 35 21 två
678 722 12 19 &
711 722 32 19 tre
760 720 37 21 mil
812 721 62 25 kring
888 721 72 26 hvarje
976 721 45 20 stad

203 749 69 20 skulle
287 749 48 20 med
351 749 46 20 sina
411 749 42 20 mål
469 749 68 21 vända
552 749 32 28 sig
599 749 31 21 till
645 748 186 22 rädstufvurätten.
858 749 31 21 En
901 749 52 27 följd
963 749 59 21 bäraf

205 777 68 21 blefve
288 779 31 19 att
333 777 167 22 häradsrätterna
515 780 93 19 närmast
623 777 96 21 städerna
735 777 131 28 småningom
887 778 83 21 komme
992 779 31 20 att

204 806 76 21 förlora
303 806 27 20 all
354 806 106 26 betydelse
484 807 39 20 och
545 806 100 27 slutligen
663 806 62 21 hafva
743 808 30 19 att
784 806 89 27 fungera
888 807 74 20 endast
977 813 45 14 som

204 834 229 21 brottmälsdomstolar.
463 834 32 21 Då
516 841 48 14 man
588 841 35 20 nu,
645 835 69 20 såsom
737 835 84 26 bekant,
843 835 89 21 sträfvar
947 835 31 20 till
993 837 30 19 att

204 863 61 21 äfven
281 863 36 20 vid
331 863 168 21 häradsrätterna
513 864 68 20 införa
596 865 65 19 tätare
677 864 175 23 sammanträden,
867 863 106 22 förefaller
988 863 35 21 det

204 891 44 27 mig
268 897 46 15 som
336 898 34 15 om
393 891 146 28 lagförslagets
558 892 117 27 antagande
691 892 84 21 komme
791 894 30 19 att
835 892 63 21 värka
913 893 7 19 i
936 892 86 21 alldeles

205 922 84 19 motsatt
311 920 98 27 riktning.
439 920 40 27 Jag
500 921 67 20 mäste
591 921 70 20 därför
682 921 62 20 äfven
760 921 27 27 pä
802 921 69 21 denna
886 921 68 27 grund
970 921 52 26 yrka

205 951 29 18 att
249 949 115 21 detsamma
380 949 63 20 mätte
458 949 107 21 förkastas.

272 1005 32 22 Hr
319 1005 138 28 Nybergh,
472 1007 121 26 August:
623 1006 41 27 Jag
679 1007 104 20 erkänner
798 1006 67 27 villigt
880 1008 29 19 att
924 1007 41 20 den
981 1007 41 20 för-

207 1034 90 27 ändring
312 1035 7 20 i
334 1034 97 27 gällande
446 1034 40 28 lag,
501 1036 86 20 hvarom
604 1042 29 13 nu
648 1037 23 18 är
685 1035 64 26 fräga,
765 1037 22 18 är
803 1035 20 20 af
839 1035 40 20 den
893 1037 31 18 art
934 1037 30 18 att
974 1042 49 13 man

206 1063 43 20 kan
270 1063 54 26 hysa
339 1063 56 20 olika
410 1063 86 27 mening
512 1063 78 28 därom,
605 1070 49 14 men
669 1063 34 21 för
718 1064 43 20 min
777 1063 32 22 del
827 1063 66 21 måste
908 1065 34 25 jag
958 1064 66 21 uttala

205 1091 69 21 säsom
296 1091 44 20 min
363 1091 107 22 bestämda
492 1092 142 27 öfvertygelse
656 1094 30 19 att
708 1099 26 14 en
755 1094 43 19 stor
813 1091 108 22 öfverdrift
936 1092 87 27 ligger
1011 1087 15 36 i

206 1120 123 27 pästäendet
344 1121 30 20 att
389 1126 75 21 genom
480 1121 70 20 denna
566 1121 132 26 bestämning
713 1121 46 20 etti
771 1121 115 20 nämnvärd
898 1121 50 27 grad
960 1121 63 21 ökadt

207 1149 73 20 arbete
303 1148 67 21 skulle
393 1148 106 21 ähvälfvas
522 1149 206 21 rädstufvurätterna.
758 1148 42 22 Det
819 1151 24 18 är
862 1149 23 27 ju
908 1149 74 21 endast
997 1150 26 27 pä

205 1177 70 27 grund
296 1177 22 21 af
339 1177 57 26 aftal,
411 1183 46 14 som
474 1184 25 15 en
516 1177 158 28 öfverflyttning
689 1178 21 20 af
725 1177 151 28 kompetensen
891 1177 46 21 frän
953 1178 70 21 lands-

208 1206 31 20 till
260 1205 147 22 stadsdomstol
423 1206 41 20 kan
480 1212 38 21 ega
533 1213 53 19 rum,
602 1207 39 20 och
657 1206 25 21 de
698 1206 98 27 ärevden,
812 1213 33 13 om
861 1206 71 21 hvilka
949 1207 38 20 här
1001 1209 23 18 är

206 1234 59 27 fräga
287 1235 38 20 och
340 1234 71 21 hvilka
426 1235 61 20 äfven
503 1235 26 20 de
546 1235 63 20 talare
624 1234 44 21 haft
683 1235 6 20 i
705 1235 60 25 sikte,
779 1241 46 14 som
840 1235 90 27 angripit
944 1235 79 21 utskot-

206 1265 40 18 tets
268 1262 138 27 betänkande,
426 1265 34 18 äro
476 1263 6 20 i
499 1263 72 28 regeln
588 1264 21 20 af
624 1263 61 21 enkel
701 1266 67 18 natur.
798 1263 41 26 Jag
854 1269 61 15 anser
930 1265 30 19 att
974 1270 49 15 man

206 1293 56 25 trygt
283 1291 41 20 kan
346 1291 70 20 lämna
439 1291 12 20 ä&
473 1291 46 21 sido
541 1292 39 21 den
602 1292 135 27 synpunkten
761 1293 30 19 att
812 1291 211 22 rädstufvurätternas

206 1320 70 21 arbete
300 1319 67 21 skulle
390 1320 55 20 ökas.
475 1319 31 22 En
531 1327 70 14 annan
623 1321 59 26 fräga
704 1322 23 19 är
742 1320 41 21 den
798 1321 103 20 huruvida
917 1321 107 27 värkligen

206 1348 125 25 stadgandet
356 1348 67 20 skulle
448 1349 72 19 kunna
545 1349 129 19 missbrukas
699 1349 7 19 i
730 1350 66 18 större
819 1349 144 26 utsträckning
986 1351 38 18 och

207 1375 212 27 landsbefolkningen
441 1376 123 26 därigenom
587 1376 31 20 till
640 1375 52 26 följd
714 1376 22 20 af
758 1376 35 20 sitt
808 1376 132 21 kreditbehof
956 1376 68 21 blefve

207 1407 93 23 tvungen
316 1405 29 19 att
360 1403 127 21 underkasta
502 1404 32 26 sig
549 1404 157 26 handläggning
718 1404 20 20 af
749 1404 64 20 saken
825 1404 34 20 vid
871 1404 152 21 stadsdomstol.

206 1431 42 22 Det
270 1433 23 19 är
312 1431 115 22 emellertid
443 1434 29 18 att
488 1432 111 21 observera
614 1434 35 24 att,
665 1439 33 14 om
714 1439 26 14 en
755 1432 120 22 handlande
890 1434 7 20 i
912 1434 52 26 stad,
980 1440 43 14 som

208 1460 136 22 utkrediterat
366 1467 62 14 varor
442 1460 32 21 till
490 1468 24 14 en
530 1461 96 27 landsbo,
642 1463 23 19 är
679 1462 117 26 angelägen
812 1464 30 18 att
856 1462 21 20 fä
892 1462 32 21 sin
940 1462 83 22 fordran

207 1490 87 20 utdömd
317 1489 34 21 vid
374 1489 154 27 stadsdomstol,
549 1490 42 21 han
610 1490 38 20 har
663 1496 26 14 en
704 1490 39 21 lätt
757 1492 64 26 utväg
837 1490 68 22 därtill
919 1491 7 21 i
942 1491 82 29 växeln,

207 1518 85 22 hvilken
308 1518 6 21 i
333 1519 36 21 det
383 1518 108 22 afseendet
506 1519 61 21 äfven
583 1518 73 22 hittills
673 1518 120 29 begagnats.
823 1519 49 21 Han
887 1520 53 21 låter
954 1520 71 28 gälde-
