1092 1814
185 131 41 21 916
551 135 93 20 Jaktlag.
938 133 12 16 7
961 132 48 21 maj.

185 206 22 20 af
221 205 78 21 Finska
320 204 69 27 viken,
404 204 37 20 där
456 203 41 21 den
513 205 43 19 äter
570 203 92 21 musslor
677 203 39 20 och
730 202 92 21 fiskrom.
852 202 11 20 I
881 203 70 19 västra
965 201 44 26 Ny-

186 234 50 20 land
259 233 72 22 finnes
353 233 42 20 den
416 234 57 19 ännu
496 232 52 21 efter
570 232 54 27 den
635 232 11 19 1
670 231 52 27 juni,
744 230 69 21 såsom
835 230 7 20 i
865 229 90 22 Porkala
971 230 38 20 och

185 262 85 22 Ekenäs
293 262 84 21 trakten
392 263 55 19 samt
461 260 8 20 i
484 267 26 14 en
527 260 33 21 del
576 260 21 21 af
611 260 81 20 Ålands
708 258 105 28 skärgård.
843 258 41 22 Det
899 258 41 21 kan
956 258 54 21 före-

187 291 50 21 falla
260 290 107 26 underligt
389 291 29 20 att
439 292 50 24 säga
511 291 30 19 att
562 294 50 16 man
627 288 37 21 vill
680 288 82 27 skydda
776 294 28 15 en
818 287 56 28 fågel
889 293 78 21 genom
981 288 30 20 att

187 320 66 20 tillåta
277 322 30 18 att
329 319 41 21 den
393 318 86 27 skjutes.
508 318 50 20 Men
579 317 59 21 fallet
660 319 22 19 är
700 319 35 25 att,
750 317 54 21 efter
818 316 36 21 det
869 322 29 14 nu
913 316 97 27 gällande

186 348 80 28 jagtlag
286 347 89 22 kommit
397 347 38 26 till,
450 346 72 28 äjdern
538 346 46 21 icke
599 346 38 20 har
651 345 69 21 blifvit
735 344 80 22 skonad
830 345 8 20 i
853 345 37 21 vår
905 344 105 27 skärgård.

187 376 66 22 Förut
266 376 55 21 hade
337 375 153 28 skärgårdsbon
506 376 60 26 nytta
582 375 20 21 af
618 374 40 21 den
670 375 38 20 och
719 374 27 21 då
756 374 43 20 höll
811 374 41 20 han
864 373 27 27 på
901 374 32 20 sin
943 373 68 27 äjder-

187 405 50 27 jakt.
267 405 50 21 Han
335 404 47 21 sköt
397 404 46 20 icke
458 406 65 18 annat
537 405 27 19 än
580 405 108 25 tupparna.
717 402 41 26 Nu,
774 402 65 21 sedan
854 401 71 28 äjdern
942 402 69 21 blifvit

187 433 90 28 fridlyst,
291 433 39 21 har
351 432 35 22 det
401 432 67 28 börjat
483 432 26 27 gå
524 432 43 21 helt
582 431 133 22 annorlunda
729 431 38 21 till.
796 430 33 22 De
844 431 69 27 skjuta
929 431 40 21 den
985 431 26 25 pä

188 462 117 27 tjufskytte,
321 462 54 20 blott
389 461 26 21 de
430 461 85 21 komma
531 461 25 25 ät,
572 461 39 20 och
626 462 48 25 taga
689 462 46 25 ägg,
750 460 89 20 emedan
855 460 42 20 den
911 460 47 20 icke
973 460 38 20 har

189 491 64 26 något
273 490 63 21 värde
359 490 32 20 för
414 490 53 20 dem.
497 489 32 21 De
552 490 72 20 kunna
643 489 46 20 icke
704 489 86 20 komma
805 488 21 21 åt
840 488 41 21 den
896 488 28 27 på
938 488 73 28 lagligt

188 521 41 19 sätt
251 519 68 21 under
341 518 41 21 den
404 518 29 21 tid
449 518 42 21 den
505 518 69 20 finnes
588 518 38 20 här
640 518 8 19 i
663 517 126 27 skärgården
806 517 38 21 och
860 517 71 20 därför
945 518 66 20 skona

188 548 27 21 de
237 548 42 21 den
301 548 52 20 icke.
383 547 31 21 På
432 547 71 21 denna
518 546 68 28 grund
602 552 61 15 anser
678 547 34 26 jag
728 548 30 20 att
771 547 117 19 momentet
902 545 38 21 bör
955 546 55 27 utgå.

188 577 42 21 För
244 577 63 27 öfrigt
321 577 84 20 förenar
419 576 36 27 jag
470 576 43 26 mig
528 582 33 14 om
577 575 100 26 förslaget
691 576 30 20 att
734 575 56 21 hona
803 574 21 21 af
834 574 68 27 tjäder
913 575 39 20 och
964 580 46 15 orre

188 605 54 21 skall
257 612 50 14 vara
321 604 85 27 fridlyst
420 604 46 20 från
483 605 40 20 den
541 605 9 19 1
566 603 120 21 november.

256 673 33 21 Hr
303 673 66 21 Eck:
399 672 33 21 Då
453 673 35 27 jag
507 672 46 21 icke
574 674 23 18 är
618 672 77 27 jägare,
710 672 42 20 kan
766 673 36 26 jag
817 672 132 26 naturligtvis
963 672 48 21 icke

188 704 57 25 yttra
266 702 43 26 mig
331 701 49 21 med
400 701 195 27 fackmannainsikt,
610 707 49 14 men
674 701 28 26 på
716 700 68 26 grund
800 700 22 21 af
836 700 41 21 den
893 700 118 22 erfarenhet

192 731 35 27 jag
243 730 75 21 vunnit
332 730 69 21 under
416 730 85 20 vistelse
516 729 27 27 på
557 729 147 27 landsbygden
715 729 49 21 ville
776 729 35 27 jag
821 729 76 21 föreslå
908 730 29 20 att
947 729 64 21 bland

188 759 79 27 nyttigt
277 758 102 21 villebråd
389 758 78 27 jämväl
477 758 68 21 skulle
556 758 88 21 beredas
656 757 68 27 skydd
737 758 21 20 åt
768 758 144 27 skogsdufvan
920 760 54 18 samt
982 759 30 19 att

189 788 56 26 förty
259 788 8 20 i
283 789 12 19 5
311 788 94 26 punkten
428 786 53 22 efter
503 787 123 27 meningen:
655 786 85 26 Tjäder-
758 786 39 22 och
820 788 91 25 orrtupp,
933 786 78 28 hjärpe,

188 816 47 27 ripa
249 816 40 21 och
304 816 65 20 andra
385 816 140 20 ofvannämda
541 817 55 19 arter
611 814 21 21 af
646 814 116 28 hönsfågel,
777 822 44 14 som
837 815 101 27 möjligen
948 815 64 21 fram-

189 845 58 21 deles
262 845 7 19 i
284 844 72 21 landet
378 844 130 21 förekomma
523 844 7 20 i
546 844 51 20 vildt
619 843 115 27 tillstånd»,
757 843 68 21 skulle
847 843 78 21 införas
945 844 65 21 orden

193 875 66 19 »samt
274 873 149 27 skogsdufva».

257 936 33 21 Hr
305 935 89 21 Sikio:
425 935 58 21 Minä
505 935 106 27 pyytäisin
633 935 63 21 saada
719 936 113 20 kannattaa
854 936 38 20 hra
913 936 98 20 Idmanin

190 964 111 21 ehdotusta
316 966 42 19 että
370 964 157 20 rauhoitusaika
540 963 157 27 kanalinnuille,
709 964 81 20 samoin
801 964 51 20 kuin
863 964 148 28 jäniksillekin,

190 992 170 28 pidennettäisiin
371 992 93 21 elokuun
476 992 121 22 viimeiseen
607 992 88 27 päivään
704 992 84 21 saakka.
810 992 50 22 Mitä
869 993 142 21 mainittuihin

189 1021 142 27 lintulajeihin
341 1021 62 25 tulee,
419 1021 44 20 niin
479 1021 106 27 pyytäisin
602 1020 62 22 saada
675 1021 136 21 huomauttaa
822 1023 42 19 että
874 1021 52 21 niitä
938 1022 73 26 lämpi-

189 1050 59 21 minä
258 1049 169 22 vuodenaikoina
439 1050 123 20 sisämaassa
573 1050 59 21 usein
643 1049 120 28 pyydetään
772 1050 44 20 niin
824 1050 93 20 suurissa
925 1050 86 26 määrin,

190 1080 43 20 että
254 1079 71 21 riistaa
346 1078 73 28 paljon
440 1078 139 27 mätäneekin,
599 1078 47 21 sillä
660 1078 63 21 ilman
740 1078 76 22 ollessa
830 1078 114 28 lämpimän
960 1079 52 21 niitä

190 1107 20 21 ei
226 1108 33 20 voi
275 1107 101 27 kuljettaa
391 1107 99 27 pitempiä
505 1107 91 27 matkoja
610 1107 22 27 ja
647 1108 57 20 tarve
717 1107 179 27 paikkakunnalla
911 1114 27 14 on
949 1108 62 27 pieni.

190 1136 50 21 Niin
255 1136 48 27 pian
319 1136 51 20 kuin
383 1136 59 20 ilmat
454 1136 141 26 kylmenevät,
610 1136 128 27 kuljetetaan
754 1136 51 21 niitä
818 1136 98 21 Pietariin
927 1137 21 26 ja
958 1137 53 20 mui-

189 1165 38 21 hin
248 1165 82 20 suuriin
351 1164 167 28 kaupunkeihin;
540 1164 69 21 silloin
631 1164 122 21 kallistuvat
774 1165 74 21 hinnat
864 1165 92 27 paikalla
971 1166 41 20 100

190 1193 123 27 prosentilla
328 1194 49 26 jopa
397 1194 155 20 enemmänkin.
582 1193 38 21 Jos
640 1193 37 21 siis
696 1193 116 21 luvallinen
833 1194 179 26 pyydystäminen

190 1222 74 20 alkaisi
282 1222 151 26 myöhemmin,
452 1222 45 20 niin
518 1228 22 14 se
555 1222 58 20 tulisi
628 1221 96 21 olemaan
740 1223 97 20 suuresta
851 1222 162 26 merkityksestä

190 1250 307 20 kansallistaloudellisessakin
518 1250 114 27 suhteessa,
647 1250 179 27 puhumattakaan
845 1250 48 21 siitä
908 1252 42 19 että
964 1257 48 14 rau-

190 1279 119 27 hoitusajan
325 1278 153 28 pitentäminen
493 1279 119 20 vaikuttaisi
628 1279 155 21 metsänriistan
799 1279 176 27 lisääntymiseen.

258 1346 33 21 Hr
310 1346 103 21 Lindh:
448 1346 41 27 Jag
506 1347 39 20 ber
558 1349 30 18 att
603 1347 21 20 fä
639 1346 83 21 bemöta
737 1347 36 20 hrr
787 1347 87 20 Idmans
889 1348 38 19 och
943 1347 69 21 Sikios

190 1373 134 28 pästäenden.
354 1373 42 22 Det
418 1374 41 20 kan
481 1375 23 26 ju
524 1381 50 14 vara
593 1376 30 19 att
641 1374 35 21 det
690 1375 32 20 för
737 1374 115 22 vildnaden
867 1381 50 15 vore
933 1382 42 21 nog
990 1376 23 20 sä

191 1403 56 26 godt,
267 1409 34 14 om
323 1403 42 20 den
388 1402 69 21 blefve
472 1402 84 27 fridlyst
571 1403 55 20 ända
641 1402 32 21 till
689 1403 11 20 1
716 1403 124 27 september,
856 1409 49 15 men
919 1403 36 28 jag
970 1406 43 19 tror

190 1431 13 21 ä
223 1431 66 21 andra
309 1431 61 20 sidan
393 1433 30 19 att
445 1431 71 27 folket,
539 1431 32 21 för
591 1431 80 21 hvilket
692 1432 21 20 vi
731 1432 34 21 väl
780 1432 121 27 egentligen
915 1432 98 28 lagstifta,

190 1459 69 22 skulle
279 1466 49 15 vara
351 1459 82 22 mindre
456 1460 58 27 gladt
535 1461 59 21 öfver
616 1460 63 27 detta,
700 1463 24 25 ty
742 1461 54 21 efter
810 1461 42 22 den
868 1461 10 21 1
895 1462 119 27 september

190 1489 63 21 hafva
267 1489 27 21 de
309 1489 64 27 nägot
387 1489 58 21 svärt
459 1491 30 19 att
504 1489 84 22 komma
602 1489 22 21 ät
638 1489 76 28 fägeln.
744 1489 42 22 Det
800 1490 55 21 enda
870 1492 61 19 sättet
944 1491 70 21 härför

191 1524 50 15 vore
263 1517 26 21 dä
308 1517 155 28 bulvanskytte,
482 1520 23 25 ty
519 1518 33 21 för
566 1518 58 21 hund
639 1518 67 21 häller
721 1525 62 15 orren
797 1519 47 22 icke
860 1519 26 21 dä
901 1525 58 16 mera
974 1520 39 21 och
