1106 1800
193 131 56 21 1158
419 136 123 18 Folkskolor
553 137 8 15 i
572 136 214 18 landskommunerna.
933 138 22 16 15
967 138 47 20 maj.

192 204 77 27 silloin,
288 204 45 20 kun
348 204 38 20 hra
402 204 105 21 Grönroos
522 204 79 21 ehdotti
617 204 86 20 Raahen
718 205 127 20 seminaarin
861 205 154 26 laajentamista

192 232 82 21 toisella
295 232 105 26 osastolla,
422 232 29 20 oli
466 233 153 20 ensimmäinen
636 233 52 20 mies
703 232 39 21 sitä
757 232 63 20 kiven
836 232 81 21 kovaan
934 235 80 18 vastus-

193 263 89 18 tamaan.
311 260 87 27 Tietysti
420 262 128 20 tämmöinen
567 261 166 21 suurenmoinen
748 263 85 19 muutos
849 261 113 27 edellyttää
977 268 36 15 sen

192 291 43 19 että
257 291 38 25 nyt
318 291 111 19 enemmän
445 289 49 21 kuin
511 290 63 21 tähän
589 289 77 21 saakka
682 290 128 26 pidettäisiin
826 290 72 20 huolta
914 290 100 27 opettaja-

192 318 92 20 voimain
304 317 188 22 valmistamisesta.
522 318 51 21 Sillä
587 319 32 26 jos
635 318 19 20 ei
670 318 38 22 sitä
723 318 68 25 tehdä,
807 318 43 20 niin
866 318 60 21 eihän
943 320 71 26 päästä

192 346 129 27 mihinkään,
345 346 19 22 ei
386 347 142 21 tuumaakaan
554 347 116 27 eteenpäin.
705 347 56 21 Aina
786 346 100 22 tultaisiin
911 347 102 27 koulujen

191 375 114 21 lisäämistä
325 376 155 20 vastustamaan
500 375 46 21 sillä
561 375 185 21 huomautuksella
761 376 50 20 ettei
826 376 33 20 ole
875 376 104 26 opettajia,
993 376 20 27 ja

192 404 44 20 kun
252 403 56 22 tulee
324 404 102 26 kysymys
441 404 139 21 seminaarien
597 404 181 27 laajentamisesta,
791 404 44 20 niin
851 406 45 19 taas
912 407 101 18 vastuste-

192 434 48 18 taan
263 432 47 21 sillä
331 432 106 21 väitteellä
456 434 42 19 että
513 433 19 20 ei
548 433 74 20 tarvita
638 433 104 26 opettajia.
772 432 63 21 Tämä
851 439 27 14 on
894 433 43 20 niin
954 433 58 20 suuri

192 459 159 28 ristiriitaisuus,
366 460 49 21 ettei
434 461 71 20 luulisi
525 460 121 21 semmoista
661 460 96 21 voitavan
774 461 100 26 säädyssä
889 461 124 21 esiintuoda.

192 488 27 21 Se
244 489 88 27 pelotus,
356 489 49 27 joka
427 489 61 21 täällä
511 491 59 24 myös
594 495 26 15 on
643 489 121 26 esiintuotu,
780 491 42 19 että
842 490 65 20 kansa
921 489 92 28 rupeaisi

191 517 146 21 kansakoulua
353 517 131 27 vihaamaan,
498 518 32 26 jos
548 517 143 28 jonkunlaista
706 517 81 28 pakkoa
803 517 46 22 sille
865 518 118 27 pantaisiin,
993 519 19 20 ei

192 547 68 20 enään
276 546 115 21 ensinkään
407 546 48 27 pidä
470 547 133 26 paikkaansa.
624 546 32 21 On
672 547 21 26 jo
708 546 59 27 kyllä
782 547 70 26 nähty,
868 547 79 20 kuinka
963 553 50 14 suu-

192 573 52 22 rella
266 574 79 21 innolla
366 575 21 27 ja
409 575 79 20 halulla
509 575 65 21 kansa
588 575 21 27 ja
624 575 82 20 kunnat
720 575 40 20 itse
775 575 87 27 kouluja
886 578 126 25 perustavat.

192 602 68 22 Mutta
275 604 81 20 useissa
371 604 83 27 paikoin
470 611 27 13 on
515 606 84 19 esteenä
609 610 22 14 se
642 606 42 19 että
694 604 43 20 kun
749 611 26 13 on
787 604 131 21 esimerkiksi
929 604 84 21 kirkon-

192 632 77 26 kylään
288 632 28 21 tai
332 632 122 22 tiheämmin
465 635 101 19 asuttuun
582 635 91 19 seutuun
690 636 60 18 saatu
765 633 72 27 koulu,
853 633 42 21 niin
912 635 102 19 ruvetaan

192 660 233 28 välinpitämättömäksi
448 662 147 26 syrjäpuolista
618 661 22 27 ja
663 661 86 21 kunnan
765 662 131 20 harvemmin
912 662 102 20 asutnista

193 689 70 21 osista.
292 689 27 22 Ja
341 690 75 20 senkin
439 690 76 21 tähden
539 692 55 19 tämä
610 692 70 18 asetus
695 690 47 20 olisi
757 690 83 21 erittäin
856 690 123 22 tervetullut
993 691 21 27 ja

192 717 139 28 tarpeellinen
356 720 43 19 että
423 718 146 21 kansakoulun
597 719 57 26 etuja
677 725 91 15 samassa
791 719 106 21 kunnassa
921 719 94 21 tulisivat

190 746 71 21 kaikki
284 749 45 19 osat
348 747 130 21 nauttimaan
501 748 72 20 mikäli
592 747 134 21 mahdollista
744 747 86 26 yhdellä
849 750 66 24 tapaa,
931 747 82 21 eivätkä

192 775 121 21 ainoastaan
329 782 33 20 ne,
376 776 58 26 jotka
449 778 48 18 ovat
512 778 105 19 sattuneet
632 778 131 18 asettumaan
776 776 79 27 pitäjän
875 776 93 21 keskelle
987 776 27 21 eli

191 803 76 21 kirkon
282 804 81 21 lähelle.

260 860 33 21 Hr
306 859 106 22 Heikel:
442 860 42 21 Det
501 860 66 28 gäller
583 860 88 24 140,000
688 860 63 21 barns
766 860 143 28 skolbildning
924 861 50 21 sade
990 861 24 21 hr

192 888 102 21 Sundvall
314 889 39 20 och
374 889 70 21 därför
462 889 31 20 fär
508 896 48 14 man
573 889 91 21 hvarken
682 896 48 14 vara
746 890 66 26 njugg
827 889 52 21 eller
894 890 40 26 sky
949 890 65 28 nägra

192 917 151 26 tvängsmedel.
372 917 34 26 Ja,
428 918 62 20 hvem
512 918 20 20 af
548 924 34 14 oss
597 917 67 21 skulle
680 918 33 20 väl
728 918 47 20 icke
790 920 65 25 gärna
870 924 23 14 se
908 920 30 19 att
953 918 61 21 dessa

193 946 89 26 140,000
305 945 50 21 barn
380 946 64 20 redan
458 946 8 20 i
482 952 87 21 morgon
592 946 40 27 dag
654 946 68 20 skulle
744 946 84 21 komma
848 947 22 20 in
885 947 7 20 i
908 953 25 15 en
950 947 63 21 första

191 973 95 22 klassens
309 974 109 21 folkskola.
448 974 50 21 Men
520 975 36 21 det
570 977 24 18 är
611 981 29 14 nu
656 974 47 21 med
719 974 41 21 alla
775 975 78 21 sociala
868 976 103 20 reformer
985 975 28 26 sä,

192 1004 30 19 att
237 1002 26 21 de
277 1002 47 21 icke
340 1003 72 20 kunna
426 1003 183 27 penomförasien
624 1002 171 28 handvändning,
811 1010 48 14 man
875 1005 66 19 mäste
957 1004 56 26 gifva

192 1030 32 27 sig
239 1030 27 21 tid
284 1031 38 21 och
338 1031 42 21 läta
394 1031 159 21 förhällandena
568 1031 132 27 smäningom
716 1032 97 20 utveckla
823 1032 37 26 sig.
890 1032 27 20 Vi
930 1032 83 20 komma

192 1058 69 22 denna
276 1059 58 21 afton
349 1061 30 19 att
394 1059 104 21 behandla
513 1066 26 15 en
555 1060 58 27 fräga
628 1066 34 14 om
679 1059 77 21 värden
773 1060 21 20 af
808 1060 41 20 alla
865 1060 26 20 de
907 1061 107 27 vanartiga

192 1087 124 28 ungdomar,
331 1094 46 14 som
392 1090 54 18 växa
462 1094 42 21 upp
518 1088 7 20 i
542 1088 45 21 vårt
602 1088 55 21 land.
688 1088 55 21 Utan
765 1088 71 21 tvifvel
853 1088 69 22 finnas
938 1088 76 28 många

192 1116 103 21 tusenden
318 1116 85 27 sådana,
424 1122 48 15 men
495 1117 20 20 vi
534 1116 72 21 kunna
622 1116 46 21 icke
683 1116 66 21 häller
763 1117 21 20 få
800 1117 47 21 dem
863 1117 48 21 med
927 1123 37 15 ens
980 1117 33 21 väl

192 1144 134 28 uppfostrade
349 1145 38 21 och
408 1144 90 28 skolade,
522 1151 50 15 utan
596 1145 66 21 måste
676 1146 49 26 nöja
740 1152 34 14 oss
790 1146 47 20 med
853 1148 30 18 att
898 1146 69 20 denna
983 1152 30 15 re-

191 1173 53 21 form
268 1173 133 27 genomföres
423 1174 132 27 småningom
578 1174 68 20 under
670 1174 62 20 årens
749 1174 55 27 lopp.
836 1174 27 20 Vi
878 1174 51 21 böra
945 1174 68 21 därför

190 1201 53 27 icke,
258 1201 102 22 stödande
376 1209 34 14 oss
425 1203 26 26 på
466 1203 72 26 dylika
552 1203 111 20 ömmande
675 1203 128 22 uttalanden,
816 1203 84 27 vidtaga
911 1203 102 27 åtgärder,

192 1236 45 15 som
259 1230 104 21 måhända
386 1237 56 14 mera
465 1231 65 20 skada
551 1233 27 18 än
599 1237 74 21 gagna.
690 1243 24 2 —
730 1231 50 20 Man
801 1232 39 20 har
854 1234 45 25 sagt
921 1234 35 24 att,
979 1238 33 14 om

192 1258 63 21 också
270 1260 30 20 ett
314 1261 107 24 strängare
444 1259 64 27 tvång
522 1259 85 27 införes,
622 1259 64 28 ingen
702 1259 45 21 fara
762 1260 70 20 därför
848 1259 53 22 dock
918 1267 49 14 vore
981 1260 33 21 för

191 1287 84 20 handen
291 1289 30 19 att
335 1287 119 21 folkskolan
470 1287 68 22 skulle
554 1288 64 21 blifva
633 1288 103 27 förhatlig.
766 1288 127 21 Folkskolan
909 1289 7 20 i
931 1289 40 20 och
981 1289 32 20 för

191 1316 32 27 sig
245 1315 68 22 skulle
336 1316 123 27 visserligen
481 1316 47 21 icke
551 1316 65 21 blifva
635 1316 40 25 det,
690 1316 46 21 ifall
751 1317 41 20 den
807 1317 47 21 icke
869 1317 69 21 skulle
953 1317 59 21 kosta

191 1344 121 25 någonting.
342 1343 49 21 Men
413 1350 33 13 om
463 1344 153 20 kommunerna
631 1344 49 20 med
695 1350 37 14 ens
748 1345 85 25 åläggas
849 1347 29 17 att
893 1346 76 19 inrätta
984 1347 29 18 ett

191 1371 23 21 så
229 1373 52 19 stort
296 1371 57 21 antal
368 1371 76 27 skolor,
460 1373 30 19 att
504 1372 26 20 de
546 1372 107 26 värkligen
666 1371 68 21 skulle
748 1372 64 20 blifva
823 1372 60 20 däraf
893 1372 120 28 betungade

190 1411 29 3 —
234 1398 40 22 och
289 1399 35 21 det
339 1399 105 22 erkännes
458 1400 62 21 äfven
536 1400 7 20 i
558 1400 155 21 reservationen
730 1402 30 20 att
775 1400 23 22 så
812 1400 69 22 skulle
897 1401 64 21 blifva
974 1401 38 21 fal-

190 1428 30 21 let
235 1440 27 4 —
277 1428 23 21 så
322 1428 42 21 kan
387 1428 56 21 detta
465 1428 39 21 lätt
524 1428 107 22 förorsaka
652 1430 29 20 att
696 1436 48 14 man
761 1432 75 24 ytterst
851 1432 78 25 ogärna
944 1430 68 21 skulle

190 1456 49 28 foga
262 1456 32 28 sig
317 1457 68 21 under
406 1457 73 27 lagens
502 1457 130 27 stadganden
654 1458 39 21 och
711 1458 27 27 på
759 1458 30 21 alt
803 1460 41 19 sätt
855 1458 51 22 söka
921 1458 92 28 fördröja

191 1485 48 22 dess
262 1486 169 27 genomförande.
461 1486 11 21 I
494 1486 69 21 stället
585 1486 33 22 för
630 1489 29 19 att
674 1487 48 21 med
738 1487 72 21 kärlek
825 1488 72 21 arbeta
912 1488 32 20 för
959 1488 54 21 folk-

190 1514 86 22 skolans
292 1514 122 28 utveckling
428 1515 69 21 skulle
512 1522 48 14 man
577 1517 50 26 göra
643 1516 35 21 det
692 1516 112 28 motvilligt
815 1517 39 21 och
864 1518 91 26 tvunget.
980 1516 33 22 Hr
