1075 1761
288 217 30 17 Då
337 221 45 12 man
401 215 58 18 söker
477 215 72 18 utreda
566 215 68 22 frågor
646 214 53 17 inom
712 213 60 18 dessa
785 213 100 22 områden;
898 214 64 17 stöter

216 253 45 12 man
274 245 111 19 emellertid
397 246 73 23 genast
482 245 25 22 på
520 250 25 12 en
557 244 81 23 mycket
651 245 42 16 stor
706 242 105 24 svårighet
823 243 6 17 i
843 242 39 17 den
889 244 72 15 nästan

216 276 131 24 fullständiga
358 275 77 18 bristen
447 275 26 22 på
485 274 88 18 samlade
585 273 88 19 faktiska
685 272 103 24 uppgifter
801 279 32 12 om
845 271 116 19 arbetarnes

216 305 142 19 förhållanden.
383 304 41 24 Jag
436 304 35 18 vill
485 304 71 18 endast
568 306 48 22 taga
629 304 66 16 såsom
708 302 91 23 exempel
812 302 72 23 frågan
896 308 33 11 om
937 307 25 11 en

215 336 127 22 förkortning
367 334 20 18 af
405 334 123 18 arbetstiden
547 334 32 17 för
598 332 157 25 yrkesarbetare,
774 332 82 18 hvilken
875 331 87 18 öfveralt

215 366 37 18 hos
271 371 34 12 oss
324 364 67 18 blifvit
409 366 31 16 ett
459 364 22 17 af
491 364 76 23 dagens
580 364 52 17 mest
644 361 115 19 brännande
773 361 97 24 spörsmål
883 360 37 18 och
933 360 28 17 äf-

215 401 39 12 ven
265 395 54 17 varit
335 394 64 18 under
411 393 104 24 dryftning
527 394 54 16 inom
594 392 208 22 arbetareföreningar
814 391 7 17 i
834 390 24 18 de
870 389 59 20 flesta
942 391 20 16 at

215 425 45 18 vårt
272 424 58 17 lands
343 423 73 18 städer.

287 461 37 17 För
343 465 24 12 en
387 459 64 23 saklig
470 458 114 19 diskussion
603 457 22 19 af
641 457 64 18 denna
717 457 63 24 fråga,
794 463 42 12 som
847 456 23 24 ju
881 456 61 18 äfven
955 456 7 17 i

214 489 150 19 hufvudstaden
383 489 92 18 sistlidna
493 490 22 16 år
534 488 58 18 ledde
610 487 31 18 till
660 493 25 12 en
697 487 115 23 betydande
825 486 136 18 arbetsinstäl-

214 520 49 18 lelse
284 520 37 17 och
334 524 43 13 som
390 518 63 18 under
465 525 59 11 namn
537 517 23 19 af
570 518 70 22 frågan
653 523 32 12 om
698 517 77 18 normal
787 515 109 24 arbetsdag
907 516 54 17 inom

214 550 55 17 vissa
289 549 63 24 yrken
372 548 67 18 blifvit
459 547 64 19 delvis
541 548 42 18 löst
601 547 7 18 i
624 548 63 22 några
698 547 75 20 länder,
788 546 63 18 skulle
863 545 98 19 behöfvas

215 579 101 18 statistisk
327 579 110 23 utredning
449 578 22 17 af
481 578 39 17 den
533 577 114 18 nuvarande
660 576 135 18 arbetstidens
808 576 66 23 längd,
885 575 76 23 dödlig-

213 609 61 17 heten
286 609 54 17 inom
353 608 53 18 olika
417 608 68 23 yrken.
499 614 24 11 m.
537 614 24 11 m.

284 640 65 22 Äfven
363 643 61 19 andra
436 643 74 24 frågor,
525 649 42 12 som
580 643 7 17 i
598 642 108 24 bokstaflig
719 643 80 23 mening
812 644 34 16 äro
857 642 104 23 lifsfrågor

214 674 31 18 för
266 674 105 18 arbetarne
391 674 67 17 såsom
478 673 71 23 frågan
568 679 32 12 om
618 672 109 24 daglönens
741 672 82 22 storlek,
835 671 125 19 arbetarebo-

214 703 199 20 stadsförhållanden,
436 702 261 23 arbetarepensionskassor,
710 702 193 24 lärlingsväsendets
917 701 43 18 ord-

212 734 70 20 nande,
303 732 134 24 yrkesskolor,
458 732 255 24 konsumtionsföreningar
732 738 24 12 m.
775 738 24 12 m.
817 732 67 18 kunna
898 731 17 23 ej
929 734 30 15 ut-

212 763 58 18 redas
289 764 48 17 utan
356 762 119 24 förefintligt
492 762 112 18 statistiskt
615 762 96 18 material.
737 761 96 19 Enskilda
845 761 116 24 föreningar

212 793 61 18 hafva
291 793 120 23 visserligen
429 793 46 17 sökt
493 792 118 18 införskaffa
632 792 68 24 dylika
718 792 109 24 uppgifter,
840 797 52 17 men,
904 794 56 16 utom

212 824 31 17 att
263 822 70 18 därvid
355 822 56 18 detta
431 822 143 24 hopsamlande
595 822 39 18 lätt
646 822 89 18 kommer
748 824 31 16 att
791 822 36 18 ske
839 822 46 19 med
897 822 62 18 förut-

212 852 66 18 fattad
289 852 85 18 tendens
387 852 53 18 hvad
452 852 108 18 resultatet
572 852 68 23 angår,
653 852 122 24 öfverstiger
788 854 31 16 ett
831 852 65 48 Lä
909 852 50 18 före-

212 883 36 22 tag
260 882 25 17 de
298 881 100 19 enskildas
411 881 90 24 förmäga
514 882 37 17 och
564 881 80 18 krafter.

282 917 67 18 Sättet
370 917 31 18 för
422 917 166 18 införskaffandet
609 917 23 18 af
648 917 35 18 det
702 917 131 24 erforderliga
845 917 114 22 statistiska

211 947 113 18 materialet
336 946 79 19 fordrar
427 947 103 18 dessutom
543 948 102 23 noggrant
657 946 150 25 öfvervägande
819 947 37 18 och
869 953 25 12 en
901 947 58 18 enda-

211 977 106 24 mälsenlig
332 976 145 24 planläggning
490 979 52 15 samt
555 979 22 15 är
590 977 22 18 af
623 978 43 17 stor
678 976 106 24 betydelse
797 977 32 18 för
840 977 121 20 resultatets

210 1007 154 24 tillförlitlighet
382 1007 37 17 och
432 1007 154 18 användbarbet.
611 1007 62 17 Detta
685 1006 88 25 framgär
786 1008 13 17 t.
815 1013 30 12 ex.
859 1006 59 19 däraf
928 1009 31 16 att

210 1037 32 18 för
261 1037 67 23 Tyska
346 1036 54 19 riket
418 1037 22 17 år
457 1036 46 18 1892
516 1036 104 18 nedsattes
632 1041 25 12 en
672 1036 52 18 skild
736 1036 81 25 ständig
830 1037 128 18 kommission

210 1067 32 18 för
254 1065 188 21 arbetarestatistik,
455 1065 109 19 bestående
577 1066 23 18 af
609 1072 25 12 en
646 1066 126 21 ordförande,
786 1067 82 18 utnämd
878 1067 24 18 af
909 1067 49 18 riks-

210 1097 99 20 kanslern,
329 1096 38 17 och
389 1097 22 17 14
429 1095 32 18 för
477 1097 10 16 5
505 1097 22 17 &r
538 1095 60 20 valda
610 1096 115 21 ledamöter,
739 1096 23 18 af
771 1097 68 18 hvilka
852 1101 36 14 sex
901 1099 56 16 utses

210 1126 22 19 af
248 1125 160 24 förbundsrädet,
430 1125 32 24 sju
483 1126 22 18 af
521 1125 107 25 riksdagen
648 1125 36 18 och
701 1132 25 11 en
739 1127 84 17 medlem
837 1126 22 19 af
869 1127 88 18 rikskan-

210 1156 53 18 slern
281 1155 106 19 förordnas
405 1156 32 17 till
449 1156 154 18 kommissionen
616 1155 45 18 frän
674 1156 38 17 den
725 1156 108 24 kejserliga
845 1157 113 18 statistiska

209 1185 69 24 byrän.

280 1215 31 17 Då
320 1215 38 23 jag
369 1217 23 16 är
404 1214 121 25 öfvertygad
538 1221 33 13 om
584 1217 30 16 att
627 1220 25 13 en
665 1215 56 23 dylik
734 1216 102 18 statistisk
848 1216 109 24 utredning

209 1244 87 24 mäktigt
313 1244 64 18 skulle
390 1244 83 24 bidraga
485 1244 68 18 därtill
566 1246 31 17 att
609 1244 25 19 de
646 1244 74 25 frågor,
733 1245 68 19 hvilka
813 1252 28 12 nu
853 1246 105 19 framkalla

209 1274 204 18 arbetarerörelserna
431 1274 36 18 hos
486 1280 39 16 oss,
546 1275 78 22 komme
642 1276 31 17 att
685 1275 54 18 lösas
753 1276 31 17 till
797 1275 159 21 arbetsklassens

208 1304 86 16 fromma
314 1304 37 16 och
372 1306 49 14 utan
439 1305 31 15 att
488 1306 56 15 störa
556 1304 116 18 samhällets
685 1305 62 22 lugna
759 1305 122 24 utveckling,
894 1307 63 21 vågar

206 1332 37 24 jag
261 1332 37 18 hos
311 1332 106 24 Vällofliga
429 1332 173 24 Borgareståndet
614 1333 105 18 vördsamt
731 1334 79 18 anhålla
823 1339 31 13 om
867 1334 90 18 rhedvär-

209 1362 39 17 kan
259 1362 8 17 i
279 1367 24 12 en
315 1361 126 23 underdånig
452 1362 85 23 petition
552 1362 80 20 därhän,

493 1436 28 17 alt
540 1436 74 18 landets
638 1436 99 23 Vällofliga
755 1436 82 19 Ständer
855 1437 33 18 hos
899 1436 58 20 Hans

421 1465 106 22 Kejserliga
551 1466 89 22 Majestät
665 1466 137 23 underdänigst
827 1465 80 20 anhålla
927 1473 30 12 om
