1106 1792
98 123 23 17 21
134 124 47 19 maj.
393 114 230 34 Järnvägsbyggnader.
861 116 56 21 1273

99 190 129 26 22,960,000,
249 190 80 22 således
350 191 6 20 i
372 190 99 22 medeltal
487 192 28 25 7,5
530 190 99 28 miljoner
644 197 34 14 om
694 191 48 20 året.
772 190 63 21 Detta
850 190 65 27 enligt

98 219 111 21 utskottets
224 219 82 26 förslag.
329 219 47 21 Men
394 220 34 19 vid
442 219 156 27 behandlingen
614 219 20 21 af
650 220 115 20 detsamma
780 220 63 25 gingo
859 221 58 19 stän-

98 248 65 20 derna
184 247 77 21 åtskils.
291 247 54 27 Fyra
367 247 72 21 stånds
459 248 69 20 beslut
552 247 77 21 erhölls
644 247 75 21 endast
734 248 32 20 för
780 247 136 27 Uleåborg—

98 275 79 21 Torneå
193 276 74 27 banan,
282 276 33 20 för
329 275 132 27 Mäntyluoto
478 276 67 20 banan
561 278 31 18 tre
601 276 78 24 stånds,
690 276 108 20 hvaremot
809 276 34 20 två
854 276 60 20 stånd

98 304 101 21 stannade
215 306 44 18 mot
274 304 34 21 två
323 305 6 19 i
345 305 58 26 fräga
419 311 32 14 om
467 304 193 27 Kuopio—lisalmi
675 305 39 20 och
725 304 192 27 Karis—Helsing-

98 333 48 26 fors,
162 333 38 20 och
216 332 151 21 subventioner
383 333 114 27 beviljades
513 333 122 26 visserligen
651 333 21 20 af
686 333 41 20 alla
740 332 66 27 stånd,
823 339 49 14 men
882 332 32 21 till

99 361 55 21 olika
170 361 80 28 belopp.
273 361 66 28 Tager
354 368 49 14 man
418 361 98 21 särskildt
530 362 72 26 hvarje
617 361 72 21 stånds
701 361 75 25 beslut,
788 361 68 21 finner
866 368 50 14 man

99 392 29 19 att
152 390 23 20 R.
199 397 17 13 o.
239 390 25 20 A.
289 390 55 21 velat
364 390 31 21 till
416 390 223 27 järnvägsbyggnader
660 390 72 21 anvisa
754 391 43 24 245
813 390 102 27 miljoner,

98 419 153 27 prästeständet
267 419 41 24 19,7
323 419 104 27 miljoner,
443 419 171 26 borgareständet
626 419 43 26 21,7
680 419 97 26 miljoner
788 419 38 20 och
838 419 79 21 bonde-

98 447 83 21 ständet
199 447 43 26 20,5
258 447 102 27 miljoner,
375 448 39 20 och
429 454 29 14 nu
473 448 119 21 inkommer
606 448 200 26 järnvägsutskottet
821 448 47 20 med
887 451 29 17 ett

99 475 299 28 sammanjämkningsförslag,
411 476 65 26 enligt
491 477 83 25 hvilket,
590 483 33 14 om
636 476 35 20 det
686 476 67 20 skulle
765 478 92 25 antagas,
868 476 47 20 hela

99 504 94 27 anslaget
211 505 33 19 för
263 505 112 26 järnvägar
392 504 104 21 inklusive
512 505 150 20 subventioner
677 505 39 20 och
732 504 147 21 fullbordande
895 505 22 20 af

98 532 80 27 färdiga
200 533 110 26 järnvägar
334 533 67 20 blefve
425 533 122 26 15,700,000
570 533 69 21 mark!
670 532 40 27 Jag
732 533 66 20 mäste
814 533 103 20 beteckna

100 561 56 21 detta
170 561 69 21 säsom
255 564 29 18 ett
300 561 87 28 baksteg
401 561 46 21 frän
463 562 26 20 de
504 569 29 13 nu
548 561 92 21 rädande
656 561 164 26 förhällandena,
835 562 38 20 och
890 561 27 21 dä

99 591 29 20 ett
151 590 75 20 sädant
248 590 46 21 icke
311 591 37 20 bör
362 593 64 24 tagas,
442 593 50 18 utan
508 590 64 26 nödig
588 591 126 20 kontinuitet
729 590 6 20 i
750 590 167 27 järnvägsbygg-

99 619 92 20 naderna
207 619 155 26 upprätthällas,
377 622 54 17 samt
446 618 26 21 dä
488 619 24 20 de
528 619 125 20 omtvistade
669 618 93 21 banorna
777 619 139 26 ovilkorligen

98 647 43 20 förr
160 647 51 21 eller
233 653 72 15 senare
329 647 26 28 pä
377 650 29 18 etr
421 647 51 21 eller
488 651 62 18 annat
565 649 40 20 sätt
620 648 84 20 komma
720 650 30 18 att
764 647 85 26 byggas,
866 653 49 15 vore

99 675 35 21 det
156 675 65 27 enligt
244 676 42 21 min
303 677 62 20 tanke
381 676 43 21 skäl
438 678 29 19 att
483 676 17 27 ej
519 676 111 27 uppskjuta
646 676 46 20 med
709 676 60 21 deras
786 675 130 27 beläggande

99 704 48 20 med
168 704 77 27 arbete,
266 708 50 17 utan
331 705 64 20 redan
412 704 34 20 vid
462 705 69 20 denna
546 704 100 27 landtdag
661 705 51 20 söka
727 704 21 21 få
762 704 156 21 ständerbeslut

99 732 31 20 till
145 733 60 20 stånd
221 733 78 20 härom.
329 733 43 20 För
389 733 171 26 borgareständet
574 733 53 21 skall
642 733 34 20 väl
692 732 61 21 Karis
761 732 155 27 --Helsingfors

100 761 67 20 banan
191 763 52 24 väga
265 763 72 25 tyngst
359 761 64 21 redan
445 761 69 21 därför
529 764 29 18 att
573 762 69 20 denna
658 761 54 20 bana
728 761 64 21 borde
808 761 64 20 blifva
887 764 31 17 ett

100 789 45 20 stöd
170 789 32 20 för
224 789 270 21 kommunikationsfonden
521 791 38 19 och
582 789 82 21 säledes
687 789 99 28 utvidgad
807 789 109 27 möjlighet

99 817 68 21 finnas
189 819 30 19 att
241 818 61 21 äfven
325 818 32 20 för
372 818 112 21 framtiden
500 818 68 27 bygga
583 824 87 20 svagare
686 817 70 21 banor.
786 818 41 26 Jag
841 818 76 20 tänker

99 848 30 19 att
142 847 36 26 jag
192 846 47 21 icke
255 846 70 21 vidare
341 846 100 21 behöfver
455 847 110 26 uppehälla
581 847 43 26 mig
637 846 34 21 vid
685 852 26 14 en
723 846 130 26 motivering,
864 848 51 18 utan

100 874 31 21 fär
147 874 74 21 endast
241 875 85 21 föreslä:
343 877 30 18 att
389 875 159 26 borgarestädet,
565 875 47 20 med
630 875 179 20 underkännande
825 875 20 20 af
859 875 58 26 järn-

100 904 162 25 vägsutskottets
284 904 133 27 uppfattning
439 906 30 18 att
483 904 73 26 frågan
574 910 34 14 om
623 900 132 35 Helsingfors
778 904 68 20 Karis
861 906 55 18 samt

100 932 101 28 Kuopio—
212 932 78 21 Iisalmi
315 933 92 20 banorna
429 932 91 26 förfallit,
543 932 161 22 äterremitterar
725 932 142 21 betänkandet
884 932 33 20 för

100 964 29 18 att
146 961 101 21 utskottet
266 961 35 21 mä
315 961 106 21 inkomma
437 962 47 20 med
499 961 211 27 förfullständigande
726 961 20 21 af
761 961 35 21 sitt
811 967 105 15 samman-

99 990 204 26 jämkningsförslag,
319 990 112 27 uppgjordt
445 990 26 27 pä
479 990 63 20 sädan
551 990 68 26 grund
633 992 30 18 att
672 989 24 21 R.
704 996 18 14 o.
733 990 25 20 A.
769 990 39 20 och
819 990 97 26 borgare-

100 1018 83 21 ständet
197 1018 68 21 skulle
280 1019 99 26 inbjudas
394 1021 29 18 att
435 1019 72 20 förena
520 1019 31 26 sig
564 1025 33 14 om
610 1020 78 26 präste-
698 1018 38 21 och
747 1018 170 20 bondeständens

101 1046 68 21 beslut
184 1047 89 21 rörande
289 1047 193 27 Kuopio—lIisalmi
498 1047 79 21 banans
594 1047 110 27 byggande
720 1047 108 21 äfvensom
838 1048 79 25 präste-

101 1075 38 21 och
155 1075 158 21 bondeständen
329 1076 72 20 förena
417 1076 30 26 sig
464 1082 33 14 om
514 1075 129 21 förstnämda
658 1075 71 21 ständs
745 1075 68 21 beslut
828 1075 89 20 rörande

100 1104 227 27 järnvägsanläggning
349 1104 45 20 från
417 1104 133 26 Helsingfors
572 1104 32 20 till
622 1103 62 21 Karis
699 1104 51 20 eller
765 1110 68 14 annan
851 1103 68 27 punkt

100 1132 26 27 pä
147 1132 77 26 Hangö
246 1132 73 27 banan,
341 1133 53 20 dock
411 1132 46 22 icke
473 1132 98 28 ostligare
586 1134 26 19 än
629 1132 101 27 Gerknäs,
745 1132 115 26 hvarjämte
875 1132 42 20 för-

100 1160 45 28 slag
165 1161 109 26 angäende
293 1161 188 27 anslagsbeloppen
497 1161 31 21 för
543 1161 61 21 dessa
618 1161 67 20 banor
700 1160 64 21 borde
781 1160 21 21 af
817 1160 101 21 utskottet

100 1189 131 21 framställas.
261 1190 72 20 Skulle
356 1190 56 21 detta
435 1190 46 20 mitt
499 1190 77 26 förslag
591 1190 21 20 af
627 1189 172 27 borgareständet
814 1190 105 26 omfattas,

100 1218 65 20 borde
183 1218 48 20 med
247 1218 154 26 behandlingen
417 1219 22 20 af
453 1218 210 27 järnvägsutskottets
678 1218 66 27 öfriga
759 1218 78 26 förslag
852 1218 66 25 anstä,

100 1249 22 23 ty
145 1253 33 14 om
201 1253 29 14 nu
253 1247 22 20 sä
297 1247 100 27 olyckligt
419 1248 69 20 skulle
509 1247 26 27 gä
550 1250 30 18 att
595 1249 29 19 ett
639 1246 155 21 ständerbeslut
809 1246 109 26 angäende

101 1274 61 22 dessa
180 1275 35 21 tvä
230 1276 21 20 af
267 1276 42 26 mig
324 1276 37 20 här
377 1276 86 20 berörda
479 1276 65 20 banor
557 1276 45 20 icke
618 1275 84 21 komme
717 1275 31 21 till
764 1275 66 25 ständ,
847 1274 72 20 kunde

100 1303 113 21 ständerna
228 1304 61 20 hafva
304 1304 31 27 sig
346 1304 124 26 rättigheten
481 1304 128 20 förbehällen
621 1306 30 18 att
660 1304 66 20 ändra
736 1303 182 27 anslagsbeloppet

100 1332 32 20 för
146 1332 80 20 Torneä
243 1333 73 20 banan.
336 1332 39 21 Fäs
389 1332 46 21 äter
449 1332 153 21 ständerbeslut
617 1332 32 20 till
664 1332 60 20 ständ
738 1332 32 20 för
780 1332 60 20 dessa
851 1331 67 27 bägge

101 1360 70 24 banor,
195 1360 72 21 kunde
283 1361 35 20 det
333 1367 49 14 vara
397 1360 45 21 skäl
457 1363 30 18 att
505 1361 2 19 i
523 1361 69 26 nägon
608 1361 49 19 män
672 1360 125 20 omstilisera
813 1360 104 20 klämmen

101 1388 26 26 pä
149 1388 45 20 sida
215 1389 12 19 3
248 1390 47 19 med
311 1390 99 19 afseende
426 1389 12 20 &
453 1390 26 19 de
494 1388 160 21 instrumentala
669 1389 188 25 undersökningar,
872 1394 45 14 som

101 1416 44 20 däri
160 1416 92 26 begäres.

168 1472 33 21 Hr
216 1472 197 28 Schybergson:
444 1472 42 21 För
500 1472 40 20 den
557 1472 99 20 händelse
671 1472 113 20 ständerna
799 1472 72 20 förena
887 1472 32 26 sig

101 1508 34 15 om
158 1502 23 20 hr
204 1501 112 28 Hallbergs
335 1501 83 27 förslag,
438 1502 38 20 har
498 1501 130 27 naturligtvis
650 1500 200 28 järnvägsutskottet
871 1501 48 21 icke
