1089 1770
345 141 309 28 Petitionsmemorial.

229 206 72 28 Borg.
318 207 29 22 st.
666 207 45 22 N:o
727 207 36 22 14.

285 536 50 20 Till
351 536 134 26 vällofliga
500 537 217 26 Borgareståndet.

192 596 42 21 Vid
251 598 55 19 1891
325 598 34 18 års
373 597 100 25 landtdag
489 599 74 23 antogo
579 597 114 20 Ständerna
704 598 7 18 i
721 597 91 25 enlighet
824 597 46 20 med

121 627 32 19 till
168 627 47 19 dem
237 626 107 21 framstäld
367 627 62 25 nådig
451 627 125 25 proposition
600 634 25 12 en
644 627 87 25 ändring
747 626 22 20 af
784 628 10 18 1
811 634 58 13 mom,

123 658 28 18 32
168 657 13 26 &
196 657 200 25 Värnepligtslagen,
411 656 132 26 hvarigenom
558 664 102 19 personer,
671 657 71 20 hvilka
751 658 119 25 genomgått

121 687 58 25 högre
202 686 171 20 handtverksskola
393 687 49 19 eller
457 686 142 21 industriskola
613 686 115 20 likställdes
744 687 46 19 med
805 687 65 25 öfrige

121 717 7 19 i
144 716 88 20 nämnda
247 720 88 16 moment
350 717 133 25 uppräknade
499 716 149 27 värnepligtige
664 717 6 19 i
686 718 23 18 så
723 718 64 18 måtto
803 720 30 16 att
844 717 25 20 de

121 746 66 20 skulle
204 747 32 19 stå
251 748 36 18 två
303 748 23 18 år
341 746 7 20 i
363 747 58 19 aktiv
436 747 63 25 tjenst
514 747 37 19 och
567 746 88 20 derefter
670 747 6 19 i
692 749 32 17 tre
739 748 23 18 år
777 746 50 20 höra
838 747 31 19 till

120 783 103 13 reserven.
254 776 45 20 Den
322 776 120 26 förordning
465 777 106 25 angående
594 776 79 20 ändrad
695 777 78 25 lydelse
789 776 23 20 af
826 780 42 16 sär-

121 806 67 20 skilda
211 806 119 26 paragrafer
345 807 7 19 i
369 806 199 27 Värnepligtslagen,
589 813 42 13 som
647 806 116 20 Ständerna
778 806 7 19 i
801 806 67 20 anled-

120 836 51 26 ning
187 836 22 20 af
222 836 87 20 berörda
333 836 75 25 nådiga
431 836 124 26 proposition
579 836 32 20 till
634 836 53 20 1891
713 837 33 19 års
770 836 100 26 landtdag

120 868 81 23 antogo,
217 866 38 19 har
278 869 55 16 ännu
351 866 46 20 icke
412 866 69 20 blifvit
495 866 102 25 utfärdad,
613 866 37 20 och
666 866 35 20 det
716 866 40 20 kan
772 866 31 20 till
819 866 50 25 följd

120 895 61 20 deraf
201 898 92 23 antagas,
318 898 31 17 att
370 895 83 20 ärendet
469 895 100 21 måhända
584 896 90 19 kommer
690 898 30 17 att
736 896 6 19 i
758 895 111 20 förändrad

121 925 51 20 form
188 927 53 24 ånyo
256 925 116 26 föreläggas
388 925 119 20 Ständerna.

188 955 11 19 I
215 955 111 26 anledning
341 955 60 20 häraf
414 955 76 20 tillåter
503 956 36 25 jag
554 955 42 26 mig
611 955 79 25 föreslå,
707 958 30 17 att
753 955 115 20 Ständerna

120 987 63 18 måtte
198 985 7 19 i
221 992 25 13 en
270 985 129 26 underdånig
419 985 85 26 petition
527 985 106 20 framhålla
654 985 179 26 nödvändigheten
849 985 23 20 af

119 1017 30 18 att
173 1015 59 20 äfven
255 1015 40 19 den
315 1015 93 20 tekniskt
430 1015 104 20 utbildade
549 1014 129 21 industriella
692 1015 129 26 färdigheten
837 1016 32 19 må

120 1045 90 20 tilldelas
234 1046 63 25 något
321 1045 68 26 skydd
413 1045 37 20 och
470 1048 137 23 uppmuntran
623 1052 72 18 genom
711 1047 31 18 att
757 1045 112 26 inrymmas

119 1075 64 20 bland
199 1075 24 19 de
239 1075 185 26 bildningsgrader,
440 1075 71 20 hvilka
526 1075 102 25 berättiga
643 1075 32 19 till
690 1075 105 20 förkortad
811 1075 57 20 aktiv

119 1105 112 25 tjenstetid.
262 1105 45 20 Den
331 1105 94 20 tekniska
447 1105 142 25 utbildningen
606 1105 93 25 betingas
721 1105 46 20 icke
783 1105 86 20 allenast

119 1135 23 20 af
163 1137 29 17 ett
214 1135 53 20 visst
289 1137 51 18 mått
361 1135 163 26 skolkunskaper
546 1137 50 18 utan
617 1135 97 25 derjemte
730 1135 22 19 af
765 1135 103 25 naturliga

119 1165 67 25 anlag,
202 1165 39 19 och
261 1165 70 20 dessas
347 1165 119 25 utveckling
481 1165 86 20 medelst
582 1165 104 25 praktiskt
701 1165 131 20 inhemtande
848 1165 23 19 af

119 1197 30 18 ett
165 1195 52 20 visst
231 1195 57 25 yrke.

190 1225 73 20 Denna
279 1225 95 26 speciella
390 1225 186 26 yrkesskicklighet
591 1225 38 20 hos
645 1225 120 20 arbetarena
773 1228 23 17 är
803 1232 26 13 en
837 1225 31 20 för

118 1255 81 20 landets
222 1255 130 20 industriella
371 1255 186 20 framåtskridande
575 1255 7 19 i
592 1255 41 25 hög
648 1255 51 26 grad
715 1255 67 25 vigtig
795 1255 72 20 faktor.

118 1285 41 20 Det
183 1285 102 20 allmänna
307 1285 98 20 intresset
427 1291 70 14 manar
520 1285 68 20 derför
612 1287 30 17 att
663 1285 80 26 skydda
764 1285 37 19 och
818 1292 49 19 upp-

118 1318 82 16 muntra
223 1315 154 19 förvärfvandet
397 1315 23 19 af
433 1315 64 19 sådan
513 1315 82 19 teknisk
610 1314 117 26 utbildning
743 1317 52 17 samt
811 1315 57 25 gifva

119 1344 39 20 den
174 1344 137 24 erkännande,
327 1344 36 20 der
384 1344 39 20 den
439 1344 114 20 förefinnes.
584 1344 40 20 Det
640 1347 23 16 är
678 1344 39 20 lätt
732 1346 30 18 att
777 1344 45 20 inse
837 1346 31 17 att

119 1381 24 13 en
167 1374 57 20 aktiv
245 1374 75 20 militär
343 1374 62 26 tjenst
425 1376 26 24 på
467 1376 31 18 tre
514 1376 22 18 år
551 1374 67 20 under
633 1374 42 26 just
691 1374 38 20 den
745 1374 63 25 ålder,
824 1380 43 14 som

119 1404 47 18 bäst
181 1410 64 19 egnar
261 1404 32 24 sig
307 1404 32 18 för
354 1404 83 19 teknisk
452 1404 122 24 utbildning,
590 1404 64 18 måste
665 1404 62 18 hårdt
737 1403 78 20 drabba
826 1403 39 19 den

119 1432 99 26 skicklige
234 1432 161 26 yrkesarbetare,
412 1440 42 12 som
470 1432 74 26 drager
560 1439 23 13 en
601 1432 64 20 sådan
680 1432 43 21 lott.
