1117 1789
97 126 23 16 14
132 126 46 21 maj.
414 120 187 33 Hästutskrifning.
863 123 55 20 1119

96 193 64 28 fråga,
176 193 37 22 ber
226 195 36 26 jag
277 196 30 19 att
319 195 22 20 få
355 195 52 21 först
422 195 71 21 lämna
507 202 27 14 en
549 195 82 21 kortare
647 196 128 27 orientering
789 196 8 20 i
808 196 65 21 saken
885 196 33 21 för

97 224 29 19 att
149 222 65 21 sedan
236 223 86 26 öfvergå
345 223 31 20 till
398 225 30 19 att
449 223 110 21 framhålla
577 224 41 20 den
633 224 129 27 ståndpunkt
775 225 36 26 jag
825 225 7 20 i
848 224 70 21 denna

96 250 58 27 fråga
176 251 87 26 intager.
293 251 41 27 Jag
355 251 54 20 skall
430 251 84 21 försöka
536 252 50 21 fatta
608 253 43 25 mig
669 252 24 20 sä
707 253 47 20 kort
768 259 46 14 som
830 253 87 26 möjligt,

97 285 48 14 men
169 279 81 20 befarar
272 279 54 20 ändå
348 281 30 19 att
399 280 47 21 mitt
466 280 134 27 andragande
616 280 69 21 denna
701 280 55 27 gång
771 281 66 20 måste
853 281 64 20 blifva

96 307 133 27 vidlyftigare
245 309 27 18 än
287 307 86 28 vanligt.

164 335 10 20 I
189 335 106 26 Ryssland
310 336 93 21 infördes
418 335 135 28 obligatorisk
568 337 124 26 försäljning
707 337 21 20 af
739 337 70 21 hästar
821 337 33 20 för
862 337 56 21 mili-

96 365 44 20 tära
162 364 64 21 behof
249 364 54 21 1876
326 365 39 20 och
387 364 132 27 tillämpades
541 365 46 21 kort
609 365 64 27 därpä
689 365 34 20 vid
739 365 42 21 den
796 365 27 21 dä
837 365 80 21 skedda

96 392 171 27 mobiliseringen
283 392 21 21 af
318 393 64 26 ryska
396 394 77 19 armén.
499 393 124 21 Sedermera
638 393 37 21 har
691 396 28 19 ett
731 395 47 25 nytt
787 393 129 28 reglemente

95 421 7 20 i
118 420 56 22 detta
196 421 99 20 afseende
311 423 107 18 emanerat
433 421 40 20 den
489 422 13 19 8
517 422 41 27 maj
575 422 61 20 1884.
662 421 42 22 Det
719 424 22 18 är
756 422 27 26 pä
797 422 71 21 denna
882 422 36 27 lag

94 449 65 27 jämte
182 449 65 27 nägra
270 449 119 21 sedermera
411 449 102 21 utkomna
534 450 151 21 instruktioner
701 451 38 20 och
755 450 162 28 bestämningar,

95 484 44 14 som
161 478 204 26 hästutskrifningen
381 478 6 20 i
403 478 104 26 Ryssland
523 478 33 21 för
570 479 132 20 närvarande
718 478 84 21 baserar
817 479 37 26 sig.
884 478 32 21 Dä

95 506 36 21 det
144 506 64 26 ryska
224 508 101 24 systemet
340 508 23 19 är
377 506 24 21 sä
415 508 30 19 att
457 508 50 26 säga
517 513 26 15 en
554 506 212 28 sammanblandning
778 507 22 21 af
809 508 37 20 det
855 507 61 27 tyska

95 535 39 20 och
156 535 36 21 det
212 535 91 25 franska,
326 534 54 22 skall
401 535 35 27 jag
459 535 61 21 äfven
542 536 45 20 helt
607 536 48 20 kort
677 536 73 20 beröra
765 536 26 20 de
806 536 110 27 principer,

94 563 79 27 hvarpä
187 564 202 26 hästutskrifningen
404 563 7 21 i
427 564 61 20 dessa
503 566 77 19 tvänne
594 564 74 20 länder
683 566 23 18 är
718 564 93 21 baserad.
831 564 10 20 I
851 564 65 26 Tysk-

93 592 51 20 land
166 592 66 20 förfar
252 599 50 13 man
322 592 27 27 pä
365 592 34 21 det
414 594 62 19 sättet
491 595 29 19 att
535 593 96 27 samtliga
646 593 70 20 hästar
729 593 53 20 först
797 593 119 21 förtecknas

95 620 21 20 af
136 620 165 22 kommunernas
323 620 148 22 föreståndare.
505 620 97 22 Därefter
623 620 104 28 företages
749 628 26 14 en
798 621 118 27 mönstring

95 649 47 20 med
158 649 61 21 dessa
237 649 70 21 hästar
323 650 39 20 och
377 649 120 21 sedermera
512 650 125 20 bestämmer
651 649 125 27 provinsens
791 650 124 26 öfverpresi-

94 677 51 21 dent
159 678 7 20 i
182 677 82 21 samråd
284 678 49 20 med
349 678 192 20 kommenderande
556 678 112 26 generalen
684 678 55 20 huru
754 677 77 27 många
846 678 70 20 hästar

94 705 59 21 skola
175 706 91 20 fördelas
289 706 26 27 pä
337 706 72 26 hvarje
432 706 33 21 del
488 706 45 21 utaf
552 708 30 19 ett
596 706 88 21 distrikt.
714 706 43 20 När
771 706 145 26 mobilisering

94 734 146 27 förekommer,
256 734 22 20 sä
295 734 76 21 samlas
387 734 60 22 dessa
463 735 70 20 hästar
547 735 52 20 först
613 734 31 21 till
655 740 26 15 en
692 734 59 28 plats,
762 734 37 21 där
809 734 26 20 de
846 734 69 21 besik-

95 763 51 27 tigas
170 764 39 20 och
231 763 106 27 utgallras.
367 762 97 22 Därefter
478 763 103 27 förflyttas
597 763 25 20 de
638 763 31 21 till
685 764 29 20 ett
729 765 64 19 annat
807 763 61 21 ställe
883 763 33 20 för

94 794 30 18 att
145 792 121 26 ytterligare
289 792 138 20 underkastas
448 792 120 26 besiktning
589 792 38 20 och
642 792 131 26 granskning
787 792 21 20 af
823 798 26 14 en
864 798 16 14 s.
896 792 18 19 k.

96 828 9 10 »
108 820 301 27 Aushebungskommission».
431 820 77 21 Denna
519 820 136 21 kommission
667 820 58 26 afgör
735 820 119 21 sedermera
864 820 51 21 defi-

94 848 61 27 nitift,
171 848 70 22 hvilka
257 849 70 21 hästar
341 855 46 15 som
402 849 32 20 för
449 848 115 22 militärens
578 848 90 28 räkning
683 848 58 21 skola
756 851 88 25 uttagas.
874 848 42 27 Jag

95 878 35 20 vill
150 884 30 14 nu
195 877 87 27 specielt
296 878 53 20 fästa
365 877 98 21 afseende
479 878 34 20 vid
529 879 30 19 att
574 877 35 21 det
623 879 24 19 är
661 877 129 27 fullkomligt
805 876 110 22 öfverläm-

94 906 51 21 nadt
160 906 20 20 ät
196 906 69 21 denna
285 906 133 21 kommission
433 908 30 19 att
477 906 90 27 utgallra
580 906 102 21 hästarna.
704 905 68 21 Priset
783 906 33 20 för
826 905 89 21 sälunda

94 938 62 23 tagna
179 935 70 21 hästar
271 935 127 21 bestämmes
419 935 120 21 sedermera
557 935 20 21 af
592 941 27 14 en
634 934 70 26 nämd,
720 934 112 21 bestäende
848 934 22 20 af
884 936 31 19 tre

94 969 105 21 personer,
222 963 70 21 hvilka
313 964 52 20 hvar
388 964 38 20 och
443 970 26 14 en
489 963 99 27 uppgifva
603 964 36 20 sitt
654 963 47 27 pris,
718 964 38 20 och
772 962 143 22 medelvärdet

94 992 78 20 mellan
194 992 61 20 dessa
277 996 31 16 tre
329 992 44 26 pris
395 993 62 25 utgör
479 991 119 21 sedermera
619 991 41 21 den
681 991 122 27 ersättning,
822 997 45 15 som
882 991 33 20 för

93 1021 74 20 hästen
182 1020 100 27 erlägges.
305 1020 11 21 I
331 1020 114 21 Frankrike
461 1020 66 27 gäller
542 1020 93 21 däremot
650 1021 29 19 ett
693 1020 93 20 härifrån
801 1019 113 21 afvikande

93 1048 125 21 förfarande.
247 1048 11 20 I
285 1048 109 22 Frankrike
410 1048 113 28 besiktigas
538 1048 97 21 hästarna
650 1048 72 27 hvarje
737 1048 29 26 är,
781 1054 49 14 men
844 1048 71 20 denna

93 1077 121 27 besiktning
229 1078 22 19 är
266 1077 23 20 sä
304 1084 116 20 noggrann,
442 1079 30 18 att
494 1076 63 22 äfven
571 1076 151 21 klassifikation
741 1076 20 21 af
776 1077 97 20 hästama
888 1076 26 26 pä

93 1112 80 14 samma
195 1105 56 27 gång
269 1106 43 20 kan
327 1105 97 27 försiggä.
453 1105 43 21 När
511 1105 118 21 sedermera
645 1105 61 21 order
721 1104 37 22 om'
770 1104 145 27 mobilisering

94 1134 53 26 sker,
169 1134 74 20 behöfs
266 1134 46 20 icke
335 1134 72 20 vidare
429 1134 125 26 besiktning,
569 1140 48 14 men
633 1133 6 21 i
655 1134 70 20 stället
745 1134 33 20 för
799 1136 29 18 att
844 1133 71 20 man
900 1129 18 36 i

92 1162 106 26 Tyskland
214 1162 21 21 ät
250 1169 25 14 en
291 1162 89 21 särskild
396 1162 137 20 kommission
549 1162 104 21 öfverlätit
668 1164 29 18 att
709 1168 73 14 ensam
792 1161 122 27 bestämma,

92 1191 71 21 hvilka
183 1191 71 20 hästar
268 1197 46 14 som
329 1190 59 21 skola
403 1192 89 25 uttagas,
507 1191 37 20 har
558 1197 49 13 man
622 1190 7 20 i
644 1190 115 20 Frankrike
775 1190 140 20 öfverlämnat

94 1219 56 21 detta
165 1219 21 21 åt
200 1219 96 27 lottning.
318 1218 42 22 Det
375 1221 22 19 är
407 1218 82 22 således
501 1218 72 28 lotten,
583 1225 45 14 som
639 1218 119 21 sedermera
769 1218 64 27 afgör,
844 1218 70 20 hvilka

92 1248 70 20 hästar
184 1254 46 14 som
252 1248 60 20 skola
333 1249 88 25 uttagas,
443 1248 39 20 och
497 1247 6 20 i
519 1249 86 19 motsats
620 1248 44 19 mot
679 1247 54 20 hvad
748 1247 7 20 i
769 1246 107 26 Tyskland
892 1248 22 18 är

92 1276 64 26 fallet,
179 1276 107 26 nämligen
305 1277 29 19 att
349 1276 64 26 priset
427 1276 127 20 bestämmes
569 1275 53 21 efter
636 1275 117 26 värdering,
770 1274 80 22 betalar
864 1280 50 14 man

92 1304 8 20 i
114 1304 116 21 Frankrike
253 1304 116 26 ersättning
390 1304 33 20 för
444 1304 98 20 hästarna
557 1304 66 26 enligt
637 1310 27 14 en
679 1304 7 20 i
703 1303 105 27 budgeten
823 1303 33 20 för
871 1302 44 21 året

92 1333 66 20 redan
173 1332 27 28 på
214 1332 90 21 förhand
320 1332 94 21 bestämd
430 1338 89 14 summa.
541 1332 42 20 Det
597 1334 23 18 är
635 1338 29 14 nu
680 1332 61 20 dessa
755 1331 159 27 hufvudprinci-

92 1367 42 21 per,
150 1361 26 27 på
191 1361 71 21 hvilka
277 1360 273 27 hästutskrifningslagarna
564 1360 8 20 i
586 1360 106 26 Tyskland
705 1360 40 20 och
754 1360 116 20 Frankrike
882 1360 33 20 för

93 1390 130 20 närvarande
238 1391 35 19 äro
289 1389 76 27 bygda.
387 1388 11 21 1
412 1389 106 26 Ryssland
533 1389 38 20 har
585 1394 55 21 man,
651 1388 68 21 såsom
729 1389 36 26 jag
774 1388 67 21 redan
851 1389 63 25 nämt,

93 1419 117 24 accepterat
233 1418 102 19 hvardera
357 1417 60 20 dessa
440 1418 105 25 principer
568 1417 94 25 sålunda,
685 1418 30 18 att
737 1423 48 13 man
800 1416 64 20 infört
879 1416 35 19 det

92 1446 62 26 tyska
176 1447 102 24 systemet
299 1445 32 20 för
349 1444 144 21 anordnandet
508 1445 21 19 af
544 1444 294 27 utskrifningsmyndigheten,
854 1444 60 20 hvar-

94 1475 56 20 emot
171 1480 49 14 man
243 1473 47 21 från
312 1473 114 21 Frankrike
449 1473 56 21 lånat
528 1473 35 21 det
581 1474 31 19 att
627 1472 98 21 hästarna
740 1474 83 26 uttagas
837 1478 77 21 genom

92 1502 92 28 lottning
199 1502 39 22 och
254 1502 79 22 betalas
349 1502 53 21 efter
416 1502 65 21 redan
496 1502 57 20 förut
567 1500 104 22 faststäldt
685 1501 48 27 pris.
