1103 1798
200 128 56 21 1164
425 133 123 17 Folkskolor
559 134 7 16 i
578 134 214 17 landskommunerna.
937 134 23 17 15
971 135 50 20 maj.

199 202 70 20 ställer
290 202 106 26 förslaget,
419 201 52 21 skall
491 201 93 21 inhämta
598 201 223 27 folkskoleinspektors
836 202 113 20 utlätande.
978 201 42 22 Det

199 232 23 18 är
236 230 82 20 säledes
334 229 86 21 alldeles
435 230 86 25 onödigt
536 232 30 18 att
580 230 70 21 denne
665 230 53 20 skall
734 236 49 14 vara
797 230 49 20 med
862 236 34 14 om
909 230 35 20 det
955 230 64 20 första

198 258 110 26 förslagets
331 258 141 26 uppgörande,
494 258 45 20 ifall
562 258 129 20 kommunen
712 264 62 14 anser
796 258 32 27 sig
849 258 71 20 kunna
935 258 86 20 komma

198 286 32 20 till
245 288 51 19 rätta
313 288 50 18 utan
377 286 84 20 honom.

267 342 32 22 Hr
313 343 141 21 Sundvall:
470 343 42 21 För
525 344 43 20 min
586 343 34 21 del
635 349 61 14 anser
710 344 35 26 jag
760 343 35 21 det
811 350 49 14 vara
875 350 27 14 en
917 344 105 26 väsentlig

198 371 88 26 skilnad,
303 378 33 14 om
359 371 211 27 folkskoleinspektor
592 372 47 20 frän
655 372 73 26 början
744 372 38 20 har
797 372 53 20 varit
865 371 48 21 med
929 378 33 14 om
978 372 44 20 för-

198 400 67 26 slaget
280 400 51 20 eller
346 406 34 14 om
396 400 39 20 han
451 400 60 26 gifvit
526 400 34 21 sitt
576 400 107 21 utlåtande
694 399 79 22 efteråt.
802 399 42 22 Det
853 402 23 18 är
888 400 37 20 bra
935 400 86 26 mycket

198 428 83 21 svärare
303 430 30 19 att
353 428 65 21 ändra
439 428 121 28 nägonting,
580 435 47 14 som
648 428 45 21 frän
716 428 74 27 början
812 430 24 19 är
849 428 27 28 pä
890 428 42 27 tok,
948 430 26 19 än
989 431 31 19 att

197 457 47 21 från
267 456 73 28 början
363 459 50 24 göra
428 457 63 27 något
504 459 45 19 rätt.
578 457 42 27 Jag
635 464 61 14 anser
710 457 70 21 därför
795 459 30 19 att
839 458 118 26 inspektors
972 459 49 19 när-

198 492 50 14 vara
264 487 22 19 är
301 486 121 26 nödvändig
437 486 39 20 och
490 486 35 27 jag
540 488 43 19 tror
599 488 30 19 att
644 486 56 20 detta
715 485 65 21 borde
794 485 81 28 framgå
890 486 21 20 af
923 486 42 20 den
975 492 45 14 om-

197 514 139 27 formulering
357 514 36 27 jag
413 514 111 28 föreslagit.
556 514 47 21 Men
626 520 33 15 om
682 514 23 21 sä
726 516 22 19 är
769 517 29 18 att
818 515 60 20 ordet
893 514 59 21 »mä»
970 521 51 15 vore

198 542 138 28 mängtydigt,
351 543 23 20 sä
389 542 68 22 skulle
472 543 35 27 jag
522 543 27 21 dä
563 543 78 21 föreslå
656 543 59 21 ordet
731 543 70 21 »bör>».

265 598 33 22 Hr
312 592 136 28 Äkerman:
470 599 86 21 Tahdon
572 600 47 20 vain
636 600 137 20 huomauttaa
788 601 42 19 että
844 600 175 20 lakiehdotuksen

197 628 103 20 tarkoitus
323 628 131 27 epäilemättä
477 634 27 14 on
525 635 22 14 se
570 630 42 19 että
634 628 96 28 puheena
754 628 60 21 oleva
835 628 123 21 valiokunta
973 628 47 21 olisi

198 656 127 21 velvollinen
341 657 126 20 kutsumaan
483 656 275 27 kansakouluntarkastajan
774 658 105 20 ottamaan
893 663 50 15 osaa
955 657 66 21 valio-

197 684 86 21 kunnan
300 685 85 26 työhön,
396 685 46 21 sillä
454 686 160 20 suomalaisessa
627 685 150 21 ehdotuksessa
793 685 67 21 seisoo
873 686 145 20 »kutsukoon»

196 713 22 27 ja
233 720 22 14 se
270 720 27 14 on
313 713 71 27 käsky.

266 770 60 21 Efter
341 770 35 21 det
391 770 146 22 diskussionen
554 770 50 22 härä
618 770 110 22 förklarats
744 770 98 27 afslutad,
858 771 121 21 framstälde
993 772 28 20 hr

197 798 123 22 talmannen
342 799 128 21 beträffande
493 799 25 21 hr
539 799 114 21 Sundvalls
675 799 78 27 förslag
769 799 31 21 till
815 800 89 27 ändring
920 800 20 20 af
955 800 64 21 första

198 828 113 26 meningen
327 827 7 21 i
350 828 12 20 2
378 834 62 14 mom.
456 828 94 27 följande
566 827 280 28 omröstningsproposition
835 823 13 37 :

267 884 38 27 De,
321 884 74 21 hvilka
409 884 117 27 godkänna
540 885 113 21 utskottets
666 884 83 28 förslag
765 884 35 22 till
816 885 77 28 lydelse
903 885 36 27 för
949 884 70 29 första

197 913 118 27 meningen
330 913 9 20 i
356 914 15 19 2
386 920 64 13 mom.
467 913 29 27 af
508 914 16 19 2
538 915 19 25 $,
572 915 60 19 rösta
639 913 39 27 ja;
690 914 30 26 de,
731 914 35 20 det
775 913 45 21 icke
829 916 60 25 göra,
900 916 60 19 rösta
970 915 48 26 nej;

267 941 80 22 vinner
357 941 42 28 nej,
413 942 41 20 har
464 941 175 28 borgareständet
649 942 103 27 omfattat
762 942 27 21 hr
800 941 119 22 Sundvalls
929 942 90 27 förslag.

267 997 94 22 Emedan
383 998 156 27 propositionen
555 998 125 21 besvarades
695 998 49 21 med
760 999 153 26 öfvervägande
928 999 21 27 ja
964 1001 55 19 samt

198 1027 25 20 hr
238 1026 137 21 Sundvall
386 1027 33 20 vid
431 1026 74 22 sädant
515 1026 131 22 förhällande
657 1027 91 26 frängätt
758 1027 32 27 sig
802 1027 78 27 förslag
889 1027 132 22 beträffande

199 1055 90 27 ändring
311 1055 22 20 af
354 1055 51 21 sista
419 1055 115 27 meningen
549 1056 8 20 i
579 1056 5 20 2
600 1061 69 21 mom.,
684 1055 142 21 antecknades
842 1055 68 21 säsom
925 1055 96 22 ständets

198 1083 71 21 beslut
283 1085 31 19 att
329 1084 12 20 2
357 1083 13 27 $
386 1083 68 22 blifvit
468 1084 7 20 i
491 1084 48 21 dess
553 1084 71 21 helhet
639 1084 21 20 af
675 1084 171 27 borgareständet
861 1085 104 26 godkänd.

267 1139 10 21 I
293 1139 115 28 anledning
423 1140 21 20 af
459 1141 12 19 3
487 1141 12 25 $
515 1140 71 21 anhöll

268 1196 25 20 br
313 1195 74 21 Lille
410 1202 33 14 om
466 1196 60 21 ordet
548 1197 39 20 och
608 1196 91 27 yttrade:
733 1197 75 20 Denna
824 1197 97 27 paragraf
935 1197 87 27 stadgar

198 1223 129 21 inrättandet
349 1224 21 20 af
391 1225 64 26 högre
479 1224 104 21 folkskola
604 1224 24 21 sä
651 1226 57 19 snart
730 1225 26 21 30
773 1225 51 21 barn
843 1225 56 21 inom
915 1225 106 22 distriktet

199 1252 80 21 anmält
293 1252 32 27 sig
340 1251 31 22 till
386 1253 82 20 inträde
483 1253 7 19 i
506 1253 127 20 densamma.
663 1253 34 20 Nu
712 1253 87 28 uppstär
814 1253 79 28 frägan,
909 1254 38 20 hos
957 1254 62 20 hvem

199 1279 53 21 skall
276 1280 69 21 denna
368 1280 97 21 anmälan
481 1281 43 24 ske,
540 1281 38 21 hos
593 1281 227 22 kommunalnämdens
835 1281 131 28 ordförande,
981 1282 40 21 hos

199 1308 32 20 till
246 1308 108 27 äfventyrs
369 1309 7 19 i
391 1309 129 20 kommunen
535 1309 57 21 förut
606 1309 114 27 förefintlig
734 1310 151 21 skoldirektion
900 1311 53 20 eller
967 1311 53 26 möj-

198 1336 58 27 ligen
272 1337 37 20 hos
325 1337 35 20 det
376 1337 84 25 utskott,
474 1343 44 14 som
534 1337 54 20 skall
603 1338 117 26 ombesörja
736 1338 283 27 skoldistriktsindelningen.

198 1364 12 20 1
232 1364 131 27 kommuner,
385 1365 8 19 i
415 1365 71 20 hvilka
508 1365 35 20 det
565 1365 65 20 redan
649 1365 68 20 finnes
732 1372 27 14 en
774 1365 158 28 skoldirektion,
947 1366 72 21 kunde

200 1398 49 15 man
272 1392 63 21 tänka
355 1392 32 27 sig
401 1395 30 18 att
446 1393 150 27 anmälningen
611 1393 69 22 skulle
696 1393 37 22 ske
748 1394 38 21 hos
802 1394 137 21 direktionen.
969 1394 50 21 Men

199 1421 36 20 det
255 1420 70 23 finnes
346 1421 126 22 kommuner
492 1422 48 21 med
560 1422 50 21 flere
629 1422 75 27 skolor,
720 1423 38 20 där
772 1423 72 27 hvarje
860 1423 59 22 skola
933 1424 38 21 har
987 1424 32 21 sin

200 1449 67 21 skilda
282 1449 157 22 skoldirektion.
454 1450 11 21 I
480 1450 57 21 detta
552 1451 37 20 fall
602 1451 42 21 kan
661 1451 58 28 fräga
734 1452 46 21 icke
792 1452 74 27 uppstä
876 1458 35 15 om
921 1452 97 21 anmälan

200 1478 65 21 borde
284 1479 37 21 ske
337 1479 38 21 hos
391 1479 68 28 nägon
475 1479 21 22 af
511 1479 61 22 dessa
589 1479 181 29 skoldirektioner,
785 1483 51 19 utan
852 1481 65 22 borde
932 1481 40 22 den
985 1481 34 21 väl

200 1507 27 21 dä
250 1509 61 26 göras
326 1508 38 21 hos
387 1508 225 21 kommunalnämdens
628 1509 131 22 ordförande.
788 1509 42 28 Jag
844 1516 62 15 anser
920 1512 30 20 att
965 1510 54 22 deti
