1106 1795
197 131 54 20 1248
360 135 118 18 Samhällen
489 136 47 17 med
548 137 168 19 sammanträngd
728 136 127 21 befolkning.
933 136 23 16 19
967 134 48 21 maj.

195 205 87 26 miseen,
296 203 58 27 jotka
367 204 88 20 voisivat
477 203 109 22 liiallisesti
605 204 117 21 tunkeutua
729 204 116 27 yksityisen
854 203 162 22 omistusoikeu-

196 233 41 20 den
252 232 67 21 alalle.

263 289 33 21 Hr
317 288 197 27 Schybergson:
544 289 41 27 Jag
605 289 45 20 äri
665 288 29 21 alt
715 288 159 28 hufvudsakligt
896 295 50 14 ense
967 288 48 21 med

195 317 25 21 hr
241 317 81 21 Idman.
352 317 41 27 Jag
414 319 23 19 är
459 323 50 15 ense
529 317 72 21 därom
623 319 30 19 att
668 317 12 20 6
697 317 12 27 &
725 317 71 24 borde,
818 317 69 21 såsom
909 317 64 21 också
991 317 26 20 hr

194 345 95 22 Jusölius
304 345 7 21 i
326 345 32 21 sin
372 346 129 20 reservation
517 346 95 27 antyder,
627 346 76 20 ändras
719 345 78 22 därhän
815 348 29 19 att
853 347 107 26 guvernör
969 345 47 21 icke

196 374 68 21 skulle
279 374 117 27 medgifvas
412 376 29 19 att
456 374 84 27 vidtaga
561 374 95 21 rättelser
671 374 40 21 och
726 374 113 27 ändringar
853 375 7 20 i
875 375 141 20 kommunens

195 403 78 26 förslag
287 403 8 20 i
310 402 158 27 ifrägavarande
489 403 98 26 ärenden,
603 406 50 17 utan
669 403 88 20 likasom
773 403 7 20 i
795 403 66 20 andra
880 403 137 20 kommunala

195 431 70 26 frägor
287 431 63 20 hafva
370 433 30 18 att
422 431 100 26 antingen
543 431 92 20 förkasta
657 431 52 20 eller
730 431 112 26 godkänna
857 431 60 20 dessa
932 431 83 26 förslag.

196 459 49 21 Man
262 462 34 18 vet
308 458 22 28 ju
346 459 54 20 hvad
417 465 24 14 en
458 459 139 21 välmenande
617 461 111 25 guvernör,
743 465 45 15 mer
803 459 52 21 eller
869 459 82 21 mindre
967 459 49 20 obe-

195 488 51 21 kant
261 487 48 21 med
324 487 50 21 vära
394 487 151 27 förhällanden,
565 488 70 20 kunde
652 488 26 26 pä
697 494 26 14 en
739 487 47 22 kort
801 488 29 20 tid
845 489 83 26 uträtta,
943 487 7 20 i
965 488 50 20 hän-

196 516 57 21 delse
268 522 27 15 en
310 515 132 28 befogenhet,
462 516 65 21 sädan
549 522 46 15 som
617 516 112 21 utskottets
743 515 79 28 förslag
835 516 83 21 lämnar
932 516 84 26 honom,

195 545 69 20 skulle
287 544 128 27 godkännas.
445 544 41 27 Jag
501 546 22 19 är
539 544 62 21 ocksä
622 551 50 14 ense
687 551 34 14 om
737 545 25 20 hr
776 545 86 20 Idmans
877 544 140 27 anmärkning

195 576 45 17 mot
254 573 13 20 8
283 573 18 26 &.
330 572 42 21 Det
395 573 36 20 har
453 573 67 26 aldrig
540 573 53 20 varit
608 573 114 26 meningen
737 573 47 20 med
801 573 56 21 detta
872 573 83 26 förslag,
971 579 44 14 som

196 603 58 18 utom
270 601 65 20 andra
350 601 62 20 äfven
427 601 35 27 jag
477 601 73 21 väckte
566 601 34 21 vid
621 601 126 27 föregäende
762 601 107 27 landtdag,
885 603 30 19 att
930 601 85 20 därmed

195 629 69 27 nägon
288 629 56 26 slags
364 629 112 26 aflyftning
491 629 20 21 af
526 629 80 21 bördan
629 629 46 20 frän
698 635 26 14 en
743 629 102 21 kommun
860 630 31 20 till
906 636 27 13 en
945 635 70 14 annan

196 658 68 21 skulle
279 657 100 21 förordas.
394 657 63 21 Detta
472 659 23 19 är
510 664 25 14 en
552 658 43 27 sak,
610 664 45 14 som
666 658 116 27 ingalunda
790 658 38 21 bör
837 659 85 20 komma
924 653 9 36 i
951 657 64 28 fräga,

197 687 127 20 ätminstone
339 686 47 21 icke
402 686 132 21 annorlunda
549 688 26 19 än
591 687 26 27 pä
632 687 68 26 grund
716 687 21 20 af
752 686 85 27 frivillig
859 686 157 21 öfverenskom-

196 715 72 20 melse.
297 714 32 21 Hr
344 714 75 21 Idman
435 715 38 20 har
487 715 65 21 redan
572 715 74 26 antydt
661 715 100 20 hurusom
777 715 7 20 i
799 715 74 27 själfva
889 715 72 20 värket
976 716 40 19 stä-

196 744 66 20 derna
284 743 53 21 dock
360 745 36 18 äro
417 743 32 26 de,
471 749 45 14 som
538 743 43 21 lida
603 745 54 19 mest
678 743 31 20 till
729 743 51 27 följd
801 743 21 21 af
837 744 42 20 den
893 743 123 21 nuvarande

195 771 280 28 fattigvärdsförordningen,
490 778 46 15 som
549 772 75 21 värkar
639 772 78 20 därhän
733 774 30 19 att
771 778 99 21 personer
880 773 53 20 efter
943 772 74 21 endast

196 801 65 26 nägra
276 799 33 21 ärs
325 800 84 21 vistelse
423 800 57 21 inom
500 800 159 21 stadskommun
675 800 73 21 kunna
762 803 75 18 stanna
853 801 80 20 dennas
947 800 70 27 fattig-

196 829 50 20 värd
263 828 31 21 till
308 828 46 21 last.
384 828 40 21 För
438 829 44 20 min
498 829 32 21 del
547 829 74 21 tänker
635 829 35 26 jag
685 829 43 26 mig
743 829 135 28 möjligheten
893 829 22 20 af
929 831 30 19 att
969 829 48 20 hela

196 857 70 21 denna
281 857 13 20 8
310 857 12 26 $
338 857 71 21 kunde
424 857 102 21 uteslutas
541 864 26 14 ur
581 857 140 28 lagförslaget,
737 857 27 21 dä
773 857 244 22 kommunalförfattnin-

196 892 41 20 gen
252 885 118 27 medgifver
384 885 135 27 möjligheten
535 886 22 20 af
571 888 30 18 att
615 885 57 21 invid
689 886 117 20 hvarandra
821 885 90 27 belägna
920 886 97 20 kommu-

197 920 37 14 ner
249 913 35 21 vid
300 919 121 22 gemensam
436 913 213 22 kommunalstämma
669 914 73 20 kunna
757 914 66 21 ordna
838 914 125 27 ömsesidiga
975 914 42 21 för-

196 942 118 21 hällanden.
344 942 41 27 Jag
408 944 22 18 är
451 942 100 27 slutligen
573 948 50 16 ense
645 942 48 21 med
717 942 24 21 hr
759 942 75 22 Idman
850 943 71 21 därom
938 946 29 18 att
983 942 34 21 det

197 977 49 15 vore
262 970 120 28 beklagligt,
397 977 34 14 om
447 970 100 28 förslaget
561 971 68 21 skulle
642 971 87 21 förfalla.
755 971 26 20 Vi
792 971 62 21 hafva
864 971 27 27 pä
900 972 51 20 flere
961 973 56 19 orter

196 1000 7 19 i
219 999 45 21 vårt
278 999 56 27 land,
349 999 57 21 såväl
420 1000 7 20 i
443 999 45 21 stad
509 1006 45 14 som
575 1000 26 26 på
616 1000 77 26 landet,
708 1001 30 19 ett
752 1000 85 26 mycket
852 1002 51 19 stort
919 1000 63 20 behof
996 1000 21 20 af

196 1030 30 19 att
241 1034 27 14 en
282 1028 125 26 författning
420 1028 65 20 sådan
501 1034 45 15 som
562 1028 69 21 denna
647 1028 95 21 kommer
757 1028 31 21 till
803 1028 67 24 stånd,
881 1029 136 26 hvarigenom

197 1056 110 28 möjlighet
322 1056 88 21 beredes
432 1062 53 22 resp.
500 1057 126 21 kommuner
641 1059 30 19 att
687 1057 65 20 ordna
767 1056 158 28 ifrågavarande
941 1056 76 22 förhäl-

196 1085 84 21 landen.
310 1084 41 28 Jag
366 1085 68 21 skulle
449 1088 32 18 tro
497 1088 29 18 att
542 1085 35 21 det
592 1092 49 14 vore
657 1086 35 20 det
706 1086 108 25 riktigaste
829 1088 30 18 att
874 1086 35 20 vid
925 1085 92 21 behand-

196 1114 72 27 lingen
290 1114 21 20 af
333 1114 142 20 betänkandet
496 1114 79 21 förfara
597 1114 28 28 så,
643 1120 45 15 som
703 1115 35 26 jag
753 1114 106 21 förmodar
873 1114 64 21 också
951 1120 66 15 reser-

198 1145 76 18 vanten
290 1143 25 20 hr
329 1142 94 21 Jusölius
439 1142 35 21 det
489 1143 54 26 gjort
557 1143 7 20 i
576 1143 107 27 utskottet,
698 1146 29 17 att
740 1143 36 20 vid
786 1149 26 14 en
824 1142 194 28 detaljgranskning

197 1171 83 21 försöka
302 1170 22 21 fä
346 1170 205 28 ändringsförslagen
566 1172 90 26 igenom,
679 1178 48 14 men
749 1178 34 14 om
807 1172 56 20 detta
883 1172 46 20 icke
945 1171 72 26 lyckas

197 1199 115 21 förbehälla
335 1199 32 26 sig
388 1200 40 19 rätt
451 1201 29 18 att
502 1199 91 21 förkasta
611 1199 48 21 hela
679 1200 104 26 förslaget.
812 1200 31 26 Ty
858 1200 72 20 därom
946 1202 23 18 är
983 1200 34 26 jag

197 1234 51 14 ense
270 1227 48 21 med
338 1227 26 20 hr
385 1227 94 21 Jusölius
501 1230 36 23 att,
560 1234 33 14 om
616 1228 87 26 specielt
725 1228 12 20 6
753 1228 12 26 &
781 1228 32 20 får
828 1228 40 20 den
891 1228 60 25 form,
972 1234 45 14 som

198 1256 101 20 utskottet
310 1255 61 27 gifvit
379 1256 128 26 densamma,
516 1256 65 21 detär
595 1256 67 21 bättre
672 1258 30 18 att
711 1256 100 26 förslaget
820 1256 98 21 förfaller.
940 1256 13 20 1
961 1256 56 21 detta

198 1284 98 21 afseende
319 1284 113 21 företinnes
454 1284 34 20 väl
509 1284 54 21 dock
587 1285 57 20 inom
669 1284 173 27 borgareständet
865 1285 152 27 jämförelsevis

197 1312 60 28 ringa
278 1312 49 21 risk.
356 1312 42 22 Det
419 1314 23 19 är
463 1313 23 27 ju
502 1312 35 22 det
551 1313 110 21 sannolika
676 1315 30 19 att
720 1313 25 21 hr
759 1313 100 22 Jusölius'
875 1313 142 27 ändringsför-

198 1342 45 24 slag
264 1341 56 20 såväl
343 1341 128 20 beträffande
487 1342 12 18 6
515 1347 45 14 som
575 1342 13 19 8
604 1342 26 25 $$
651 1342 59 19 inom
731 1342 57 19 detta
809 1341 60 20 stånd
885 1342 53 19 skall
954 1342 63 19 vinna

198 1368 110 27 majoritet.

266 1396 62 21 Hvad
344 1396 99 27 slutligen
459 1396 132 21 vidkommer
605 1396 25 21 hr
644 1396 129 28 Holmbergs
789 1397 83 27 förslag,
888 1397 37 21 ber
939 1397 35 28 jag
989 1398 29 20 att

198 1425 22 21 få
241 1427 78 19 nämna
342 1427 30 19 att
393 1425 35 27 jag
449 1425 47 21 icke
519 1425 41 20 kan
578 1425 58 21 finna
658 1425 55 21 hvad
733 1425 25 22 de
778 1426 21 21 af
813 1426 78 21 honom
906 1426 111 21 förordade

198 1460 156 21 gemensamma
371 1453 118 28 byggnads-
503 1453 39 21 och
557 1453 196 28 polisordningarna
768 1455 33 20 för
815 1455 71 26 dylika
901 1455 116 21 samhällen

198 1482 68 21 skulle
282 1482 72 21 kunna
369 1489 73 20 gagna.
471 1482 31 26 Ty
516 1482 47 21 icke
577 1482 72 21 kunna
665 1483 21 20 vi
701 1483 62 21 hafva
778 1489 81 15 samma
873 1483 144 28 polisordning

198 1511 32 21 för
244 1511 91 27 Terijoki
350 1517 46 15 som
411 1511 33 20 för
460 1511 145 28 Valkeakoski,
620 1511 47 22 icke
683 1518 79 15 samma
775 1511 201 29 byggnadsordning
985 1513 32 21 för
