1103 1784
83 133 15 17 4
108 132 48 22 maj.
308 133 247 21 Kommunalförvaltning
567 132 27 23 på
606 134 76 16 landet.
862 128 40 20 761

85 201 132 22 betänkande
232 202 95 21 kommer
342 204 30 19 att
387 204 123 25 accepteras.
540 202 50 21 Man
605 203 68 20 skulle
686 202 83 21 komma
781 202 79 21 därhän
873 204 31 18 att

85 235 26 15 en
135 229 79 21 kvinna
234 230 71 21 kunde
328 230 64 21 blifva
415 230 126 21 ordförande
563 231 27 27 på
606 231 78 25 landet,
703 237 50 14 men
767 230 47 21 icke
829 231 7 19 i
851 229 52 21 stad.

85 257 42 28 Jag
142 264 62 15 anser
218 258 73 27 frågan
306 258 7 21 i
329 259 111 20 hvartdera
454 258 59 21 fallet
528 259 33 20 för
575 259 62 26 tidigt
651 259 66 20 väckt.

152 313 32 22 Hr
206 309 114 26 Öhman:
344 314 41 27 Jag
404 314 38 21 ber
455 316 30 19 att
500 314 21 21 få
535 315 129 21 understöda
678 315 111 21 utskottets
803 315 78 26 förslag
895 314 8 20 i

84 342 92 21 ärendet.
205 341 42 28 Jag
268 343 41 20 kan
328 343 105 27 nämligen
449 342 46 21 icke
511 343 44 22 inse
571 345 30 20 att
615 343 36 22 det
664 343 68 21 finnes
748 343 68 27 någon
831 342 73 22 anled-

84 371 52 26 ning
158 373 30 18 att
210 371 94 21 förmena
319 371 212 22 kommunalstämma
545 374 41 19 rätt
601 374 29 19 att
645 371 55 28 välja
714 371 80 22 kvinna
809 371 32 22 till
856 371 47 21 ord-

84 399 94 27 förande,
201 399 69 22 därest
288 401 103 20 stämman
406 406 62 15 anser
482 400 75 21 sådant
571 401 99 28 lämpligt.
700 399 63 22 Detta
777 400 90 21 innebär
880 400 24 27 ju

84 427 47 22 icke
146 427 70 28 någon
231 428 120 28 skyldighet
366 430 30 19 att
410 431 50 25 göra
475 429 40 21 det.

152 485 33 21 Hr
200 485 212 28 Schybergson:
427 485 42 28 Jag
484 485 37 22 ber
536 488 29 19 att
579 485 23 22 få
617 486 72 21 förena
703 485 43 27 mig
760 486 49 21 med
825 486 24 21 hr
860 486 44 27 Ny-

85 513 66 27 bergh
166 514 40 21 och
220 514 37 21 vill
272 514 7 20 i
294 514 117 27 anledning
425 515 21 20 af
460 515 26 20 hr
499 514 122 22 Frenckells
636 514 98 27 yttrande
748 514 111 21 framhålla
875 516 30 19 att

85 542 107 27 utgången
205 542 21 21 af
241 543 70 20 denna
325 542 38 21 sak
378 543 33 20 för
424 543 65 27 ingen
504 543 35 20 del
554 543 101 21 behöfver
668 543 87 21 invärka
769 543 27 27 på
807 543 97 27 afgöran-

85 570 35 21 det
135 571 21 20 af
174 571 41 20 den
231 571 65 21 andra
310 571 81 27 frågan,
405 571 48 21 med
468 571 85 21 hvilken
569 572 42 21 han
626 571 48 21 stält
689 572 70 20 denna
773 571 8 20 i
795 571 109 27 samband,

84 599 28 20 då
130 599 23 26 ju
168 599 159 22 förhållandena
342 599 27 28 på
383 599 213 22 kommunalstämma
611 600 8 21 i
633 600 163 21 landskommun
812 600 39 20 och
866 599 39 21 hos

85 627 131 28 fullmäktige
231 627 8 21 i
253 628 97 21 städerna
365 629 36 19 äro
416 628 130 27 väsentligen
561 628 61 21 olika.

152 683 34 21 Hr
199 684 152 26 Hallberg:
367 684 69 22 Också
449 685 36 27 jag
499 684 38 22 ber
552 686 30 20 att
596 684 21 22 få
631 685 74 21 förena
719 685 44 27 mig
777 690 34 15 om
824 684 25 21 hr
859 684 45 27 Ny-

85 712 76 27 berghs
186 712 83 28 förslag.
297 712 43 22 Det
364 719 63 21 synes
448 714 45 26 mig
515 713 108 28 olämpligt
644 715 30 19 att
695 720 49 14 man
763 712 54 22 skall
832 712 72 28 tvinga

85 741 94 21 kvinnan
202 743 29 19 att
246 742 61 27 åtaga
321 741 32 28 sig
369 742 61 20 dessa
444 742 56 27 slags
515 742 147 27 befattningar,
679 742 39 21 och
733 742 57 21 detta
805 741 42 21 kan
861 741 43 21 hon

84 770 47 20 icke
146 769 77 28 undgå,
237 770 46 20 ifall
300 770 43 21 hon
358 770 41 21 blir
413 770 54 28 vald,
483 770 64 28 något
561 776 45 16 som
621 771 43 21 ofta
679 770 71 22 kunde
765 770 56 21 vålla
836 770 69 20 henne

84 800 57 19 stora
155 798 134 27 svårigheter.

152 854 34 21 Hr
206 854 158 22 Relander:
389 854 58 22 Minä
461 857 45 19 taas
521 855 98 21 tahtoisin
634 855 112 27 puolustaa
760 854 144 22 valiokunnan

85 883 114 21 mietintöä.
228 882 155 23 Maaseuduilla
398 890 26 14 on
441 884 59 21 usein
516 884 114 21 verrattain
645 884 68 20 vähän
728 883 118 27 kykeneviä
861 882 44 21 voi-

85 912 42 20 mia
141 912 21 27 ja
176 912 33 26 jos
224 914 38 24 nyt
276 912 82 21 sattuisi
373 913 42 20 että
429 912 51 27 joku
496 913 110 26 kykenevä
621 912 77 21 nainen
713 911 92 28 löytyisi,
820 911 45 21 niin
877 917 27 15 en

86 940 34 21 voi
141 940 94 25 käsittää,
249 941 63 20 miksi
333 940 142 21 tahdottaisiin
499 941 97 21 kunnilta
614 940 71 21 riistää
700 940 73 21 oikeus
788 940 64 21 valita
866 939 38 21 täl-

84 968 61 21 laista
159 968 73 21 naista.

153 1025 33 22 Hr
208 1024 153 29 Federley:
384 1026 41 28 Jag
444 1026 41 21 ber
507 1028 30 19 att
558 1026 21 21 få
594 1025 84 22 förorda
692 1025 112 22 utskottets
818 1025 86 27 förslag.

85 1054 42 28 Jag
147 1055 42 20 kan
211 1053 46 22 icke
279 1054 52 21 fatta
353 1055 26 21 de
395 1055 170 27 betänkligheter,
581 1061 44 15 som
641 1055 26 21 de
680 1054 70 27 talare,
765 1054 72 21 hvilka
851 1056 54 19 mot-

87 1085 41 19 satt
149 1083 32 27 sig
202 1083 121 27 detsamma,
344 1083 58 28 hysa,
423 1083 84 22 hvarför
522 1084 92 20 kvinnan
630 1090 45 15 mer
690 1085 27 18 än
729 1089 93 14 mannen
837 1083 69 20 skulle

86 1111 113 27 berättigas
221 1113 30 19 att
272 1111 71 27 afsäga
365 1112 32 27 sig
417 1112 56 21 detta
488 1112 222 27 förtroendeuppdrag,
724 1111 85 21 hvarför
824 1111 35 21 det
873 1111 34 20 för

86 1140 70 20 henne
170 1146 50 14 vore
235 1140 84 20 svärare
334 1141 30 20 att
378 1140 61 27 ätaga
453 1140 32 28 sig
500 1140 36 21 det
551 1140 100 28 uppdrag,
666 1146 45 15 som
722 1139 22 21 ät
753 1140 69 20 henne
833 1139 73 27 gifves,

87 1174 34 15 om
136 1168 42 21 hon
194 1168 107 27 nämligen
315 1168 34 21 för
363 1168 63 28 öfrigt
440 1174 62 16 anses
517 1168 70 22 därtill
601 1168 92 28 lämplig.

154 1224 154 22 Diskussionen
333 1225 129 21 förklarades
485 1225 97 27 afslutad,
607 1225 105 21 hvarefter
736 1224 24 21 hr
784 1224 122 22 talmannen

86 1253 122 21 framstälde
223 1253 92 27 följande
331 1254 280 28 omröstningsproposition
601 1249 13 38 :

155 1310 39 27 De,
210 1310 73 22 hvilka
296 1310 117 28 godkänna
427 1311 112 21 utskottets
553 1310 83 28 förslag
651 1310 35 22 till
703 1310 78 28 lydelse
795 1309 37 28 för
846 1310 28 20 13
885 1309 22 27 $,

87 1340 60 20 rösta
161 1339 34 25 ja;
211 1340 31 26 de,
258 1340 35 20 det
307 1339 45 21 icke
365 1342 59 25 göra,
438 1342 59 19 rösta
512 1340 49 28 nej;

155 1368 80 20 vinner
254 1368 43 27 nej,
320 1368 42 20 har
385 1368 175 28 borgareständet
580 1368 11 20 i
611 1368 101 27 afseende
734 1367 14 21 ä
760 1367 68 27 sagda
842 1373 66 15 mom.

86 1396 96 28 godkänt
196 1396 41 21 den
252 1396 83 28 nädiga
345 1396 174 28 propositionen.

156 1452 103 27 Votering
280 1452 105 21 anstäldes
407 1452 26 26 pä
452 1452 103 27 begäran;
578 1458 44 14 som
640 1452 73 20 därvid
735 1451 95 27 afgäfvos
845 1450 26 21 39
886 1450 22 26 ja

88 1480 40 21 och
152 1480 26 20 20
201 1480 41 27 nej,
265 1480 53 21 hade
341 1480 171 26 borgareständet
533 1480 135 22 oförändradt
690 1480 92 28 godkänt
796 1478 113 22 utskottets

87 1508 78 28 förslag
180 1508 31 21 till
226 1508 81 27 lydelse
321 1509 34 21 för
369 1509 27 21 13
412 1509 18 27 $.
