1106 1817
183 135 54 21 1330
424 140 105 17 Judarnas
542 139 98 21 rättsliga
653 140 106 20 ställning.
917 140 26 15 22
955 138 48 20 maj.

183 210 22 18 är
227 208 46 20 icke
294 208 115 26 meningen
427 210 29 18 att
471 210 68 25 öppna
554 208 100 19 dörrarna
669 207 33 20 för
716 213 26 14 en
758 207 96 20 invasion
869 206 45 20 från
931 206 74 26 Polen,

182 238 50 18 utan
256 236 35 20 det
314 238 23 18 är
358 235 59 27 fråga
439 242 35 14 om
494 237 29 19 att
538 235 56 28 gifva
610 235 20 20 åt
645 235 25 20 de
686 235 66 26 judar,
768 241 44 14 som
828 234 68 21 finnas
912 235 37 20 här
964 235 39 20 och

183 266 35 19 äro
234 264 37 20 här
286 263 70 27 födda,
371 264 99 27 rättighet
485 266 29 19 att
529 264 64 20 vistas
608 264 39 20 och
663 263 26 20 bo
705 263 7 20 i
727 263 57 20 detta
799 263 49 20 land
863 263 50 20 med
923 269 80 14 samma

181 292 122 27 rättigheter
323 298 46 15 som
384 292 57 21 detta
455 292 61 21 lands
532 292 65 21 andra
612 291 132 22 innevånare.
775 291 41 27 Jag
831 294 42 18 tror
888 291 53 20 dock
956 291 47 20 icke

182 323 30 18 att
235 321 34 20 det
291 327 49 14 vore
360 320 93 28 politiskt
468 321 64 26 klokt,
548 327 34 14 om
598 327 48 14 man
663 320 36 20 vill
714 320 68 21 drifva
797 320 64 21 saken
877 319 81 27 framåt,
973 322 30 19 att

182 349 87 21 omfatta
292 349 42 21 den
356 349 65 21 andra
442 349 162 21 reservationen.
634 349 41 27 Jag
690 351 43 18 tror
748 351 29 18 att
792 349 36 20 det
842 355 49 14 vore
907 355 46 13 mer
967 348 38 21 be-

182 378 105 20 tänksamt
309 377 40 22 och
371 377 65 22 saken
458 385 45 14 mer
524 378 29 20 till
577 378 90 21 fromma
690 379 30 19 att
736 377 88 21 omfatta
839 377 40 21 den
895 378 70 26 första,
980 380 23 23 ty

182 406 63 27 begär
267 413 49 14 man
337 406 32 21 för
387 407 91 26 mycket,
494 407 40 20 kan
550 413 48 14 man
614 409 57 18 snart
687 406 61 21 mista
763 406 34 21 alt.
827 405 41 22 Det
883 408 22 18 är
920 405 26 28 på
961 405 41 21 den

181 435 68 26 grund
269 435 35 27 jag
319 435 72 21 ställer
405 435 43 27 mig
462 435 27 27 på
504 435 40 20 den
560 436 64 20 första
636 435 168 20 reservationens
820 435 129 27 ståndpunkt
964 435 39 20 och

181 463 94 21 förordar
290 463 47 21 den.

249 520 32 21 Hr
300 520 105 21 Erkko:
428 520 67 21 Esillä
509 520 93 21 olevasta
618 520 142 21 valiokunnan
776 520 134 21 mietinnöstä
924 520 21 27 jo
962 520 40 25 käy

181 549 87 26 selville,
289 549 66 20 miten
378 549 79 20 eriävät
477 549 122 26 mielipiteet
618 555 138 14 maassamme
772 550 69 19 tämän
857 548 145 27 kysymyksen

180 577 89 22 suhteen
285 579 54 19 ovat.
361 577 91 21 Samalla
467 577 51 20 kuin
533 577 129 20 kolmannen
677 577 147 21 vastalauseen
839 576 165 28 allekirjoittajat

181 606 55 21 eivät
261 606 83 20 tahtoisi
370 606 78 20 mitään
473 608 107 19 muutosta
604 605 135 27 juutalaisten
758 605 124 27 nykyisessä
897 611 106 15 asemassa

181 634 137 27 anottavaksi,
330 635 113 20 antaisivat
457 634 68 21 toisen
541 634 145 21 vastalauseen
702 634 163 27 allekirjoittajat
880 634 62 21 heille
958 636 44 24 täy-

181 663 82 20 delliset
288 663 210 20 kansalaisoikeudet.
534 663 81 20 Näiden
640 663 128 27 molempien
793 663 208 26 äärimmäisyyksien

181 691 70 21 välillä
272 693 49 19 ovat
340 691 48 21 sitte
404 691 143 21 valiokunnan
562 691 95 21 mietintö
673 692 21 26 ja
709 692 152 20 ensimmäinen
878 691 124 21 vastalause.

180 720 93 21 Minusta
296 720 19 21 ei
338 720 33 21 voi
387 720 119 21 mitenkään
522 721 75 26 tyytyä
612 720 144 20 valiokunnan
772 720 149 27 ehdotukseen,
937 720 65 20 koska

181 755 28 18 se,
234 748 76 22 vaikka
336 748 57 27 kyllä
415 748 131 28 poistaisikin
570 748 45 28 pari
637 748 121 28 epäkohtaa,
780 749 61 26 joista
856 755 26 14 on
899 749 102 20 enimmin

181 777 96 21 valitettu
298 778 21 26 ja
341 777 58 27 jotka
414 777 114 21 todellakin
544 780 48 18 ovat
607 777 63 21 olleet
685 777 98 27 sellaiset,
798 779 42 19 että
854 777 51 21 niitä
920 778 19 20 ei
955 777 46 21 olisi

180 806 82 27 pitänyt
282 805 100 21 minkään
402 806 129 26 sivistyneen
547 812 62 14 maan
625 806 74 25 kärsiä,
714 806 110 21 kuitenkin
838 806 78 26 jättäisi
932 807 70 26 juuta-

179 834 76 21 laisten
276 840 85 15 aseman
376 834 95 21 edelleen
488 834 63 20 kovin
567 834 156 28 epävakaiseksi
739 834 21 27 ja
775 834 170 21 vastaisuudessa
960 835 41 26 yhä

180 863 75 20 uusien
278 864 144 19 muunnosten
443 863 22 26 ja
485 862 115 22 häiriöiden
623 863 103 20 alaiseksi.
748 875 26 3 —
789 862 70 22 Täällä
873 870 28 14 on
917 866 84 18 sanottu

180 892 42 20 että
244 897 39 20 me,
306 890 160 28 hyväksymällä
488 891 67 21 toisen
578 891 151 23 vastalauseen,
744 891 133 27 pääsisimme
891 891 110 27 juutalais-

179 919 164 27 kysymyksestä
365 919 112 21 kokonaan
500 920 92 25 erilleen,
613 920 52 26 jotta
688 920 19 20 ei
726 926 22 14 se
764 920 169 21 vastaisuudessa
949 922 53 19 enää

179 948 147 20 kumnmittelisi
349 948 112 26 säädyissä.
491 948 58 21 Minä
568 948 74 21 luulen
665 948 111 21 kuitenkin
792 950 41 19 että
847 949 154 26 porvarissääty

180 976 19 21 ei
221 979 38 24 nyt
281 976 63 21 tekisi
366 976 98 27 viisaasti,
482 977 32 27 jos
529 983 22 15 se
567 976 122 27 hyväksyisi
704 977 67 21 toisen
788 977 151 27 vastalauseen,
955 977 46 21 sillä

179 1004 104 27 kysymys
305 1005 71 21 tuskin
399 1005 52 21 siten
477 1005 58 21 tulisi
558 1005 123 28 poistetuksi
696 1006 224 26 päiväjärjestyksestä,
935 1006 65 20 koska

179 1034 104 20 mainitun
309 1034 146 21 vastalauseen
480 1034 154 27 perustuksella
658 1034 20 21 ei
702 1034 56 21 liene
783 1034 132 22 mahdollista
937 1034 64 21 saada

181 1064 172 24 säätyanomusta
375 1062 80 20 aikaan.
485 1062 58 21 Minä
564 1062 44 27 siis,
629 1062 82 20 samoin
726 1063 52 20 kuin
794 1063 106 20 edellinen
915 1063 85 27 puhuja,

179 1090 73 26 yhdyn
275 1090 162 21 ensimmäiseen
457 1090 187 27 vastalauseeseen,
659 1090 64 27 jonka
738 1090 73 22 kautta
826 1091 173 21 saavutetaankin

180 1118 117 21 mielestäni
312 1118 125 27 jokseenkin
452 1119 56 26 hyvä
522 1119 94 20 ratkaisu
630 1118 164 27 kysymykselle.

247 1174 32 21 Hr
299 1174 141 27 Jusölius,
461 1174 169 22 Ferdinand:
660 1175 41 26 Jag
723 1175 39 20 har
783 1175 154 21 undertecknat
959 1176 41 20 den

179 1203 66 20 andra
269 1203 164 26 reservationen,
457 1203 85 20 hvarför
565 1204 36 26 jag
622 1203 47 20 icke
689 1203 71 20 vidare
776 1203 99 22 behöfver
889 1204 112 21 framhälla

179 1231 42 20 min
234 1230 130 28 ständpunkt
377 1231 8 20 i
400 1231 79 27 frägan.
498 1231 41 27 Jag
554 1231 90 27 begärde
660 1231 60 21 ordet
734 1232 120 27 egentligen
865 1232 31 21 till
907 1232 52 27 följd
976 1232 21 21 af

177 1259 26 20 hr
217 1253 122 34 Äkermans
352 1259 141 27 andragande.
514 1259 33 22 Hr
562 1259 101 22 Sundvall
678 1260 38 20 har
731 1260 54 21 dock
800 1260 63 21 redan
880 1261 121 26 tillräckligt

179 1287 79 21 bemött
279 1288 26 20 hr
325 1288 119 21 Äkermans
459 1288 97 28 farhågor
570 1289 33 20 för
618 1289 26 20 de
659 1288 62 26 faror,
736 1295 47 14 som
798 1291 30 19 ett
842 1289 122 27 tilltagande
980 1290 21 20 af

177 1316 101 27 judarnas
301 1317 58 20 antal
373 1316 69 21 skulle
457 1317 78 20 bereda
551 1317 45 20 värt
610 1317 56 20 land.
696 1317 41 27 Jag
752 1317 32 20 för
799 1318 42 20 min
857 1318 34 20 del
907 1317 37 21 vill
959 1318 40 21 till-

177 1345 62 26 lägga
265 1351 26 14 en
314 1347 79 24 protest
415 1347 44 18 mot
481 1345 40 20 den
544 1345 134 27 uppfattning
699 1346 35 25 jag
757 1346 65 26 ansäg
839 1347 81 24 framgä
935 1353 26 12 ur
976 1347 25 19 hr

178 1372 119 20 Akermans
313 1372 142 27 andragande.
473 1371 41 28 Jag
528 1372 38 21 ber
581 1379 35 14 om
631 1373 77 26 ursäkt,
723 1373 45 20 ifall
782 1373 36 27 jag
832 1373 104 27 misstagit
950 1374 50 27 mig,

177 1406 50 14 men
243 1401 35 26 jag
293 1400 71 27 tyckte
380 1402 29 19 att
424 1401 53 20 hans
492 1401 134 26 andragande
642 1401 94 20 innehöll
752 1403 29 19 ett
795 1402 80 20 försvar
890 1402 32 20 för
933 1401 67 27 ätgär-

178 1428 41 21 den
241 1429 30 20 att
294 1430 64 25 vägra
378 1428 90 27 judarna
483 1430 41 19 rätt
538 1430 30 19 att
582 1429 51 27 gifta
649 1429 31 27 sig
696 1429 31 21 för
742 1431 30 20 att
786 1429 83 22 hämma
885 1430 60 21 deras
961 1437 38 14 nu-

177 1459 82 19 merära
281 1457 88 21 tillväxt.
399 1457 70 28 Nägot
491 1457 73 22 sädant
583 1457 53 22 hade
652 1458 35 27 jag
701 1458 88 28 hoppats
805 1460 29 20 att
848 1459 47 21 icke
911 1459 89 21 behöfva

177 1485 51 22 höra
242 1486 8 21 i
265 1485 177 28 borgareständet.
