1123 1792
191 132 55 20 1300
509 135 185 21 Hästutskrifning.

927 135 27 17 28
965 136 48 20 maj.

259 204 117 28 Föredrogs
400 211 26 14 en
442 204 47 20 från
504 204 200 20 ekonomiutskottet
719 203 78 21 anländ
813 203 109 21 skrifvelse
938 203 22 21 af
973 203 41 21 föl-

190 233 64 27 jande
269 233 91 26 lydelse:

253 318 116 24 FINLANDS
384 315 124 26 STÄNDERS

211 381 335 32 EKONOMIUTSKOTT.

369 495 4 4 N
631 473 40 20 Till
687 473 106 27 vällofliga
808 473 180 27 borgareständet.

319 495 123 23 Helsingfors.

337 581 34 17 N:o
383 581 38 18 204.

288 632 40 18 Den
341 631 22 18 28
375 632 35 23 maj
424 631 50 19 1897.

262 712 70 21 Jämte
348 713 35 20 det
399 713 101 21 utskottet
514 713 32 21 fär
561 713 108 21 vördsamt
683 712 84 21 anmäla
785 713 30 20 att
825 712 48 21 dess
883 711 133 22 betänkande

192 747 36 15 n:o
250 741 47 20 15a
312 741 7 20 i
334 741 115 27 anledning
465 742 21 20 af
500 741 60 22 Hans
575 741 118 28 Kejserliga
708 741 109 26 Majestäts
832 740 76 27 nådiga
924 741 92 27 proposi-

193 770 45 21 tion
254 776 34 14 n:o
305 770 26 20 29
347 770 48 20 med
411 770 78 27 förslag
504 770 32 21 till
550 770 35 27 lag
601 777 34 14 om
650 769 127 27 utskrifning
793 769 21 21 af
828 769 70 21 hästar
908 769 32 20 för
950 769 66 27 krigs-

195 798 65 21 behof
280 798 70 21 blifvit
372 798 21 20 af
415 798 89 21 ständen
526 799 113 26 godkändt,
655 798 54 21 dock
724 797 90 22 sälunda
829 799 30 19 att
873 797 145 28 ridderskapet

194 827 39 20 och
256 826 62 21 adeln
341 826 32 21 till
395 827 102 20 utskottet
517 827 161 21 äterremitterat
700 826 86 21 ärendet
801 826 32 21 för
848 825 169 28 omarbetning
1003 821 17 38 i

196 855 35 20 det
246 855 56 26 syfte
318 855 41 20 den
374 854 32 21 till
420 855 143 21 betänkandet
578 855 76 27 fogade
669 855 157 20 reservationen
836 853 117 22 innehäller
963 856 55 19 samt

194 882 173 28 borgareständet
382 883 101 21 likaledes
499 883 160 21 äterremitterat
673 883 11 27 $
701 884 26 20 14
737 883 33 21 för
780 882 148 28 omarbetning
938 882 21 21 af
969 882 49 21 dess

195 912 67 20 andra
283 913 95 20 moment
399 912 78 21 därhän
498 914 30 19 att
549 912 127 21 valmännen
692 912 68 20 skulle
775 913 58 19 utses
848 911 22 21 af
884 911 67 21 stads-
966 911 52 21 eller

195 940 257 28 kommunalfullmäktige
468 940 56 28 eller,
540 941 37 21 där
592 940 79 21 sådana
685 940 47 21 icke
746 940 75 27 finnas,
837 940 12 20 å
863 939 88 21 rädhus-
966 939 51 21 eller

194 968 220 28 kommunalstämma,
429 970 38 20 har
481 970 106 26 utskottet,
603 976 45 14 som
663 969 56 26 förty
734 969 130 21 konstaterat
879 970 30 19 att
923 968 94 21 ständer-

195 997 70 21 beslut
286 997 112 27 föreligger
421 998 7 20 i
450 998 99 21 afseende
571 998 12 20 &
607 997 151 21 hetänkandets
777 997 155 27 godkännande
946 997 8 20 i
970 996 47 22 dess

194 1026 77 27 helhet,
291 1028 69 19 ansett
380 1026 32 27 sig
433 1026 51 21 böra
501 1026 33 21 till
549 1026 124 22 ständernas
688 1026 155 21 skärskädande
852 1025 123 27 framlägga
990 1031 27 15 en

196 1054 162 28 omständighet,
372 1054 130 22 hänförande
518 1056 32 26 sig
565 1054 31 22 till
611 1054 146 27 lagförslagets
772 1054 22 21 af
809 1054 25 21 de
850 1054 67 26 öfriga
927 1053 90 21 stånden

195 1084 59 19 utom
276 1082 145 28 riddarskapet
443 1084 39 20 och
505 1084 62 20 adeln
590 1082 111 28 godkända
725 1083 12 20 6
753 1083 19 27 $,
787 1082 87 23 hvilken
888 1082 85 27 stadgar
987 1083 31 19 att

193 1112 118 26 ersättning
326 1111 32 21 för
373 1111 76 21 aflåten
464 1112 47 20 häst
526 1112 95 27 erlägges
637 1112 53 20 efter
705 1113 29 19 ett
749 1111 119 27 medelpris,
883 1117 45 14 som
943 1110 74 22 beräk-

194 1146 38 14 nas
252 1140 40 20 och
312 1140 113 21 fastställes
444 1140 4 20 i
463 1141 152 26 sammanhang
630 1140 48 21 med
694 1140 39 20 och
748 1140 7 20 i
771 1146 81 14 samma
866 1139 91 27 ordning
971 1145 46 15 som

195 1168 42 21 den
252 1168 106 21 allmänna
373 1168 266 28 markegångssättningen.

262 1196 34 22 Då
318 1196 36 22 det
375 1197 33 21 för
430 1197 145 27 beredningen
593 1197 21 21 af
629 1203 26 15 en
670 1197 9 21 i
693 1196 121 22 hufvudsak
828 1196 142 28 likalydande,
986 1196 31 22 till

197 1225 55 21 1894
274 1225 33 21 års
322 1226 86 20 ständer
422 1225 78 21 aflåten
514 1226 65 28 nådig
593 1226 128 28 proposition
736 1226 87 21 tillsatta
837 1225 181 28 specialutskottet

194 1254 52 21 fann
268 1254 73 27 frågan
362 1260 35 15 om
421 1254 127 28 utskrifning
571 1255 21 20 af
610 1254 71 21 hästar
695 1254 73 21 kunna
783 1254 105 28 uppfattas
904 1254 69 21 såsom
989 1255 29 20 ett

196 1282 84 28 ärende,
302 1282 80 21 hvilket
404 1283 7 20 i
434 1283 42 20 viss
490 1283 50 21 mån
556 1283 87 21 berörde
658 1283 111 27 grundlag,
785 1283 39 21 och
838 1283 57 26 förty
910 1282 37 21 hos
962 1284 56 19 stän-

195 1311 65 21 derna
283 1311 116 21 hemstälde
415 1318 34 15 om
465 1312 48 20 dess
529 1312 155 26 hänskjutande
699 1312 7 20 i
722 1311 70 21 denna
807 1311 35 21 del
856 1311 32 21 till
903 1311 115 27 lagutskot-

196 1341 40 18 tets
263 1339 99 26 yttrande
387 1341 54 19 samt
464 1340 69 20 denna
556 1339 125 21 hemställan
708 1340 76 26 bifölls,
814 1340 57 26 afgaf
892 1340 126 20 nästnämda

196 1367 80 20 utskott
290 1367 50 21 med
355 1367 116 27 anledning
485 1367 60 21 häraf
560 1369 29 19 ett
604 1367 114 28 uttalande,
733 1368 81 20 hvilket
829 1369 60 25 synts
900 1368 52 20 böra
962 1367 57 21 brin-

196 1402 37 20 gas
249 1395 32 21 till
296 1402 30 14 nu
340 1395 127 22 församlade
482 1395 96 21 ständers
593 1395 126 22 kännedom.

265 1424 123 21 Uttalandet
403 1424 8 20 i
425 1423 59 29 fråga
499 1424 61 27 lyder
575 1430 45 15 som
635 1423 70 28 följer:

266 1452 96 22 »Genom
377 1453 109 21 skrifvelse
501 1453 32 21 till
548 1453 89 21 stånden
652 1453 21 20 af
688 1453 41 21 den
745 1453 12 21 9
772 1453 145 21 innevarande
928 1453 42 27 maj
981 1453 38 21 har

195 1481 103 22 särskilda
313 1481 101 22 utskottet
429 1482 33 21 för
476 1482 114 27 behandlig
602 1482 22 21 af
635 1481 77 28 nådiga
721 1482 157 28 propositionen
889 1489 35 14 om
934 1482 85 21 utskrif-

198 1511 52 28 ning
265 1511 21 20 af
300 1511 71 21 hästar
385 1511 33 21 för
433 1511 127 28 krigsbehof,
576 1513 51 19 enär
638 1510 159 29 ifrågavarande
809 1511 128 28 proposition
948 1511 71 28 afsåge
