1089 1811
191 136 54 21 1568
460 143 173 20 Prästerskapets
646 143 94 21 aflöning.
940 145 8 15 1
960 143 50 22 juni.

191 210 117 27 anledning
323 211 21 19 af
358 210 62 21 väckt
434 211 171 26 motionsförslag
615 211 143 21 innefattande
770 211 132 27 förklaring
893 206 12 36 i
914 211 96 27 gällande

189 239 127 26 förordning
324 239 109 27 angående
447 239 125 28 reglering
587 239 27 22 af
629 239 194 28 prästerskapets
840 239 114 28 aflöning,
962 240 49 21 ville

191 267 88 21 omfatta
303 268 35 20 det
358 267 78 28 förslag
458 268 31 21 till
511 269 94 26 petition,
620 275 46 14 som
688 268 172 27 borgareståndet
882 269 32 20 för
929 269 32 20 sin
977 269 34 21 del

191 296 99 26 godkänt.

260 324 77 22 Denna
351 324 127 28 inbjudning
494 324 43 21 blef
552 326 20 20 af
586 324 24 21 R.
626 332 18 13 o.
659 325 25 21 A.
700 325 86 27 afböjd;
809 325 87 21 hvarom
911 326 101 20 utskottet

191 353 40 20 och
247 353 137 21 medstånden
401 353 67 21 skulle
483 360 77 21 genom
576 353 190 28 protokollsutdrag
782 354 136 20 underrättas.

819 410 21 17 In
851 410 61 17 fidem:

788 450 20 21 C.
827 450 116 22 Cronstedt.

263 582 117 27 Föredrogs
393 588 25 15 en
431 582 45 21 från
490 582 137 27 lagutskottet
637 582 77 21 anländ
722 582 117 26 skrifvelse,
845 582 59 21 hvari
912 583 100 21 utskottet

190 611 126 22 meddelade
331 613 30 18 att
375 610 92 28 lagenlig
482 611 192 27 ständerpluralitet
688 611 107 21 förefanns
810 611 7 20 i
828 611 99 21 ståndens
943 611 69 21 beslut

191 640 49 21 med
262 639 116 27 anledning
398 639 20 21 af
438 639 102 21 särskilda
554 640 58 21 inom
628 639 95 28 samtliga
738 639 60 22 stånd
815 640 74 21 väckta
904 641 107 26 petitions-

191 669 85 26 förslag,
292 667 110 28 åsyftande
416 668 90 27 ändring
521 668 51 21 eller
587 668 154 27 förtydligande
756 669 22 20 af
793 668 33 27 11,
842 669 32 27 12,
888 669 26 20 13
930 669 39 21 och
985 669 27 20 14

192 697 27 28 $$
235 697 8 20 i
258 697 274 28 landtdagsordningen.

261 835 93 21 Plenum
376 834 71 22 afslöts
470 835 51 21 härå
543 835 27 21 kl.
594 835 25 20 12
639 835 27 28 på
686 835 74 27 dagen,
778 835 26 20 då
820 834 192 28 borgareståndet
1001 830 15 37 i

193 864 121 27 procession
331 864 48 21 med
395 863 66 28 öfriga
477 864 60 21 stånd
553 864 97 27 aftågade
664 864 33 21 till
710 863 167 28 Nikolaikyrkan
891 865 59 25 samt,
960 863 53 22 efter

191 895 32 18 att
239 893 63 20 hafva
318 893 114 20 öfvervarit
446 893 145 26 gudstjänsten
604 893 112 26 därstädes,
726 893 30 21 till
768 893 106 20 tronsalen
883 893 8 20 i
901 893 111 27 kejserliga

191 921 80 26 slottet,
295 921 84 21 hvarest
396 921 139 28 landtdagens
551 921 114 27 högtidliga
681 921 118 21 afslutande
819 921 114 28 försiggick
948 921 65 28 enligt

191 950 106 21 faststäldt
311 950 131 20 ceremoniel.

260 1006 27 22 H.
310 1006 25 22 K.
359 1006 49 22 M:ts
431 1006 35 21 vid
482 1006 124 22 nästnämda
621 1006 81 22 tillfälle
718 1006 96 28 upplästa
828 1006 89 28 nådiga
932 1007 35 21 tal
982 1006 31 22 till

192 1034 102 22 Finlands
310 1035 85 21 ständer
410 1042 36 14 var
461 1036 21 20 af
496 1035 92 27 följande
604 1035 91 27 lydelse:

405 1120 177 28 Representanter
596 1120 35 22 för
644 1120 70 22 finska
728 1120 76 22 folket!

263 1177 33 22 Då
316 1178 40 21 den
378 1178 33 21 för
432 1178 50 21 eder
503 1178 134 21 värksamhet
658 1179 108 20 bestämda
787 1178 30 21 tid
832 1185 30 14 nu
876 1178 138 27 tilländagått,

193 1207 73 19 tackar
281 1207 41 26 Jag
337 1207 52 20 eder
403 1207 32 20 för
450 1207 58 20 edert
523 1207 21 20 af
562 1207 125 21 insiktsfullt
704 1207 134 20 förutseende
854 1207 38 20 och
908 1207 106 27 uppriktig

193 1235 94 21 sträfvan
302 1235 33 20 för
349 1234 82 22 landets
446 1235 81 20 välfärd
543 1234 171 22 kännetecknade
730 1235 71 21 arbete
816 1235 108 21 äfvensom
940 1236 32 20 för
987 1235 26 21 de

194 1263 21 19 af
231 1263 50 21 eder
295 1263 121 27 upprepade
431 1263 79 27 gånger
525 1263 12 21 å
551 1263 68 21 finska
634 1263 76 21 folkets
725 1266 79 24 vägnar
821 1263 93 21 uttalade
929 1264 85 20 känslor

193 1291 22 20 af
227 1291 84 27 hjärtlig
326 1292 140 26 tillgifvenhet
481 1292 33 20 för
528 1291 55 27 Mig
606 1292 39 20 och
667 1292 65 20 Mitt
750 1292 63 20 Hus.
1037 1303 4 2 ?

262 1319 156 21 Anbefallande
441 1320 51 20 eder
506 1320 39 20 och
566 1320 47 20 hela
634 1319 64 21 Mitt
719 1322 74 25 trogna
808 1319 68 21 finska
891 1320 44 20 folk
950 1320 7 20 i
972 1320 40 21 den

193 1347 93 26 Högstes
302 1348 47 26 näd,
364 1348 102 20 förklarar
480 1348 54 26 Jag
549 1348 128 26 landtdagen
693 1348 89 20 afslutad
794 1349 40 19 och
846 1348 109 20 förblifver
965 1348 49 20 eder

193 1374 151 28 oföränderligt
359 1375 135 27 välbevägen.

528 1431 155 22 NIKOLAI
