<?xml version="1.0" encoding="UTF-8"?>
<alto xmlns="http://www.loc.gov/standards/alto/ns-v3#" xmlns:xlink="http://www.w3.org/1999/xlink" xmlns:xsi="http://www.w3.org/2001/XMLSchema-instance" xsi:schemaLocation="http://www.loc.gov/standards/alto/ns-v3# http://www.loc.gov/alto/v3/alto-3-0.xsd">
	<Description>
		<MeasurementUnit>pixel</MeasurementUnit>
		<sourceImageInformation>
			<fileName>/tmp/tess_gwua0xfz_input.PNG</fileName>
		</sourceImageInformation>
		<OCRProcessing ID="OCR_0">
			<ocrProcessingStep>
				<processingSoftware>
					<softwareName>tesseract 5.3.4</softwareName>
				</processingSoftware>
			</ocrProcessingStep>
		</OCRProcessing>
	</Description>
	<Layout>
		<Page WIDTH="1103" HEIGHT="1806" PHYSICAL_IMG_NR="0" ID="page_0">
			<PrintSpace HPOS="0" VPOS="0" WIDTH="1103" HEIGHT="1806">
				<ComposedBlock ID="cblock_0" HPOS="201" VPOS="132" WIDTH="820" HEIGHT="24">
					<TextBlock ID="block_0" HPOS="201" VPOS="132" WIDTH="820" HEIGHT="24">
						<TextLine ID="line_0" HPOS="201" VPOS="132" WIDTH="820" HEIGHT="24">
							<String ID="string_0" HPOS="201" VPOS="133" WIDTH="42" HEIGHT="21" WC="0.96" CONTENT="768"/><SP WIDTH="180" VPOS="133" HPOS="243"/>
							<String ID="string_1" HPOS="423" VPOS="136" WIDTH="249" HEIGHT="20" WC="0.78" CONTENT="Kommunalförvaltning"/><SP WIDTH="12" VPOS="136" HPOS="672"/>
							<String ID="string_2" HPOS="684" VPOS="134" WIDTH="27" HEIGHT="22" WC="0.96" CONTENT="på"/><SP WIDTH="11" VPOS="134" HPOS="711"/>
							<String ID="string_3" HPOS="722" VPOS="135" WIDTH="76" HEIGHT="17" WC="0.96" CONTENT="landet."/><SP WIDTH="151" VPOS="135" HPOS="798"/>
							<String ID="string_4" HPOS="949" VPOS="134" WIDTH="14" HEIGHT="16" WC="0.96" CONTENT="4"/><SP WIDTH="11" VPOS="134" HPOS="963"/>
							<String ID="string_5" HPOS="974" VPOS="132" WIDTH="47" HEIGHT="22" WC="0.94" CONTENT="maj."/>
						</TextLine>
					</TextBlock>
				</ComposedBlock>
				<GraphicalElement ID="cblock_1" HPOS="201" VPOS="161" WIDTH="820" HEIGHT="9"></GraphicalElement >
				<ComposedBlock ID="cblock_2" HPOS="269" VPOS="203" WIDTH="433" HEIGHT="29">
					<TextBlock ID="block_1" HPOS="269" VPOS="203" WIDTH="433" HEIGHT="29">
						<TextLine ID="line_1" HPOS="269" VPOS="203" WIDTH="433" HEIGHT="29">
							<String ID="string_6" HPOS="269" VPOS="205" WIDTH="134" HEIGHT="22" WC="0.96" CONTENT="Beträffande"/><SP WIDTH="16" VPOS="205" HPOS="403"/>
							<String ID="string_7" HPOS="419" VPOS="206" WIDTH="26" HEIGHT="20" WC="0.93" CONTENT="25"/><SP WIDTH="15" VPOS="206" HPOS="445"/>
							<String ID="string_8" HPOS="460" VPOS="206" WIDTH="13" HEIGHT="25" WC="0.62" CONTENT="$"/><SP WIDTH="16" VPOS="206" HPOS="473"/>
							<String ID="string_9" HPOS="489" VPOS="204" WIDTH="102" HEIGHT="28" WC="0.96" CONTENT="begärdes"/><SP WIDTH="15" VPOS="204" HPOS="591"/>
							<String ID="string_10" HPOS="606" VPOS="203" WIDTH="61" HEIGHT="21" WC="0.96" CONTENT="ordet"/><SP WIDTH="15" VPOS="203" HPOS="667"/>
							<String ID="string_11" HPOS="682" VPOS="203" WIDTH="20" HEIGHT="21" WC="0.97" CONTENT="af"/>
						</TextLine>
					</TextBlock>
				</ComposedBlock>
				<ComposedBlock ID="cblock_3" HPOS="201" VPOS="258" WIDTH="822" HEIGHT="118">
					<TextBlock ID="block_2" HPOS="201" VPOS="258" WIDTH="822" HEIGHT="118">
						<TextLine ID="line_2" HPOS="270" VPOS="258" WIDTH="753" HEIGHT="30">
							<String ID="string_12" HPOS="270" VPOS="263" WIDTH="25" HEIGHT="21" WC="0.91" CONTENT="hr"/><SP WIDTH="20" VPOS="263" HPOS="295"/>
							<String ID="string_13" HPOS="315" VPOS="262" WIDTH="132" HEIGHT="26" WC="0.66" CONTENT="Jusölius,"/><SP WIDTH="20" VPOS="262" HPOS="447"/>
							<String ID="string_14" HPOS="467" VPOS="260" WIDTH="162" HEIGHT="27" WC="0.96" CONTENT="Ferdinand,"/><SP WIDTH="20" VPOS="260" HPOS="629"/>
							<String ID="string_15" HPOS="649" VPOS="266" WIDTH="46" HEIGHT="15" WC="0.92" CONTENT="som"/><SP WIDTH="20" VPOS="266" HPOS="695"/>
							<String ID="string_16" HPOS="715" VPOS="259" WIDTH="93" HEIGHT="27" WC="0.90" CONTENT="yttrade:"/><SP WIDTH="30" VPOS="259" HPOS="808"/>
							<String ID="string_17" HPOS="838" VPOS="259" WIDTH="41" HEIGHT="27" WC="0.96" CONTENT="Jag"/><SP WIDTH="19" VPOS="259" HPOS="879"/>
							<String ID="string_18" HPOS="898" VPOS="258" WIDTH="69" HEIGHT="21" WC="0.93" CONTENT="skulle"/><SP WIDTH="14" VPOS="258" HPOS="967"/>
							<String ID="string_19" HPOS="981" VPOS="258" WIDTH="42" HEIGHT="20" WC="0.93" CONTENT="för-"/>
						</TextLine>
						<TextLine ID="line_3" HPOS="202" VPOS="286" WIDTH="821" HEIGHT="32">
							<String ID="string_20" HPOS="202" VPOS="291" WIDTH="83" HEIGHT="21" WC="0.96" CONTENT="behålla"/><SP WIDTH="14" VPOS="291" HPOS="285"/>
							<String ID="string_21" HPOS="299" VPOS="291" WIDTH="44" HEIGHT="27" WC="0.97" CONTENT="mig"/><SP WIDTH="16" VPOS="291" HPOS="343"/>
							<String ID="string_22" HPOS="359" VPOS="292" WIDTH="29" HEIGHT="19" WC="0.93" CONTENT="att"/><SP WIDTH="15" VPOS="292" HPOS="388"/>
							<String ID="string_23" HPOS="403" VPOS="290" WIDTH="106" HEIGHT="21" WC="0.93" CONTENT="eventuelt"/><SP WIDTH="14" VPOS="290" HPOS="509"/>
							<String ID="string_24" HPOS="523" VPOS="290" WIDTH="21" HEIGHT="20" WC="0.96" CONTENT="få"/><SP WIDTH="14" VPOS="290" HPOS="544"/>
							<String ID="string_25" HPOS="558" VPOS="289" WIDTH="77" HEIGHT="21" WC="0.96" CONTENT="föreslå"/><SP WIDTH="16" VPOS="289" HPOS="635"/>
							<String ID="string_26" HPOS="651" VPOS="288" WIDTH="130" HEIGHT="27" WC="0.95" CONTENT="uteslutning"/><SP WIDTH="15" VPOS="288" HPOS="781"/>
							<String ID="string_27" HPOS="796" VPOS="288" WIDTH="22" HEIGHT="20" WC="0.96" CONTENT="af"/><SP WIDTH="20" VPOS="288" HPOS="818"/>
							<String ID="string_28" HPOS="838" VPOS="288" WIDTH="6" HEIGHT="20" WC="0.96" CONTENT="2"/><SP WIDTH="16" VPOS="288" HPOS="844"/>
							<String ID="string_29" HPOS="860" VPOS="294" WIDTH="63" HEIGHT="14" WC="0.96" CONTENT="mom."/><SP WIDTH="12" VPOS="294" HPOS="923"/>
							<String ID="string_30" HPOS="935" VPOS="286" WIDTH="8" HEIGHT="21" WC="0.96" CONTENT="i"/><SP WIDTH="10" VPOS="286" HPOS="943"/>
							<String ID="string_31" HPOS="953" VPOS="286" WIDTH="70" HEIGHT="21" WC="0.96" CONTENT="denna"/>
						</TextLine>
						<TextLine ID="line_4" HPOS="201" VPOS="314" WIDTH="822" HEIGHT="34">
							<String ID="string_32" HPOS="201" VPOS="320" WIDTH="98" HEIGHT="28" WC="0.93" CONTENT="paragraf"/><SP WIDTH="21" VPOS="320" HPOS="299"/>
							<String ID="string_33" HPOS="320" VPOS="320" WIDTH="7" HEIGHT="20" WC="0.95" CONTENT="i"/><SP WIDTH="22" VPOS="320" HPOS="327"/>
							<String ID="string_34" HPOS="349" VPOS="319" WIDTH="153" HEIGHT="27" WC="0.95" CONTENT="sammanhang"/><SP WIDTH="22" VPOS="319" HPOS="502"/>
							<String ID="string_35" HPOS="524" VPOS="318" WIDTH="48" HEIGHT="22" WC="0.95" CONTENT="med"/><SP WIDTH="23" VPOS="318" HPOS="572"/>
							<String ID="string_36" HPOS="595" VPOS="320" WIDTH="30" HEIGHT="19" WC="0.96" CONTENT="ett"/><SP WIDTH="22" VPOS="320" HPOS="625"/>
							<String ID="string_37" HPOS="647" VPOS="316" WIDTH="83" HEIGHT="28" WC="0.96" CONTENT="förslag,"/><SP WIDTH="22" VPOS="316" HPOS="730"/>
							<String ID="string_38" HPOS="752" VPOS="323" WIDTH="46" HEIGHT="14" WC="0.96" CONTENT="som"/><SP WIDTH="22" VPOS="323" HPOS="798"/>
							<String ID="string_39" HPOS="820" VPOS="316" WIDTH="35" HEIGHT="28" WC="0.96" CONTENT="jag"/><SP WIDTH="15" VPOS="316" HPOS="855"/>
							<String ID="string_40" HPOS="870" VPOS="318" WIDTH="73" HEIGHT="18" WC="0.92" CONTENT="ämnar"/><SP WIDTH="14" VPOS="318" HPOS="943"/>
							<String ID="string_41" HPOS="957" VPOS="314" WIDTH="66" HEIGHT="22" WC="0.92" CONTENT="väcka"/>
						</TextLine>
						<TextLine ID="line_5" HPOS="204" VPOS="348" WIDTH="111" HEIGHT="28">
							<String ID="string_42" HPOS="204" VPOS="348" WIDTH="35" HEIGHT="21" WC="0.96" CONTENT="vid"/><SP WIDTH="16" VPOS="348" HPOS="239"/>
							<String ID="string_43" HPOS="255" VPOS="349" WIDTH="26" HEIGHT="21" WC="0.93" CONTENT="31"/><SP WIDTH="16" VPOS="349" HPOS="281"/>
							<String ID="string_44" HPOS="297" VPOS="348" WIDTH="18" HEIGHT="28" WC="0.78" CONTENT="&amp;."/>
						</TextLine>
					</TextBlock>
				</ComposedBlock>
				<ComposedBlock ID="cblock_4" HPOS="201" VPOS="400" WIDTH="824" HEIGHT="90">
					<TextBlock ID="block_3" HPOS="201" VPOS="400" WIDTH="824" HEIGHT="90">
						<TextLine ID="line_6" HPOS="270" VPOS="400" WIDTH="755" HEIGHT="32">
							<String ID="string_45" HPOS="270" VPOS="405" WIDTH="33" HEIGHT="21" WC="0.96" CONTENT="Då"/><SP WIDTH="22" VPOS="405" HPOS="303"/>
							<String ID="string_46" HPOS="325" VPOS="405" WIDTH="65" HEIGHT="27" WC="0.96" CONTENT="ingen"/><SP WIDTH="22" VPOS="405" HPOS="390"/>
							<String ID="string_47" HPOS="412" VPOS="411" WIDTH="68" HEIGHT="14" WC="0.96" CONTENT="annan"/><SP WIDTH="20" VPOS="411" HPOS="480"/>
							<String ID="string_48" HPOS="500" VPOS="404" WIDTH="21" HEIGHT="21" WC="0.93" CONTENT="af"/><SP WIDTH="22" VPOS="404" HPOS="521"/>
							<String ID="string_49" HPOS="543" VPOS="403" WIDTH="94" HEIGHT="22" WC="0.93" CONTENT="ständets"/><SP WIDTH="20" VPOS="403" HPOS="637"/>
							<String ID="string_50" HPOS="657" VPOS="402" WIDTH="137" HEIGHT="22" WC="0.93" CONTENT="medlemmar"/><SP WIDTH="14" VPOS="402" HPOS="794"/>
							<String ID="string_51" HPOS="808" VPOS="401" WIDTH="93" HEIGHT="21" WC="0.96" CONTENT="önskade"/><SP WIDTH="14" VPOS="401" HPOS="901"/>
							<String ID="string_52" HPOS="915" VPOS="402" WIDTH="57" HEIGHT="26" WC="0.96" CONTENT="yttra"/><SP WIDTH="15" VPOS="402" HPOS="972"/>
							<String ID="string_53" HPOS="987" VPOS="400" WIDTH="38" HEIGHT="27" WC="0.97" CONTENT="sig,"/>
						</TextLine>
						<TextLine ID="line_7" HPOS="201" VPOS="428" WIDTH="824" HEIGHT="31">
							<String ID="string_54" HPOS="201" VPOS="434" WIDTH="132" HEIGHT="21" WC="0.92" CONTENT="förklarades"/><SP WIDTH="22" VPOS="434" HPOS="333"/>
							<String ID="string_55" HPOS="355" VPOS="433" WIDTH="146" HEIGHT="21" WC="0.91" CONTENT="diskussionen"/><SP WIDTH="19" VPOS="433" HPOS="501"/>
							<String ID="string_56" HPOS="520" VPOS="432" WIDTH="96" HEIGHT="27" WC="0.92" CONTENT="afslutad,"/><SP WIDTH="24" VPOS="432" HPOS="616"/>
							<String ID="string_57" HPOS="640" VPOS="431" WIDTH="65" HEIGHT="21" WC="0.93" CONTENT="hvarä"/><SP WIDTH="22" VPOS="431" HPOS="705"/>
							<String ID="string_58" HPOS="727" VPOS="431" WIDTH="25" HEIGHT="20" WC="0.93" CONTENT="hr"/><SP WIDTH="14" VPOS="431" HPOS="752"/>
							<String ID="string_59" HPOS="766" VPOS="430" WIDTH="122" HEIGHT="21" WC="0.92" CONTENT="talmannen"/><SP WIDTH="15" VPOS="430" HPOS="888"/>
							<String ID="string_60" HPOS="903" VPOS="428" WIDTH="122" HEIGHT="22" WC="0.93" CONTENT="framstälde"/>
						</TextLine>
						<TextLine ID="line_8" HPOS="203" VPOS="461" WIDTH="389" HEIGHT="29">
							<String ID="string_61" HPOS="203" VPOS="462" WIDTH="93" HEIGHT="28" WC="0.93" CONTENT="följande"/><SP WIDTH="15" VPOS="462" HPOS="296"/>
							<String ID="string_62" HPOS="311" VPOS="461" WIDTH="281" HEIGHT="28" WC="0.58" CONTENT="omröstningsproposition"/><SP WIDTH="-8" VPOS="461" HPOS="592"/>
							<String ID="string_63" HPOS="584" VPOS="457" WIDTH="10" HEIGHT="37" WC="0.58" CONTENT=":"/>
						</TextLine>
					</TextBlock>
				</ComposedBlock>
				<ComposedBlock ID="cblock_5" HPOS="203" VPOS="515" WIDTH="824" HEIGHT="101">
					<TextBlock ID="block_4" HPOS="203" VPOS="515" WIDTH="824" HEIGHT="101">
						<TextLine ID="line_9" HPOS="272" VPOS="515" WIDTH="754" HEIGHT="31">
							<String ID="string_64" HPOS="272" VPOS="519" WIDTH="39" HEIGHT="26" WC="0.93" CONTENT="De,"/><SP WIDTH="17" VPOS="519" HPOS="311"/>
							<String ID="string_65" HPOS="328" VPOS="519" WIDTH="74" HEIGHT="21" WC="0.96" CONTENT="hvilka"/><SP WIDTH="13" VPOS="519" HPOS="402"/>
							<String ID="string_66" HPOS="415" VPOS="519" WIDTH="117" HEIGHT="27" WC="0.96" CONTENT="godkänna"/><SP WIDTH="15" VPOS="519" HPOS="532"/>
							<String ID="string_67" HPOS="547" VPOS="517" WIDTH="113" HEIGHT="22" WC="0.96" CONTENT="utskottets"/><SP WIDTH="14" VPOS="517" HPOS="660"/>
							<String ID="string_68" HPOS="674" VPOS="517" WIDTH="82" HEIGHT="28" WC="0.93" CONTENT="förslag"/><SP WIDTH="16" VPOS="517" HPOS="756"/>
							<String ID="string_69" HPOS="772" VPOS="517" WIDTH="35" HEIGHT="21" WC="0.93" CONTENT="till"/><SP WIDTH="15" VPOS="517" HPOS="807"/>
							<String ID="string_70" HPOS="822" VPOS="516" WIDTH="78" HEIGHT="29" WC="0.96" CONTENT="lydelse"/><SP WIDTH="15" VPOS="516" HPOS="900"/>
							<String ID="string_71" HPOS="915" VPOS="515" WIDTH="36" HEIGHT="28" WC="0.92" CONTENT="för"/><SP WIDTH="13" VPOS="515" HPOS="951"/>
							<String ID="string_72" HPOS="964" VPOS="515" WIDTH="31" HEIGHT="21" WC="0.93" CONTENT="25"/><SP WIDTH="10" VPOS="515" HPOS="995"/>
							<String ID="string_73" HPOS="1005" VPOS="515" WIDTH="21" HEIGHT="28" WC="0.92" CONTENT="$,"/>
						</TextLine>
						<TextLine ID="line_10" HPOS="203" VPOS="547" WIDTH="475" HEIGHT="29">
							<String ID="string_74" HPOS="203" VPOS="550" WIDTH="60" HEIGHT="20" WC="0.89" CONTENT="rösta"/><SP WIDTH="9" VPOS="550" HPOS="263"/>
							<String ID="string_75" HPOS="272" VPOS="549" WIDTH="41" HEIGHT="27" WC="0.95" CONTENT="ja;"/><SP WIDTH="16" VPOS="549" HPOS="313"/>
							<String ID="string_76" HPOS="329" VPOS="548" WIDTH="31" HEIGHT="27" WC="0.96" CONTENT="de,"/><SP WIDTH="16" VPOS="548" HPOS="360"/>
							<String ID="string_77" HPOS="376" VPOS="548" WIDTH="34" HEIGHT="21" WC="0.92" CONTENT="det"/><SP WIDTH="14" VPOS="548" HPOS="410"/>
							<String ID="string_78" HPOS="424" VPOS="548" WIDTH="45" HEIGHT="21" WC="0.96" CONTENT="icke"/><SP WIDTH="13" VPOS="548" HPOS="469"/>
							<String ID="string_79" HPOS="482" VPOS="550" WIDTH="59" HEIGHT="25" WC="0.93" CONTENT="göra,"/><SP WIDTH="16" VPOS="550" HPOS="541"/>
							<String ID="string_80" HPOS="557" VPOS="548" WIDTH="59" HEIGHT="20" WC="0.96" CONTENT="rösta"/><SP WIDTH="15" VPOS="548" HPOS="616"/>
							<String ID="string_81" HPOS="631" VPOS="547" WIDTH="47" HEIGHT="27" WC="0.95" CONTENT="nej:"/>
						</TextLine>
						<TextLine ID="line_11" HPOS="273" VPOS="585" WIDTH="754" HEIGHT="31">
							<String ID="string_82" HPOS="273" VPOS="589" WIDTH="80" HEIGHT="21" WC="0.92" CONTENT="vinner"/><SP WIDTH="20" VPOS="589" HPOS="353"/>
							<String ID="string_83" HPOS="373" VPOS="589" WIDTH="43" HEIGHT="27" WC="0.90" CONTENT="nej,"/><SP WIDTH="22" VPOS="589" HPOS="416"/>
							<String ID="string_84" HPOS="438" VPOS="589" WIDTH="42" HEIGHT="20" WC="0.93" CONTENT="har"/><SP WIDTH="22" VPOS="589" HPOS="480"/>
							<String ID="string_85" HPOS="502" VPOS="587" WIDTH="175" HEIGHT="29" WC="0.89" CONTENT="borgareständet"/><SP WIDTH="21" VPOS="587" HPOS="677"/>
							<String ID="string_86" HPOS="698" VPOS="586" WIDTH="87" HEIGHT="21" WC="0.92" CONTENT="beslutit"/><SP WIDTH="25" VPOS="586" HPOS="785"/>
							<String ID="string_87" HPOS="810" VPOS="587" WIDTH="32" HEIGHT="20" WC="0.96" CONTENT="att"/><SP WIDTH="26" VPOS="587" HPOS="842"/>
							<String ID="string_88" HPOS="868" VPOS="585" WIDTH="41" HEIGHT="21" WC="0.96" CONTENT="den"/><SP WIDTH="26" VPOS="585" HPOS="909"/>
							<String ID="string_89" HPOS="935" VPOS="585" WIDTH="92" HEIGHT="27" WC="0.95" CONTENT="slutliga"/>
						</TextLine>
					</TextBlock>
				</ComposedBlock>
				<ComposedBlock ID="cblock_6" HPOS="204" VPOS="613" WIDTH="823" HEIGHT="60">
					<TextBlock ID="block_5" HPOS="204" VPOS="613" WIDTH="823" HEIGHT="60">
						<TextLine ID="line_12" HPOS="204" VPOS="613" WIDTH="823" HEIGHT="32">
							<String ID="string_90" HPOS="204" VPOS="618" WIDTH="161" HEIGHT="27" WC="0.96" CONTENT="behandlingen"/><SP WIDTH="19" VPOS="618" HPOS="365"/>
							<String ID="string_91" HPOS="384" VPOS="617" WIDTH="28" HEIGHT="28" WC="0.95" CONTENT="af"/><SP WIDTH="21" VPOS="617" HPOS="412"/>
							<String ID="string_92" HPOS="433" VPOS="618" WIDTH="14" HEIGHT="19" WC="0.93" CONTENT="2"/><SP WIDTH="22" VPOS="618" HPOS="447"/>
							<String ID="string_93" HPOS="469" VPOS="624" WIDTH="66" HEIGHT="14" WC="0.96" CONTENT="mom."/><SP WIDTH="20" VPOS="624" HPOS="535"/>
							<String ID="string_94" HPOS="555" VPOS="616" WIDTH="29" HEIGHT="28" WC="0.93" CONTENT="af"/><SP WIDTH="15" VPOS="616" HPOS="584"/>
							<String ID="string_95" HPOS="599" VPOS="615" WIDTH="137" HEIGHT="29" WC="0.96" CONTENT="paragrafen"/><SP WIDTH="15" VPOS="615" HPOS="736"/>
							<String ID="string_96" HPOS="751" VPOS="615" WIDTH="56" HEIGHT="21" WC="0.96" CONTENT="skall"/><SP WIDTH="16" VPOS="615" HPOS="807"/>
							<String ID="string_97" HPOS="823" VPOS="615" WIDTH="86" HEIGHT="20" WC="0.93" CONTENT="lämnas"/><SP WIDTH="16" VPOS="615" HPOS="909"/>
							<String ID="string_98" HPOS="925" VPOS="613" WIDTH="102" HEIGHT="22" WC="0.96" CONTENT="beroende"/>
						</TextLine>
						<TextLine ID="line_13" HPOS="204" VPOS="644" WIDTH="621" HEIGHT="29">
							<String ID="string_99" HPOS="204" VPOS="647" WIDTH="36" HEIGHT="20" WC="0.93" CONTENT="till"/><SP WIDTH="15" VPOS="647" HPOS="240"/>
							<String ID="string_100" HPOS="255" VPOS="647" WIDTH="46" HEIGHT="20" WC="0.93" CONTENT="dess"/><SP WIDTH="14" VPOS="647" HPOS="301"/>
							<String ID="string_101" HPOS="315" VPOS="646" WIDTH="87" HEIGHT="21" WC="0.93" CONTENT="ständet"/><SP WIDTH="13" VPOS="646" HPOS="402"/>
							<String ID="string_102" HPOS="415" VPOS="645" WIDTH="68" HEIGHT="28" WC="0.92" CONTENT="fattat"/><SP WIDTH="14" VPOS="645" HPOS="483"/>
							<String ID="string_103" HPOS="497" VPOS="646" WIDTH="39" HEIGHT="21" WC="0.96" CONTENT="sitt"/><SP WIDTH="15" VPOS="646" HPOS="536"/>
							<String ID="string_104" HPOS="551" VPOS="645" WIDTH="69" HEIGHT="21" WC="0.93" CONTENT="beslut"/><SP WIDTH="14" VPOS="645" HPOS="620"/>
							<String ID="string_105" HPOS="634" VPOS="644" WIDTH="112" HEIGHT="27" WC="0.92" CONTENT="angäende"/><SP WIDTH="16" VPOS="644" HPOS="746"/>
							<String ID="string_106" HPOS="762" VPOS="644" WIDTH="27" HEIGHT="20" WC="0.93" CONTENT="31"/><SP WIDTH="17" VPOS="644" HPOS="789"/>
							<String ID="string_107" HPOS="806" VPOS="644" WIDTH="19" HEIGHT="26" WC="0.90" CONTENT="$."/>
						</TextLine>
					</TextBlock>
				</ComposedBlock>
				<ComposedBlock ID="cblock_7" HPOS="205" VPOS="705" WIDTH="823" HEIGHT="118">
					<TextBlock ID="block_6" HPOS="205" VPOS="705" WIDTH="823" HEIGHT="118">
						<TextLine ID="line_14" HPOS="274" VPOS="705" WIDTH="754" HEIGHT="31">
							<String ID="string_108" HPOS="274" VPOS="709" WIDTH="30" HEIGHT="21" WC="0.92" CONTENT="Pä"/><SP WIDTH="22" VPOS="709" HPOS="304"/>
							<String ID="string_109" HPOS="326" VPOS="709" WIDTH="91" HEIGHT="27" WC="0.92" CONTENT="begäran"/><SP WIDTH="16" VPOS="709" HPOS="417"/>
							<String ID="string_110" HPOS="433" VPOS="708" WIDTH="105" HEIGHT="21" WC="0.93" CONTENT="anstäldes"/><SP WIDTH="13" VPOS="708" HPOS="538"/>
							<String ID="string_111" HPOS="551" VPOS="707" WIDTH="102" HEIGHT="27" WC="0.93" CONTENT="votering,"/><SP WIDTH="14" VPOS="707" HPOS="653"/>
							<String ID="string_112" HPOS="667" VPOS="713" WIDTH="45" HEIGHT="14" WC="0.93" CONTENT="som"/><SP WIDTH="16" VPOS="713" HPOS="712"/>
							<String ID="string_113" HPOS="728" VPOS="706" WIDTH="61" HEIGHT="21" WC="0.93" CONTENT="utföll"/><SP WIDTH="15" VPOS="706" HPOS="789"/>
							<String ID="string_114" HPOS="804" VPOS="705" WIDTH="48" HEIGHT="22" WC="0.96" CONTENT="med"/><SP WIDTH="17" VPOS="705" HPOS="852"/>
							<String ID="string_115" HPOS="869" VPOS="705" WIDTH="25" HEIGHT="21" WC="0.96" CONTENT="16"/><SP WIDTH="15" VPOS="705" HPOS="894"/>
							<String ID="string_116" HPOS="909" VPOS="705" WIDTH="22" HEIGHT="27" WC="0.96" CONTENT="ja"/><SP WIDTH="15" VPOS="705" HPOS="931"/>
							<String ID="string_117" HPOS="946" VPOS="705" WIDTH="39" HEIGHT="21" WC="0.96" CONTENT="och"/><SP WIDTH="15" VPOS="705" HPOS="985"/>
							<String ID="string_118" HPOS="1000" VPOS="705" WIDTH="28" HEIGHT="20" WC="0.96" CONTENT="44"/>
						</TextLine>
						<TextLine ID="line_15" HPOS="205" VPOS="733" WIDTH="822" HEIGHT="33">
							<String ID="string_119" HPOS="205" VPOS="739" WIDTH="42" HEIGHT="27" WC="0.96" CONTENT="nej,"/><SP WIDTH="22" VPOS="739" HPOS="247"/>
							<String ID="string_120" HPOS="269" VPOS="738" WIDTH="32" HEIGHT="21" WC="0.96" CONTENT="till"/><SP WIDTH="20" VPOS="738" HPOS="301"/>
							<String ID="string_121" HPOS="321" VPOS="737" WIDTH="52" HEIGHT="28" WC="0.92" CONTENT="följd"/><SP WIDTH="15" VPOS="737" HPOS="373"/>
							<String ID="string_122" HPOS="388" VPOS="737" WIDTH="73" HEIGHT="21" WC="0.93" CONTENT="hvaraf"/><SP WIDTH="15" VPOS="737" HPOS="461"/>
							<String ID="string_123" HPOS="476" VPOS="736" WIDTH="171" HEIGHT="28" WC="0.92" CONTENT="borgareständet"/><SP WIDTH="15" VPOS="736" HPOS="647"/>
							<String ID="string_124" HPOS="662" VPOS="735" WIDTH="86" HEIGHT="22" WC="0.92" CONTENT="beslutit"/><SP WIDTH="14" VPOS="735" HPOS="748"/>
							<String ID="string_125" HPOS="762" VPOS="737" WIDTH="30" HEIGHT="18" WC="0.96" CONTENT="att"/><SP WIDTH="15" VPOS="737" HPOS="792"/>
							<String ID="string_126" HPOS="807" VPOS="734" WIDTH="48" HEIGHT="21" WC="0.96" CONTENT="med"/><SP WIDTH="16" VPOS="734" HPOS="855"/>
							<String ID="string_127" HPOS="871" VPOS="733" WIDTH="156" HEIGHT="28" WC="0.96" CONTENT="behandlingen"/>
						</TextLine>
						<TextLine ID="line_16" HPOS="205" VPOS="762" WIDTH="823" HEIGHT="31">
							<String ID="string_128" HPOS="205" VPOS="767" WIDTH="22" HEIGHT="21" WC="0.96" CONTENT="af"/><SP WIDTH="15" VPOS="767" HPOS="227"/>
							<String ID="string_129" HPOS="242" VPOS="768" WIDTH="12" HEIGHT="20" WC="0.96" CONTENT="2"/><SP WIDTH="15" VPOS="768" HPOS="254"/>
							<String ID="string_130" HPOS="269" VPOS="773" WIDTH="63" HEIGHT="15" WC="0.95" CONTENT="mom."/><SP WIDTH="16" VPOS="773" HPOS="332"/>
							<String ID="string_131" HPOS="348" VPOS="767" WIDTH="21" HEIGHT="20" WC="0.93" CONTENT="af"/><SP WIDTH="15" VPOS="767" HPOS="369"/>
							<String ID="string_132" HPOS="384" VPOS="766" WIDTH="121" HEIGHT="27" WC="0.93" CONTENT="paragrafen"/><SP WIDTH="17" VPOS="766" HPOS="505"/>
							<String ID="string_133" HPOS="522" VPOS="765" WIDTH="68" HEIGHT="21" WC="0.93" CONTENT="skulle"/><SP WIDTH="11" VPOS="765" HPOS="590"/>
							<String ID="string_134" HPOS="601" VPOS="764" WIDTH="60" HEIGHT="21" WC="0.93" CONTENT="anstä"/><SP WIDTH="9" VPOS="764" HPOS="661"/>
							<String ID="string_135" HPOS="670" VPOS="764" WIDTH="56" HEIGHT="21" WC="0.91" CONTENT="intill"/><SP WIDTH="10" VPOS="764" HPOS="726"/>
							<String ID="string_136" HPOS="736" VPOS="764" WIDTH="48" HEIGHT="21" WC="0.93" CONTENT="dess"/><SP WIDTH="12" VPOS="764" HPOS="784"/>
							<String ID="string_137" HPOS="796" VPOS="763" WIDTH="82" HEIGHT="22" WC="0.93" CONTENT="ständet"/><SP WIDTH="10" VPOS="763" HPOS="878"/>
							<String ID="string_138" HPOS="888" VPOS="763" WIDTH="61" HEIGHT="21" WC="0.92" CONTENT="fattat"/><SP WIDTH="9" VPOS="763" HPOS="949"/>
							<String ID="string_139" HPOS="958" VPOS="762" WIDTH="70" HEIGHT="22" WC="0.96" CONTENT="beslut"/>
						</TextLine>
						<TextLine ID="line_17" HPOS="205" VPOS="795" WIDTH="168" HEIGHT="28">
							<String ID="string_140" HPOS="205" VPOS="795" WIDTH="90" HEIGHT="22" WC="0.90" CONTENT="rörande"/><SP WIDTH="16" VPOS="795" HPOS="295"/>
							<String ID="string_141" HPOS="311" VPOS="796" WIDTH="26" HEIGHT="21" WC="0.93" CONTENT="31"/><SP WIDTH="17" VPOS="796" HPOS="337"/>
							<String ID="string_142" HPOS="354" VPOS="795" WIDTH="19" HEIGHT="28" WC="0.92" CONTENT="$."/>
						</TextLine>
					</TextBlock>
				</ComposedBlock>
				<ComposedBlock ID="cblock_8" HPOS="274" VPOS="855" WIDTH="524" HEIGHT="92">
					<TextBlock ID="block_7" HPOS="274" VPOS="855" WIDTH="524" HEIGHT="92">
						<TextLine ID="line_18" HPOS="274" VPOS="855" WIDTH="524" HEIGHT="30">
							<String ID="string_143" HPOS="274" VPOS="858" WIDTH="84" HEIGHT="21" WC="0.89" CONTENT="26—30"/><SP WIDTH="15" VPOS="858" HPOS="358"/>
							<String ID="string_144" HPOS="373" VPOS="857" WIDTH="26" HEIGHT="28" WC="0.88" CONTENT="8$"/><SP WIDTH="15" VPOS="857" HPOS="399"/>
							<String ID="string_145" HPOS="414" VPOS="857" WIDTH="122" HEIGHT="27" WC="0.93" CONTENT="godkändes"/><SP WIDTH="15" VPOS="857" HPOS="536"/>
							<String ID="string_146" HPOS="551" VPOS="858" WIDTH="51" HEIGHT="19" WC="0.93" CONTENT="utan"/><SP WIDTH="14" VPOS="858" HPOS="602"/>
							<String ID="string_147" HPOS="616" VPOS="855" WIDTH="182" HEIGHT="28" WC="0.90" CONTENT="meningsolikhet."/>
						</TextLine>
						<TextLine ID="line_19" HPOS="275" VPOS="918" WIDTH="474" HEIGHT="29">
							<String ID="string_148" HPOS="275" VPOS="921" WIDTH="11" HEIGHT="20" WC="0.95" CONTENT="I"/><SP WIDTH="15" VPOS="921" HPOS="286"/>
							<String ID="string_149" HPOS="301" VPOS="920" WIDTH="115" HEIGHT="27" WC="0.96" CONTENT="anledning"/><SP WIDTH="15" VPOS="920" HPOS="416"/>
							<String ID="string_150" HPOS="431" VPOS="919" WIDTH="20" HEIGHT="21" WC="0.96" CONTENT="af"/><SP WIDTH="17" VPOS="919" HPOS="451"/>
							<String ID="string_151" HPOS="468" VPOS="920" WIDTH="25" HEIGHT="20" WC="0.92" CONTENT="31"/><SP WIDTH="17" VPOS="920" HPOS="493"/>
							<String ID="string_152" HPOS="510" VPOS="920" WIDTH="11" HEIGHT="27" WC="0.87" CONTENT="&amp;"/><SP WIDTH="15" VPOS="920" HPOS="521"/>
							<String ID="string_153" HPOS="536" VPOS="919" WIDTH="103" HEIGHT="28" WC="0.96" CONTENT="begärdes"/><SP WIDTH="15" VPOS="919" HPOS="639"/>
							<String ID="string_154" HPOS="654" VPOS="918" WIDTH="58" HEIGHT="21" WC="0.96" CONTENT="ordet"/><SP WIDTH="16" VPOS="918" HPOS="712"/>
							<String ID="string_155" HPOS="728" VPOS="918" WIDTH="21" HEIGHT="21" WC="0.96" CONTENT="af"/>
						</TextLine>
					</TextBlock>
				</ComposedBlock>
				<ComposedBlock ID="cblock_9" HPOS="206" VPOS="974" WIDTH="825" HEIGHT="570">
					<TextBlock ID="block_8" HPOS="206" VPOS="974" WIDTH="825" HEIGHT="570">
						<TextLine ID="line_20" HPOS="275" VPOS="974" WIDTH="754" HEIGHT="28">
							<String ID="string_156" HPOS="275" VPOS="978" WIDTH="26" HEIGHT="20" WC="0.92" CONTENT="hr"/><SP WIDTH="16" VPOS="978" HPOS="301"/>
							<String ID="string_157" HPOS="317" VPOS="977" WIDTH="138" HEIGHT="25" WC="0.83" CONTENT="Jus6lius,"/><SP WIDTH="18" VPOS="977" HPOS="455"/>
							<String ID="string_158" HPOS="473" VPOS="975" WIDTH="171" HEIGHT="27" WC="0.96" CONTENT="Ferdinand,"/><SP WIDTH="21" VPOS="975" HPOS="644"/>
							<String ID="string_159" HPOS="665" VPOS="981" WIDTH="45" HEIGHT="15" WC="0.93" CONTENT="som"/><SP WIDTH="21" VPOS="981" HPOS="710"/>
							<String ID="string_160" HPOS="731" VPOS="975" WIDTH="92" HEIGHT="26" WC="0.96" CONTENT="yttrade:"/><SP WIDTH="31" VPOS="975" HPOS="823"/>
							<String ID="string_161" HPOS="854" VPOS="974" WIDTH="72" HEIGHT="27" WC="0.94" CONTENT="Enligt"/><SP WIDTH="14" VPOS="974" HPOS="926"/>
							<String ID="string_162" HPOS="940" VPOS="980" WIDTH="30" HEIGHT="14" WC="0.93" CONTENT="nu"/><SP WIDTH="15" VPOS="980" HPOS="970"/>
							<String ID="string_163" HPOS="985" VPOS="974" WIDTH="44" HEIGHT="27" WC="0.93" CONTENT="gäl-"/>
						</TextLine>
						<TextLine ID="line_21" HPOS="206" VPOS="1002" WIDTH="824" HEIGHT="29">
							<String ID="string_164" HPOS="206" VPOS="1006" WIDTH="63" HEIGHT="21" WC="0.91" CONTENT="lande"/><SP WIDTH="16" VPOS="1006" HPOS="269"/>
							<String ID="string_165" HPOS="285" VPOS="1004" WIDTH="248" HEIGHT="27" WC="0.91" CONTENT="kommunalförfattning"/><SP WIDTH="15" VPOS="1004" HPOS="533"/>
							<String ID="string_166" HPOS="548" VPOS="1004" WIDTH="111" HEIGHT="26" WC="0.90" CONTENT="erfordras,"/><SP WIDTH="15" VPOS="1004" HPOS="659"/>
							<String ID="string_167" HPOS="674" VPOS="1004" WIDTH="32" HEIGHT="20" WC="0.96" CONTENT="för"/><SP WIDTH="15" VPOS="1004" HPOS="706"/>
							<String ID="string_168" HPOS="721" VPOS="1005" WIDTH="30" HEIGHT="19" WC="0.96" CONTENT="att"/><SP WIDTH="15" VPOS="1005" HPOS="751"/>
							<String ID="string_169" HPOS="766" VPOS="1003" WIDTH="113" HEIGHT="21" WC="0.93" CONTENT="kommuns"/><SP WIDTH="15" VPOS="1003" HPOS="879"/>
							<String ID="string_170" HPOS="894" VPOS="1002" WIDTH="136" HEIGHT="21" WC="0.89" CONTENT="beslutande-"/>
						</TextLine>
						<TextLine ID="line_22" HPOS="206" VPOS="1031" WIDTH="824" HEIGHT="29">
							<String ID="string_171" HPOS="206" VPOS="1036" WIDTH="41" HEIGHT="19" WC="0.96" CONTENT="rätt"/><SP WIDTH="20" VPOS="1036" HPOS="247"/>
							<String ID="string_172" HPOS="267" VPOS="1034" WIDTH="54" HEIGHT="21" WC="0.95" CONTENT="skall"/><SP WIDTH="16" VPOS="1034" HPOS="321"/>
							<String ID="string_173" HPOS="337" VPOS="1034" WIDTH="72" HEIGHT="20" WC="0.93" CONTENT="kunna"/><SP WIDTH="15" VPOS="1034" HPOS="409"/>
							<String ID="string_174" HPOS="424" VPOS="1033" WIDTH="118" HEIGHT="27" WC="0.91" CONTENT="uppdragas"/><SP WIDTH="15" VPOS="1033" HPOS="542"/>
							<String ID="string_175" HPOS="557" VPOS="1033" WIDTH="21" HEIGHT="21" WC="0.93" CONTENT="ät"/><SP WIDTH="15" VPOS="1033" HPOS="578"/>
							<String ID="string_176" HPOS="593" VPOS="1032" WIDTH="261" HEIGHT="26" WC="0.92" CONTENT="kommunalfullmäktige,"/><SP WIDTH="16" VPOS="1032" HPOS="854"/>
							<String ID="string_177" HPOS="870" VPOS="1033" WIDTH="30" HEIGHT="19" WC="0.95" CONTENT="att"/><SP WIDTH="14" VPOS="1033" HPOS="900"/>
							<String ID="string_178" HPOS="914" VPOS="1031" WIDTH="79" HEIGHT="21" WC="0.96" CONTENT="hälften"/><SP WIDTH="16" VPOS="1031" HPOS="993"/>
							<String ID="string_179" HPOS="1009" VPOS="1031" WIDTH="21" HEIGHT="21" WC="0.96" CONTENT="af"/>
						</TextLine>
						<TextLine ID="line_23" HPOS="207" VPOS="1059" WIDTH="822" HEIGHT="29">
							<String ID="string_180" HPOS="207" VPOS="1063" WIDTH="141" HEIGHT="21" WC="0.89" CONTENT="kommunens"/><SP WIDTH="22" VPOS="1063" HPOS="348"/>
							<String ID="string_181" HPOS="370" VPOS="1062" WIDTH="172" HEIGHT="26" WC="0.89" CONTENT="röstberättigade"/><SP WIDTH="21" VPOS="1062" HPOS="542"/>
							<String ID="string_182" HPOS="563" VPOS="1061" WIDTH="139" HEIGHT="21" WC="0.91" CONTENT="medlemmar"/><SP WIDTH="21" VPOS="1061" HPOS="702"/>
							<String ID="string_183" HPOS="723" VPOS="1062" WIDTH="36" HEIGHT="19" WC="0.91" CONTENT="äro"/><SP WIDTH="20" VPOS="1062" HPOS="759"/>
							<String ID="string_184" HPOS="779" VPOS="1060" WIDTH="101" HEIGHT="21" WC="0.93" CONTENT="tillstädes"/><SP WIDTH="16" VPOS="1060" HPOS="880"/>
							<String ID="string_185" HPOS="896" VPOS="1060" WIDTH="39" HEIGHT="20" WC="0.96" CONTENT="och"/><SP WIDTH="16" VPOS="1060" HPOS="935"/>
							<String ID="string_186" HPOS="951" VPOS="1061" WIDTH="29" HEIGHT="19" WC="0.93" CONTENT="att"/><SP WIDTH="14" VPOS="1061" HPOS="980"/>
							<String ID="string_187" HPOS="994" VPOS="1059" WIDTH="35" HEIGHT="21" WC="0.92" CONTENT="tvä"/>
						</TextLine>
						<TextLine ID="line_24" HPOS="206" VPOS="1088" WIDTH="824" HEIGHT="31">
							<String ID="string_188" HPOS="206" VPOS="1091" WIDTH="125" HEIGHT="28" WC="0.90" CONTENT="tjedjedelar"/><SP WIDTH="22" VPOS="1091" HPOS="331"/>
							<String ID="string_189" HPOS="353" VPOS="1091" WIDTH="22" HEIGHT="21" WC="0.96" CONTENT="af"/><SP WIDTH="22" VPOS="1091" HPOS="375"/>
							<String ID="string_190" HPOS="397" VPOS="1090" WIDTH="25" HEIGHT="21" WC="0.96" CONTENT="de"/><SP WIDTH="22" VPOS="1090" HPOS="422"/>
							<String ID="string_191" HPOS="444" VPOS="1090" WIDTH="130" HEIGHT="21" WC="0.96" CONTENT="närvarande"/><SP WIDTH="23" VPOS="1090" HPOS="574"/>
							<String ID="string_192" HPOS="597" VPOS="1089" WIDTH="32" HEIGHT="21" WC="0.96" CONTENT="till"/><SP WIDTH="15" VPOS="1089" HPOS="629"/>
							<String ID="string_193" HPOS="644" VPOS="1089" WIDTH="90" HEIGHT="21" WC="0.93" CONTENT="beslutet"/><SP WIDTH="15" VPOS="1089" HPOS="734"/>
							<String ID="string_194" HPOS="749" VPOS="1089" WIDTH="92" HEIGHT="27" WC="0.96" CONTENT="bidraga."/><SP WIDTH="29" VPOS="1089" HPOS="841"/>
							<String ID="string_195" HPOS="870" VPOS="1088" WIDTH="11" HEIGHT="21" WC="0.86" CONTENT="I"/><SP WIDTH="16" VPOS="1088" HPOS="881"/>
							<String ID="string_196" HPOS="897" VPOS="1088" WIDTH="41" HEIGHT="21" WC="0.93" CONTENT="den"/><SP WIDTH="15" VPOS="1088" HPOS="938"/>
							<String ID="string_197" HPOS="953" VPOS="1088" WIDTH="77" HEIGHT="28" WC="0.96" CONTENT="nådiga"/>
						</TextLine>
						<TextLine ID="line_25" HPOS="207" VPOS="1116" WIDTH="823" HEIGHT="32">
							<String ID="string_198" HPOS="207" VPOS="1120" WIDTH="158" HEIGHT="28" WC="0.93" CONTENT="propositionen"/><SP WIDTH="21" VPOS="1120" HPOS="365"/>
							<String ID="string_199" HPOS="386" VPOS="1119" WIDTH="68" HEIGHT="21" WC="0.92" CONTENT="finnes"/><SP WIDTH="22" VPOS="1119" HPOS="454"/>
							<String ID="string_200" HPOS="476" VPOS="1119" WIDTH="46" HEIGHT="21" WC="0.92" CONTENT="icke"/><SP WIDTH="20" VPOS="1119" HPOS="522"/>
							<String ID="string_201" HPOS="542" VPOS="1118" WIDTH="70" HEIGHT="28" WC="0.91" CONTENT="nägon"/><SP WIDTH="21" VPOS="1118" HPOS="612"/>
							<String ID="string_202" HPOS="633" VPOS="1118" WIDTH="105" HEIGHT="21" WC="0.92" CONTENT="föreskrift"/><SP WIDTH="22" VPOS="1118" HPOS="738"/>
							<String ID="string_203" HPOS="760" VPOS="1117" WIDTH="109" HEIGHT="28" WC="0.92" CONTENT="angäende"/><SP WIDTH="16" VPOS="1117" HPOS="869"/>
							<String ID="string_204" HPOS="885" VPOS="1116" WIDTH="78" HEIGHT="22" WC="0.93" CONTENT="antalet"/><SP WIDTH="15" VPOS="1116" HPOS="963"/>
							<String ID="string_205" HPOS="978" VPOS="1118" WIDTH="52" HEIGHT="20" WC="0.92" CONTENT="röst-"/>
						</TextLine>
						<TextLine ID="line_26" HPOS="207" VPOS="1146" WIDTH="823" HEIGHT="30">
							<String ID="string_206" HPOS="207" VPOS="1148" WIDTH="88" HEIGHT="28" WC="0.91" CONTENT="egande,"/><SP WIDTH="22" VPOS="1148" HPOS="295"/>
							<String ID="string_207" HPOS="317" VPOS="1148" WIDTH="72" HEIGHT="21" WC="0.92" CONTENT="hvilka"/><SP WIDTH="21" VPOS="1148" HPOS="389"/>
							<String ID="string_208" HPOS="410" VPOS="1148" WIDTH="51" HEIGHT="20" WC="0.92" CONTENT="böra"/><SP WIDTH="18" VPOS="1148" HPOS="461"/>
							<String ID="string_209" HPOS="479" VPOS="1154" WIDTH="49" HEIGHT="14" WC="0.93" CONTENT="vara"/><SP WIDTH="15" VPOS="1154" HPOS="528"/>
							<String ID="string_210" HPOS="543" VPOS="1147" WIDTH="108" HEIGHT="27" WC="0.91" CONTENT="tillstädes,"/><SP WIDTH="16" VPOS="1147" HPOS="651"/>
							<String ID="string_211" HPOS="667" VPOS="1146" WIDTH="39" HEIGHT="22" WC="0.93" CONTENT="och"/><SP WIDTH="14" VPOS="1146" HPOS="706"/>
							<String ID="string_212" HPOS="720" VPOS="1146" WIDTH="47" HEIGHT="22" WC="0.88" CONTENT="icke"/><SP WIDTH="15" VPOS="1146" HPOS="767"/>
							<String ID="string_213" HPOS="782" VPOS="1146" WIDTH="67" HEIGHT="21" WC="0.90" CONTENT="häller"/><SP WIDTH="15" VPOS="1146" HPOS="849"/>
							<String ID="string_214" HPOS="864" VPOS="1146" WIDTH="116" HEIGHT="27" WC="0.92" CONTENT="nägonting"/><SP WIDTH="15" VPOS="1146" HPOS="980"/>
							<String ID="string_215" HPOS="995" VPOS="1152" WIDTH="35" HEIGHT="14" WC="0.96" CONTENT="om"/>
						</TextLine>
						<TextLine ID="line_27" HPOS="207" VPOS="1174" WIDTH="824" HEIGHT="29">
							<String ID="string_216" HPOS="207" VPOS="1176" WIDTH="136" HEIGHT="22" WC="0.91" CONTENT="kvalificerad"/><SP WIDTH="21" VPOS="1176" HPOS="343"/>
							<String ID="string_217" HPOS="364" VPOS="1176" WIDTH="113" HEIGHT="27" WC="0.91" CONTENT="pluralitet,"/><SP WIDTH="22" VPOS="1176" HPOS="477"/>
							<String ID="string_218" HPOS="499" VPOS="1182" WIDTH="49" HEIGHT="15" WC="0.96" CONTENT="men"/><SP WIDTH="20" VPOS="1182" HPOS="548"/>
							<String ID="string_219" HPOS="568" VPOS="1176" WIDTH="94" HEIGHT="20" WC="0.93" CONTENT="däremot"/><SP WIDTH="14" VPOS="1176" HPOS="662"/>
							<String ID="string_220" HPOS="676" VPOS="1175" WIDTH="84" HEIGHT="27" WC="0.93" CONTENT="stadgas"/><SP WIDTH="16" VPOS="1175" HPOS="760"/>
							<String ID="string_221" HPOS="776" VPOS="1176" WIDTH="30" HEIGHT="20" WC="0.93" CONTENT="att"/><SP WIDTH="14" VPOS="1176" HPOS="806"/>
							<String ID="string_222" HPOS="820" VPOS="1174" WIDTH="50" HEIGHT="21" WC="0.92" CONTENT="slikt"/><SP WIDTH="14" VPOS="1174" HPOS="870"/>
							<String ID="string_223" HPOS="884" VPOS="1174" WIDTH="78" HEIGHT="21" WC="0.91" CONTENT="ärende"/><SP WIDTH="15" VPOS="1174" HPOS="962"/>
							<String ID="string_224" HPOS="977" VPOS="1174" WIDTH="54" HEIGHT="21" WC="0.96" CONTENT="skall"/>
						</TextLine>
						<TextLine ID="line_28" HPOS="208" VPOS="1202" WIDTH="823" HEIGHT="30">
							<String ID="string_225" HPOS="208" VPOS="1205" WIDTH="115" HEIGHT="21" WC="0.96" CONTENT="behandlas"/><SP WIDTH="22" VPOS="1205" HPOS="323"/>
							<String ID="string_226" HPOS="345" VPOS="1204" WIDTH="28" HEIGHT="28" WC="0.91" CONTENT="pä"/><SP WIDTH="21" VPOS="1204" HPOS="373"/>
							<String ID="string_227" HPOS="394" VPOS="1204" WIDTH="35" HEIGHT="21" WC="0.96" CONTENT="två"/><SP WIDTH="15" VPOS="1204" HPOS="429"/>
							<String ID="string_228" HPOS="444" VPOS="1204" WIDTH="53" HEIGHT="21" WC="0.93" CONTENT="efter"/><SP WIDTH="14" VPOS="1204" HPOS="497"/>
							<String ID="string_229" HPOS="511" VPOS="1204" WIDTH="118" HEIGHT="20" WC="0.95" CONTENT="hvarandra"/><SP WIDTH="13" VPOS="1204" HPOS="629"/>
							<String ID="string_230" HPOS="642" VPOS="1203" WIDTH="93" HEIGHT="27" WC="0.93" CONTENT="följande"/><SP WIDTH="15" VPOS="1203" HPOS="735"/>
							<String ID="string_231" HPOS="750" VPOS="1203" WIDTH="79" HEIGHT="21" WC="0.93" CONTENT="sådana"/><SP WIDTH="15" VPOS="1203" HPOS="829"/>
							<String ID="string_232" HPOS="844" VPOS="1202" WIDTH="187" HEIGHT="21" WC="0.86" CONTENT="kommunalstäm-"/>
						</TextLine>
						<TextLine ID="line_29" HPOS="208" VPOS="1231" WIDTH="823" HEIGHT="29">
							<String ID="string_233" HPOS="208" VPOS="1240" WIDTH="52" HEIGHT="20" WC="0.89" CONTENT="mor,"/><SP WIDTH="22" VPOS="1240" HPOS="260"/>
							<String ID="string_234" HPOS="282" VPOS="1240" WIDTH="46" HEIGHT="14" WC="0.96" CONTENT="som"/><SP WIDTH="22" VPOS="1240" HPOS="328"/>
							<String ID="string_235" HPOS="350" VPOS="1233" WIDTH="8" HEIGHT="20" WC="0.95" CONTENT="i"/><SP WIDTH="23" VPOS="1233" HPOS="358"/>
							<String ID="string_236" HPOS="381" VPOS="1232" WIDTH="26" HEIGHT="21" WC="0.93" CONTENT="19"/><SP WIDTH="22" VPOS="1232" HPOS="407"/>
							<String ID="string_237" HPOS="429" VPOS="1232" WIDTH="12" HEIGHT="28" WC="0.91" CONTENT="&amp;"/><SP WIDTH="23" VPOS="1232" HPOS="441"/>
							<String ID="string_238" HPOS="464" VPOS="1232" WIDTH="139" HEIGHT="21" WC="0.90" CONTENT="omförmälas."/><SP WIDTH="31" VPOS="1232" HPOS="603"/>
							<String ID="string_239" HPOS="634" VPOS="1232" WIDTH="107" HEIGHT="20" WC="0.90" CONTENT="Utskottet"/><SP WIDTH="21" VPOS="1232" HPOS="741"/>
							<String ID="string_240" HPOS="762" VPOS="1232" WIDTH="38" HEIGHT="20" WC="0.93" CONTENT="har"/><SP WIDTH="23" VPOS="1232" HPOS="800"/>
							<String ID="string_241" HPOS="823" VPOS="1231" WIDTH="132" HEIGHT="21" WC="0.90" CONTENT="kombinerat"/><SP WIDTH="15" VPOS="1231" HPOS="955"/>
							<String ID="string_242" HPOS="970" VPOS="1231" WIDTH="61" HEIGHT="21" WC="0.96" CONTENT="dessa"/>
						</TextLine>
						<TextLine ID="line_30" HPOS="208" VPOS="1259" WIDTH="823" HEIGHT="29">
							<String ID="string_243" HPOS="208" VPOS="1261" WIDTH="158" HEIGHT="27" WC="0.91" CONTENT="bestämningar"/><SP WIDTH="22" VPOS="1261" HPOS="366"/>
							<String ID="string_244" HPOS="388" VPOS="1261" WIDTH="40" HEIGHT="20" WC="0.93" CONTENT="och"/><SP WIDTH="20" VPOS="1261" HPOS="428"/>
							<String ID="string_245" HPOS="448" VPOS="1260" WIDTH="93" HEIGHT="28" WC="0.93" CONTENT="uppstält"/><SP WIDTH="19" VPOS="1260" HPOS="541"/>
							<String ID="string_246" HPOS="560" VPOS="1260" WIDTH="87" HEIGHT="22" WC="0.93" CONTENT="fordran"/><SP WIDTH="15" VPOS="1260" HPOS="647"/>
							<String ID="string_247" HPOS="662" VPOS="1261" WIDTH="30" HEIGHT="19" WC="0.93" CONTENT="att"/><SP WIDTH="14" VPOS="1261" HPOS="692"/>
							<String ID="string_248" HPOS="706" VPOS="1260" WIDTH="69" HEIGHT="26" WC="0.93" CONTENT="dylikt"/><SP WIDTH="14" VPOS="1260" HPOS="775"/>
							<String ID="string_249" HPOS="789" VPOS="1260" WIDTH="77" HEIGHT="20" WC="0.93" CONTENT="ärende"/><SP WIDTH="15" VPOS="1260" HPOS="866"/>
							<String ID="string_250" HPOS="881" VPOS="1259" WIDTH="47" HEIGHT="21" WC="0.92" CONTENT="icke"/><SP WIDTH="15" VPOS="1259" HPOS="928"/>
							<String ID="string_251" HPOS="943" VPOS="1259" WIDTH="88" HEIGHT="21" WC="0.90" CONTENT="allenast"/>
						</TextLine>
						<TextLine ID="line_31" HPOS="208" VPOS="1288" WIDTH="823" HEIGHT="26">
							<String ID="string_252" HPOS="208" VPOS="1290" WIDTH="55" HEIGHT="20" WC="0.85" CONTENT="skall"/><SP WIDTH="29" VPOS="1290" HPOS="263"/>
							<String ID="string_253" HPOS="292" VPOS="1289" WIDTH="116" HEIGHT="22" WC="0.89" CONTENT="behandlas"/><SP WIDTH="22" VPOS="1289" HPOS="408"/>
							<String ID="string_254" HPOS="430" VPOS="1289" WIDTH="35" HEIGHT="21" WC="0.93" CONTENT="vid"/><SP WIDTH="23" VPOS="1289" HPOS="465"/>
							<String ID="string_255" HPOS="488" VPOS="1289" WIDTH="35" HEIGHT="21" WC="0.96" CONTENT="två"/><SP WIDTH="21" VPOS="1289" HPOS="523"/>
							<String ID="string_256" HPOS="544" VPOS="1288" WIDTH="170" HEIGHT="22" WC="0.96" CONTENT="sammanträden"/><SP WIDTH="22" VPOS="1288" HPOS="714"/>
							<String ID="string_257" HPOS="736" VPOS="1288" WIDTH="21" HEIGHT="21" WC="0.93" CONTENT="af"/><SP WIDTH="22" VPOS="1288" HPOS="757"/>
							<String ID="string_258" HPOS="779" VPOS="1288" WIDTH="80" HEIGHT="26" WC="0.92" CONTENT="antydd"/><SP WIDTH="22" VPOS="1288" HPOS="859"/>
							<String ID="string_259" HPOS="881" VPOS="1288" WIDTH="150" HEIGHT="26" WC="0.96" CONTENT="beskaffenhet,"/>
						</TextLine>
						<TextLine ID="line_32" HPOS="208" VPOS="1316" WIDTH="823" HEIGHT="28">
							<String ID="string_260" HPOS="208" VPOS="1320" WIDTH="52" HEIGHT="19" WC="0.93" CONTENT="utan"/><SP WIDTH="15" VPOS="1320" HPOS="260"/>
							<String ID="string_261" HPOS="275" VPOS="1318" WIDTH="62" HEIGHT="21" WC="0.95" CONTENT="äfven"/><SP WIDTH="16" VPOS="1318" HPOS="337"/>
							<String ID="string_262" HPOS="353" VPOS="1319" WIDTH="30" HEIGHT="19" WC="0.93" CONTENT="att"/><SP WIDTH="15" VPOS="1319" HPOS="383"/>
							<String ID="string_263" HPOS="398" VPOS="1317" WIDTH="73" HEIGHT="21" WC="0.96" CONTENT="därvid"/><SP WIDTH="14" VPOS="1317" HPOS="471"/>
							<String ID="string_264" HPOS="485" VPOS="1318" WIDTH="81" HEIGHT="20" WC="0.96" CONTENT="fordras"/><SP WIDTH="15" VPOS="1318" HPOS="566"/>
							<String ID="string_265" HPOS="581" VPOS="1317" WIDTH="35" HEIGHT="21" WC="0.96" CONTENT="två"/><SP WIDTH="15" VPOS="1317" HPOS="616"/>
							<String ID="string_266" HPOS="631" VPOS="1316" WIDTH="113" HEIGHT="28" WC="0.93" CONTENT="tredjedels"/><SP WIDTH="10" VPOS="1316" HPOS="744"/>
							<String ID="string_267" HPOS="754" VPOS="1316" WIDTH="155" HEIGHT="28" WC="0.86" CONTENT="röstpluralitet."/><SP WIDTH="28" VPOS="1316" HPOS="909"/>
							<String ID="string_268" HPOS="937" VPOS="1316" WIDTH="34" HEIGHT="21" WC="0.90" CONTENT="Då"/><SP WIDTH="10" VPOS="1316" HPOS="971"/>
							<String ID="string_269" HPOS="981" VPOS="1322" WIDTH="50" HEIGHT="15" WC="0.94" CONTENT="man"/>
						</TextLine>
						<TextLine ID="line_33" HPOS="208" VPOS="1345" WIDTH="823" HEIGHT="21">
							<String ID="string_270" HPOS="208" VPOS="1347" WIDTH="8" HEIGHT="19" WC="0.96" CONTENT="i"/><SP WIDTH="15" VPOS="1347" HPOS="216"/>
							<String ID="string_271" HPOS="231" VPOS="1346" WIDTH="115" HEIGHT="20" WC="0.96" CONTENT="allmänhet"/><SP WIDTH="14" VPOS="1346" HPOS="346"/>
							<String ID="string_272" HPOS="360" VPOS="1346" WIDTH="39" HEIGHT="20" WC="0.93" CONTENT="bör"/><SP WIDTH="14" VPOS="1346" HPOS="399"/>
							<String ID="string_273" HPOS="413" VPOS="1346" WIDTH="78" HEIGHT="20" WC="0.92" CONTENT="sträfva"/><SP WIDTH="15" VPOS="1346" HPOS="491"/>
							<String ID="string_274" HPOS="506" VPOS="1346" WIDTH="32" HEIGHT="20" WC="0.95" CONTENT="till"/><SP WIDTH="15" VPOS="1346" HPOS="538"/>
							<String ID="string_275" HPOS="553" VPOS="1348" WIDTH="29" HEIGHT="18" WC="0.96" CONTENT="att"/><SP WIDTH="15" VPOS="1348" HPOS="582"/>
							<String ID="string_276" HPOS="597" VPOS="1346" WIDTH="119" HEIGHT="20" WC="0.96" CONTENT="underlätta"/><SP WIDTH="14" VPOS="1346" HPOS="716"/>
							<String ID="string_277" HPOS="730" VPOS="1345" WIDTH="120" HEIGHT="20" WC="0.95" CONTENT="införandet"/><SP WIDTH="15" VPOS="1345" HPOS="850"/>
							<String ID="string_278" HPOS="865" VPOS="1345" WIDTH="20" HEIGHT="20" WC="0.93" CONTENT="af"/><SP WIDTH="13" VPOS="1345" HPOS="885"/>
							<String ID="string_279" HPOS="898" VPOS="1345" WIDTH="133" HEIGHT="20" WC="0.92" CONTENT="kommunal-"/>
						</TextLine>
						<TextLine ID="line_34" HPOS="207" VPOS="1373" WIDTH="824" HEIGHT="28">
							<String ID="string_280" HPOS="207" VPOS="1374" WIDTH="283" HEIGHT="27" WC="0.91" CONTENT="fullmäktig-institutionen,"/><SP WIDTH="15" VPOS="1374" HPOS="490"/>
							<String ID="string_281" HPOS="505" VPOS="1374" WIDTH="86" HEIGHT="20" WC="0.96" CONTENT="hvilken"/><SP WIDTH="17" VPOS="1374" HPOS="591"/>
							<String ID="string_282" HPOS="608" VPOS="1375" WIDTH="52" HEIGHT="19" WC="0.91" CONTENT="utan"/><SP WIDTH="17" VPOS="1375" HPOS="660"/>
							<String ID="string_283" HPOS="677" VPOS="1373" WIDTH="73" HEIGHT="21" WC="0.90" CONTENT="tvifvel"/><SP WIDTH="10" VPOS="1373" HPOS="750"/>
							<String ID="string_284" HPOS="760" VPOS="1373" WIDTH="99" HEIGHT="27" WC="0.96" CONTENT="erbjuder"/><SP WIDTH="11" VPOS="1373" HPOS="859"/>
							<String ID="string_285" HPOS="870" VPOS="1374" WIDTH="29" HEIGHT="19" WC="0.96" CONTENT="ett"/><SP WIDTH="9" VPOS="1374" HPOS="899"/>
							<String ID="string_286" HPOS="908" VPOS="1373" WIDTH="123" HEIGHT="27" WC="0.96" CONTENT="lämpligare"/>
						</TextLine>
						<TextLine ID="line_35" HPOS="208" VPOS="1400" WIDTH="823" HEIGHT="28">
							<String ID="string_287" HPOS="208" VPOS="1404" WIDTH="42" HEIGHT="19" WC="0.96" CONTENT="sätt"/><SP WIDTH="22" VPOS="1404" HPOS="250"/>
							<String ID="string_288" HPOS="272" VPOS="1402" WIDTH="32" HEIGHT="21" WC="0.93" CONTENT="för"/><SP WIDTH="25" VPOS="1402" HPOS="304"/>
							<String ID="string_289" HPOS="329" VPOS="1402" WIDTH="123" HEIGHT="21" WC="0.91" CONTENT="utöfvandet"/><SP WIDTH="18" VPOS="1402" HPOS="452"/>
							<String ID="string_290" HPOS="470" VPOS="1402" WIDTH="22" HEIGHT="20" WC="0.96" CONTENT="af"/><SP WIDTH="19" VPOS="1402" HPOS="492"/>
							<String ID="string_291" HPOS="511" VPOS="1402" WIDTH="141" HEIGHT="20" WC="0.96" CONTENT="kommunens"/><SP WIDTH="15" VPOS="1402" HPOS="652"/>
							<String ID="string_292" HPOS="667" VPOS="1401" WIDTH="171" HEIGHT="27" WC="0.96" CONTENT="beslutanderätt,"/><SP WIDTH="16" VPOS="1401" HPOS="838"/>
							<String ID="string_293" HPOS="854" VPOS="1407" WIDTH="63" HEIGHT="21" WC="0.96" CONTENT="synes"/><SP WIDTH="15" VPOS="1407" HPOS="917"/>
							<String ID="string_294" HPOS="932" VPOS="1401" WIDTH="36" HEIGHT="21" WC="0.93" CONTENT="det"/><SP WIDTH="15" VPOS="1401" HPOS="968"/>
							<String ID="string_295" HPOS="983" VPOS="1400" WIDTH="48" HEIGHT="28" WC="0.93" CONTENT="opå-"/>
						</TextLine>
						<TextLine ID="line_36" HPOS="209" VPOS="1430" WIDTH="822" HEIGHT="28">
							<String ID="string_296" HPOS="209" VPOS="1430" WIDTH="79" HEIGHT="22" WC="0.90" CONTENT="kalladt"/><SP WIDTH="15" VPOS="1430" HPOS="288"/>
							<String ID="string_297" HPOS="303" VPOS="1432" WIDTH="30" HEIGHT="20" WC="0.96" CONTENT="att"/><SP WIDTH="16" VPOS="1432" HPOS="333"/>
							<String ID="string_298" HPOS="349" VPOS="1430" WIDTH="75" HEIGHT="22" WC="0.96" CONTENT="föreslå"/><SP WIDTH="15" VPOS="1430" HPOS="424"/>
							<String ID="string_299" HPOS="439" VPOS="1437" WIDTH="26" HEIGHT="15" WC="0.96" CONTENT="en"/><SP WIDTH="16" VPOS="1437" HPOS="465"/>
							<String ID="string_300" HPOS="481" VPOS="1431" WIDTH="119" HEIGHT="21" WC="0.93" CONTENT="restriktion"/><SP WIDTH="15" VPOS="1431" HPOS="600"/>
							<String ID="string_301" HPOS="615" VPOS="1430" WIDTH="83" HEIGHT="22" WC="0.91" CONTENT="utöfver"/><SP WIDTH="14" VPOS="1430" HPOS="698"/>
							<String ID="string_302" HPOS="712" VPOS="1430" WIDTH="56" HEIGHT="21" WC="0.96" CONTENT="hvad"/><SP WIDTH="15" VPOS="1430" HPOS="768"/>
							<String ID="string_303" HPOS="783" VPOS="1430" WIDTH="77" HEIGHT="27" WC="0.96" CONTENT="nådiga"/><SP WIDTH="14" VPOS="1430" HPOS="860"/>
							<String ID="string_304" HPOS="874" VPOS="1430" WIDTH="157" HEIGHT="28" WC="0.96" CONTENT="propositionen"/>
						</TextLine>
						<TextLine ID="line_37" HPOS="207" VPOS="1458" WIDTH="824" HEIGHT="29">
							<String ID="string_305" HPOS="207" VPOS="1460" WIDTH="124" HEIGHT="21" WC="0.95" CONTENT="innehåller."/><SP WIDTH="25" VPOS="1460" HPOS="331"/>
							<String ID="string_306" HPOS="356" VPOS="1459" WIDTH="96" HEIGHT="21" WC="0.96" CONTENT="Emedan"/><SP WIDTH="14" VPOS="1459" HPOS="452"/>
							<String ID="string_307" HPOS="466" VPOS="1460" WIDTH="36" HEIGHT="27" WC="0.96" CONTENT="jag"/><SP WIDTH="14" VPOS="1460" HPOS="502"/>
							<String ID="string_308" HPOS="516" VPOS="1459" WIDTH="46" HEIGHT="21" WC="0.96" CONTENT="icke"/><SP WIDTH="16" VPOS="1459" HPOS="562"/>
							<String ID="string_309" HPOS="578" VPOS="1466" WIDTH="37" HEIGHT="14" WC="0.96" CONTENT="var"/><SP WIDTH="15" VPOS="1466" HPOS="615"/>
							<String ID="string_310" HPOS="630" VPOS="1459" WIDTH="136" HEIGHT="27" WC="0.96" CONTENT="närvarande,"/><SP WIDTH="16" VPOS="1459" HPOS="766"/>
							<String ID="string_311" HPOS="782" VPOS="1459" WIDTH="26" HEIGHT="21" WC="0.96" CONTENT="då"/><SP WIDTH="16" VPOS="1459" HPOS="808"/>
							<String ID="string_312" HPOS="824" VPOS="1459" WIDTH="69" HEIGHT="21" WC="0.96" CONTENT="beslut"/><SP WIDTH="14" VPOS="1459" HPOS="893"/>
							<String ID="string_313" HPOS="907" VPOS="1459" WIDTH="73" HEIGHT="21" WC="0.93" CONTENT="härom"/><SP WIDTH="12" VPOS="1459" HPOS="980"/>
							<String ID="string_314" HPOS="992" VPOS="1458" WIDTH="39" HEIGHT="22" WC="0.92" CONTENT="fat-"/>
						</TextLine>
						<TextLine ID="line_38" HPOS="208" VPOS="1488" WIDTH="823" HEIGHT="28">
							<String ID="string_315" HPOS="208" VPOS="1488" WIDTH="66" HEIGHT="28" WC="0.90" CONTENT="tades,"/><SP WIDTH="22" VPOS="1488" HPOS="274"/>
							<String ID="string_316" HPOS="296" VPOS="1489" WIDTH="38" HEIGHT="21" WC="0.96" CONTENT="har"/><SP WIDTH="19" VPOS="1489" HPOS="334"/>
							<String ID="string_317" HPOS="353" VPOS="1489" WIDTH="36" HEIGHT="27" WC="0.96" CONTENT="jag"/><SP WIDTH="21" VPOS="1489" HPOS="389"/>
							<String ID="string_318" HPOS="410" VPOS="1488" WIDTH="46" HEIGHT="21" WC="0.96" CONTENT="icke"/><SP WIDTH="20" VPOS="1488" HPOS="456"/>
							<String ID="string_319" HPOS="476" VPOS="1488" WIDTH="81" HEIGHT="21" WC="0.93" CONTENT="kunnat"/><SP WIDTH="14" VPOS="1488" HPOS="557"/>
							<String ID="string_320" HPOS="571" VPOS="1488" WIDTH="95" HEIGHT="22" WC="0.93" CONTENT="häremot"/><SP WIDTH="15" VPOS="1488" HPOS="666"/>
							<String ID="string_321" HPOS="681" VPOS="1488" WIDTH="84" HEIGHT="27" WC="0.96" CONTENT="inlägga"/><SP WIDTH="14" VPOS="1488" HPOS="765"/>
							<String ID="string_322" HPOS="779" VPOS="1488" WIDTH="135" HEIGHT="26" WC="0.96" CONTENT="reservation,"/><SP WIDTH="16" VPOS="1488" HPOS="914"/>
							<String ID="string_323" HPOS="930" VPOS="1494" WIDTH="48" HEIGHT="15" WC="0.96" CONTENT="men"/><SP WIDTH="16" VPOS="1494" HPOS="978"/>
							<String ID="string_324" HPOS="994" VPOS="1488" WIDTH="37" HEIGHT="21" WC="0.96" CONTENT="ber"/>
						</TextLine>
						<TextLine ID="line_39" HPOS="210" VPOS="1516" WIDTH="821" HEIGHT="28">
							<String ID="string_325" HPOS="210" VPOS="1524" WIDTH="29" HEIGHT="14" WC="0.94" CONTENT="nu"/><SP WIDTH="24" VPOS="1524" HPOS="239"/>
							<String ID="string_326" HPOS="263" VPOS="1519" WIDTH="30" HEIGHT="19" WC="0.94" CONTENT="att"/><SP WIDTH="17" VPOS="1519" HPOS="293"/>
							<String ID="string_327" HPOS="310" VPOS="1517" WIDTH="77" HEIGHT="27" WC="0.96" CONTENT="nådiga"/><SP WIDTH="15" VPOS="1517" HPOS="387"/>
							<String ID="string_328" HPOS="402" VPOS="1517" WIDTH="156" HEIGHT="27" WC="0.96" CONTENT="propositionen"/><SP WIDTH="15" VPOS="1517" HPOS="558"/>
							<String ID="string_329" HPOS="573" VPOS="1517" WIDTH="7" HEIGHT="20" WC="0.96" CONTENT="i"/><SP WIDTH="16" VPOS="1517" HPOS="580"/>
							<String ID="string_330" HPOS="596" VPOS="1517" WIDTH="56" HEIGHT="21" WC="0.96" CONTENT="detta"/><SP WIDTH="16" VPOS="1517" HPOS="652"/>
							<String ID="string_331" HPOS="668" VPOS="1516" WIDTH="98" HEIGHT="21" WC="0.96" CONTENT="afseende"/><SP WIDTH="16" VPOS="1516" HPOS="766"/>
							<String ID="string_332" HPOS="782" VPOS="1516" WIDTH="64" HEIGHT="21" WC="0.96" CONTENT="måtte"/><SP WIDTH="15" VPOS="1516" HPOS="846"/>
							<String ID="string_333" HPOS="861" VPOS="1516" WIDTH="115" HEIGHT="21" WC="0.96" CONTENT="bibehållas"/><SP WIDTH="15" VPOS="1516" HPOS="976"/>
							<String ID="string_334" HPOS="991" VPOS="1517" WIDTH="40" HEIGHT="20" WC="0.95" CONTENT="och"/>
						</TextLine>
					</TextBlock>
				</ComposedBlock>
			</PrintSpace>
		</Page>
	</Layout>
</alto>
