1092 1814
247 182 13 18 2

217 239 35 19 vid
268 239 66 19 större
349 238 40 20 och
405 238 81 20 mindre
501 239 148 25 utställningar
663 238 8 19 i
681 238 100 23 utlandet,
789 238 30 26 ja,
831 238 32 19 till
873 238 41 19 och
922 238 48 19 med

217 268 35 18 vid
267 267 83 20 kortare
365 268 66 19 besök
445 268 7 18 i
465 267 105 20 utlandets
579 269 57 18 stora
643 267 77 23 städer,
729 266 84 20 hvilkas
821 266 149 26 försäljnings-

216 297 121 25 magasiner
352 296 61 20 äfven
428 296 7 19 i
450 296 143 26 hvardagslag
600 296 67 19 vittna
674 302 35 13 om
715 296 40 19 den
763 295 207 26 häpnadsväckande

216 324 147 26 lifaktigheten
386 324 26 26 på
432 324 159 26 ifrågavarande
607 323 91 21 område.
728 324 32 23 Ja,
777 325 34 18 det
826 324 42 19 kan
883 322 86 22 fastslås

217 355 31 17 att
266 354 40 19 den
322 354 91 22 misstro,
422 359 47 13 som
484 354 77 18 tanken
577 354 52 19 först
644 354 65 18 mötte
724 354 27 18 än
767 352 26 26 på
808 352 34 20 det
857 353 113 19 konstnär-

216 382 44 26 liga
282 384 26 18 än
330 381 26 27 på
371 382 35 20 det
420 382 132 20 industriella
567 381 71 23 hållet,
653 388 86 13 numera
755 382 6 18 i
777 382 25 19 de
818 383 56 18 stora
889 381 81 20 kultur-

216 411 77 20 landen
316 412 22 18 är
360 411 134 24 försvunnen,
517 412 6 19 i
541 412 34 18 det
591 417 49 13 man
655 412 34 18 ser
704 411 124 19 konstnärer
843 410 48 20 med
906 417 63 13 namn

216 440 41 20 och
271 440 61 26 rykte
347 441 51 18 utan
412 440 77 20 tvekan
505 440 66 26 skapa
586 439 101 20 modeller
701 440 40 19 och
757 440 92 19 mönster
863 440 32 18 för
910 440 59 19 indu-

217 470 53 19 strin
282 468 27 27 på
324 475 82 13 samma
421 467 57 28 gång
493 469 162 19 industriidkare
670 469 51 19 täfla
736 475 34 13 om
785 470 31 18 att
831 468 95 20 försäkra
937 469 33 25 sig

216 504 35 14 om
266 498 61 20 deras
343 498 133 20 medvärkan.

284 527 10 20 I
316 527 57 19 detta
395 527 98 20 afseende
513 527 38 20 har
563 525 46 21 vårt
623 526 50 20 land
689 527 84 19 stannat
787 524 60 28 långt
862 526 51 20 efter
928 526 41 20 den

216 556 107 19 allmänna
333 555 155 26 utvecklingen,
501 563 35 12 om
544 555 65 20 också
615 562 98 19 personer
721 555 74 23 finnas,
804 555 72 20 hvilka
883 557 86 18 varsnat

216 585 57 19 detta
288 585 40 19 och
344 585 78 19 sträfva
438 585 51 20 eller
504 584 127 20 åtminstone
647 585 36 19 äro
697 585 98 24 benägna
809 584 32 19 för
855 585 31 18 att
898 585 71 18 arbeta

216 613 7 20 i
246 613 56 20 detta
326 613 62 26 syfte.
418 613 41 20 Till
481 614 64 19 dessa
567 614 36 19 äro
625 613 50 20 flere
697 613 23 19 af
735 611 50 21 våra
800 613 124 19 konstnärer
939 615 30 17 att

216 642 72 23 räkna,
303 642 73 19 hvilka
391 642 133 25 naturligtvis
539 641 111 26 härvidlag
665 641 27 20 ha
707 641 92 19 vaknare
813 641 57 20 blick
885 642 27 19 än
929 641 40 20 hos

216 677 26 13 en
264 671 66 19 större
352 670 116 20 allmänhet
490 672 23 18 är
535 672 31 18 att
580 669 99 27 påräkna.
710 670 121 19 Emellertid
846 670 68 19 finnes
929 670 40 19 hos

216 705 36 14 oss
273 701 30 18 ett
324 699 114 26 väsentligt
455 699 75 20 hinder
544 699 32 20 för
592 701 30 18 att
636 699 153 19 konstnärerna
804 698 49 20 ville
869 705 54 19 egna
938 699 31 19 tid

216 728 40 19 och
271 728 70 19 arbete
356 728 7 19 i
378 728 68 19 afsedt
462 729 66 25 syfte;
543 727 38 20 vår
595 727 133 26 lagstiftning
743 727 139 20 tillförsäkrar
892 728 19 25 ej
921 728 48 19 dem

216 757 124 25 eganderätt
361 757 33 19 till
414 757 64 19 alster
493 757 22 19 af
528 757 61 19 deras
604 757 63 19 konst
682 755 26 27 pä
723 757 57 18 detta
795 755 91 21 område.
917 756 52 20 Gäl-

214 785 64 20 lande
298 786 122 25 förordning
442 792 35 13 om
499 785 95 20 artistisk
617 785 122 26 eganderätt
754 785 55 20 afser
824 785 75 20 endast
914 791 17 13 s.
947 785 20 20 k.

215 814 26 19 fri
264 815 68 23 konst,
348 815 47 18 icke
414 814 100 20 modeller
530 814 51 20 eller
596 815 98 21 mönster,
710 814 86 19 afsedda
811 814 32 19 för
857 814 111 23 industrin,

215 843 40 20 och
270 843 54 20 dock
340 843 110 20 förutsätta
466 843 62 19 dessa
544 849 75 14 senare
630 843 65 25 knapt
705 843 86 23 mindre,
803 843 98 19 stundom
911 849 58 13 mera

215 871 94 20 utbildad
324 872 62 19 smak
400 871 40 20 och
456 870 230 27 uppfinningsförmäga
701 872 27 18 än
743 871 66 20 första
823 872 61 19 bästa
894 871 74 20 konst-

215 900 51 20 värk
281 901 7 18 i
303 901 72 24 vanlig
390 901 91 24 mening.
511 901 38 19 Att
564 907 26 13 en
605 900 82 25 värklig
703 900 51 19 brist
765 901 5 18 i
782 901 57 18 detta
848 900 121 19 hänseende

214 929 113 25 föreligger
349 929 83 19 bevisar
454 929 60 19 äfven
534 930 41 18 den
590 928 157 26 omständighet
762 930 30 17 att
807 929 161 25 lagstiftningen

215 958 7 18 i
237 957 68 26 öfriga
320 957 73 20 länder
408 957 7 19 i
430 957 99 20 afseende
544 957 13 20 ä
573 957 149 26 eganderätten
737 957 129 26 längesedan
886 957 83 20 likstält

214 987 95 19 mönster
323 986 41 20 och
378 986 101 20 modeller
494 987 48 19 med
557 986 72 26 hvarje
645 992 70 13 annan
729 986 159 26 konstprodukt.

282 1014 106 21 Mähända
403 1015 49 19 ville
468 1014 70 27 nägon
553 1015 90 20 invända
656 1016 30 18 att
696 1015 98 19 behofvet
804 1016 23 18 af
834 1015 135 26 lagstiftning

214 1044 7 19 i
241 1044 56 20 detta
320 1044 56 26 syfte
399 1044 64 20 borde
479 1045 58 25 gifva
553 1045 33 25 sig
601 1050 57 13 mera
673 1044 98 26 högljudt
785 1044 103 19 tillkänna
903 1044 65 20 innan

214 1079 49 14 man
284 1073 85 26 lyssnar
392 1072 75 20 därtill.
497 1072 70 27 Härpä
587 1073 78 19 önskar
677 1072 39 27 jag
731 1073 75 19 endast
821 1072 62 20 hafva
906 1073 62 25 sagdt

214 1103 31 18 att
260 1102 98 22 rörelsen,
374 1100 70 20 sävidt
457 1101 39 27 jag
511 1102 37 19 har
564 1102 44 25 mig
623 1101 84 23 bekant,
715 1100 144 21 ätminstonei
870 1101 98 25 England

214 1130 74 20 främst
303 1130 69 26 utgätt
387 1129 45 21 frän
447 1130 152 20 konstnärerne
614 1130 40 20 och
665 1132 30 18 att
705 1130 177 19 industriidkaren
890 1136 77 19 genom

214 1160 48 19 dem
279 1158 97 20 förmätts
391 1160 30 18 att
436 1158 55 21 inslä
506 1158 27 27 pä
548 1166 25 13 en
589 1166 30 19 ny
633 1160 48 25 väg.
711 1159 87 26 Tydligt
814 1160 23 18 är
851 1159 117 19 emellertid

214 1190 31 17 att
266 1188 152 19 konstnärerne
440 1188 60 19 skola
519 1194 50 13 vara
585 1188 49 25 föga
649 1188 96 25 benägna
761 1189 30 18 att
806 1189 49 24 taga
870 1188 98 22 initiativ,

209 1215 29 21 'sä
260 1216 64 26 länge
347 1216 61 19 deras
428 1216 125 26 produktion
575 1216 22 20 ät
619 1216 57 20 detta
698 1215 43 21 häll
763 1217 22 19 är
807 1216 114 25 prisgifven
937 1218 30 18 att

214 1245 124 26 exploiteras
353 1245 23 19 af
389 1244 62 20 hvem
467 1252 45 12 som
528 1245 63 23 hälst,
604 1244 24 25 ja
643 1246 30 18 att
689 1245 25 19 de
729 1245 61 19 skola
805 1245 110 19 äfven
868 1240 12 35 i
888 1240 22 35 de
923 1245 44 23 fall,

214 1272 27 21 dä
255 1274 112 19 initiativet
382 1272 62 27 utgår
459 1272 45 21 från
520 1275 64 18 annat
599 1272 49 24 håll,
665 1280 60 13 svara
741 1275 30 17 att
787 1274 34 18 det
833 1273 88 26 ejlönar
933 1274 34 26 sig

214 1304 30 18 att
259 1302 71 20 arbeta
345 1301 22 20 ät
382 1302 35 20 det
432 1301 66 21 hållet
512 1302 67 19 under
589 1308 28 13 nu
629 1302 92 20 rådande
731 1301 138 21 förhållande.
887 1301 81 21 Sådant

214 1337 48 13 svar
276 1330 39 20 har
329 1330 27 20 bl.
372 1337 19 13 a.
407 1331 79 19 Finska
500 1331 149 19 handarbetets
665 1332 78 18 vänner
758 1331 67 19 delvis
840 1330 89 24 erhällit,
940 1330 27 20 dä

214 1360 26 18 de
255 1360 112 24 uppmanat
382 1360 124 18 konstnärer
521 1361 31 17 att
567 1359 84 25 deltaga
666 1360 7 17 i
688 1360 65 18 täflan
769 1365 34 13 om
813 1366 43 19 nya
866 1360 101 18 modeller

213 1387 40 20 och
268 1388 94 18 mönster
376 1388 32 18 till
423 1387 75 22 möbel,
514 1387 157 25 ruminredning
686 1394 27 12 m.
729 1394 28 12 m.

280 1416 49 19 Men
344 1416 61 19 äfven
420 1416 7 19 i
442 1416 65 18 andra
522 1415 135 20 hänseenden
668 1416 23 18 är
701 1416 35 18 det
744 1415 70 26 skydd
822 1414 37 21 vär
867 1415 100 26 gällande

212 1444 36 27 lag
270 1451 35 13 om
327 1444 80 21 litterär
424 1445 40 19 och
480 1445 94 19 artistisk
589 1445 122 26 eganderätt
727 1444 96 25 erbjuder
838 1445 128 20 konstnären

212 1474 32 19 för
258 1473 116 26 produkten
390 1474 22 19 af
424 1473 55 20 hans
494 1473 70 20 arbete
579 1473 118 26 bristfällig.
