1106 1817
103 124 24 17 21
140 123 48 21 maj.
424 116 171 34 Edsformulären.
867 116 55 22 1319

104 192 78 28 förslag
204 192 110 28 angäende
335 192 88 27 ändring
437 193 8 21 i
461 193 40 21 den
516 192 96 28 religiösa
628 192 59 22 delen
704 193 21 20 af
740 192 26 21 de
781 199 29 14 nu
826 192 96 22 använda

103 220 205 28 edsformulären,
322 222 109 20 hvaremot
446 222 23 20 R.
485 228 18 14 o.
518 222 25 20 A.
554 224 54 18 samt
618 221 158 27 prästeständet,
787 222 47 20 med
845 222 78 20 under-

104 249 112 21 kännande
234 248 21 22 af
273 249 146 27 betänkandet,
437 251 79 25 antagit
531 250 34 20 det
580 250 82 27 förslag,
677 256 45 14 som
738 250 61 26 ingär
813 250 5 20 i
835 250 41 20 den
892 250 31 20 till

103 278 57 49 Tja
177 278 70 21 andet
266 278 76 28 fogade
361 279 168 25 reservationen;
554 278 7 20 i
576 278 114 27 anledning
704 278 74 20 hvaraf
792 278 73 26 frågan
881 278 42 20 för-

114 306 50 22 allit.

172 448 117 29 Föredrogs
304 451 77 19 tvänne
396 449 47 21 från
457 449 224 21 kommunalutskottet
697 449 90 20 anlända
797 448 126 27 skrifvelser,

103 484 26 15 ur
143 477 72 22 hvilka
229 477 111 28 framgick:

173 536 35 26 att,
231 534 66 28 enligt
312 535 100 21 utskottet
427 534 180 22 tillhandakomna
621 534 196 28 protokollsutdrag,
831 534 33 21 för
876 534 47 21 dess

104 563 135 22 betänkande
261 570 35 14 n:o
318 564 15 20 4
352 563 8 20 i
382 563 115 28 anledning
512 563 21 21 af
548 563 76 28 nådiga
638 563 154 27 propositionen
810 569 33 14 n:o
860 563 11 20 1
888 569 36 14 an-

102 591 83 28 gående
207 591 145 28 befrämjande
374 591 22 21 af
412 591 75 28 högre
507 591 148 23 folkskolors
677 591 139 22 inrättande
831 591 8 21 i
854 591 70 20 lands-

103 621 154 21 kommunerna
272 620 7 21 i
294 620 89 21 Finland
398 620 155 22 ständerbeslut
567 621 6 20 i
589 620 65 21 saken
669 619 88 28 förelåg;
785 622 54 18 samt

172 680 35 25 att,
222 677 65 28 enligt
305 677 101 22 utskottet
419 677 179 22 tillhandakomna
613 677 196 28 protokollsutdrag,
825 677 47 20 dess
888 677 35 20 be-

102 706 106 22 tänkande
229 713 34 14 n:o
287 707 12 20 5
318 707 7 20 i
341 706 114 28 anledning
470 707 21 20 af
505 706 7 21 i
528 705 153 23 bondeståndet
695 706 74 21 väckta
784 705 139 27 petitionsför-

103 735 45 28 slag
172 735 110 28 angående
307 735 119 27 beviljande
451 735 21 21 af
496 735 86 27 bidrag
607 734 46 23 och
673 733 204 28 amorteringslän
899 733 25 22 ät

103 763 177 23 kommunerna
298 763 41 23 för
353 763 264 28 folkskolebyggnader
631 763 69 21 blifvit
715 763 21 21 af
751 763 95 27 samtliga
862 762 61 21 stånd

102 793 114 28 godkändt,

172 850 83 21 hvadan
275 850 153 28 handlingarna
442 850 8 21 i
465 849 61 22 dessa
541 849 93 22 ärenden
649 849 149 22 öfverlämnats
813 849 32 21 till
860 855 63 22 expe-

102 879 186 21 ditionsutskottet.

171 1023 33 21 Hr
225 1023 219 27 Heimbergers
465 1022 98 21 anhållan
585 1023 29 20 att
635 1022 33 21 för
688 1021 95 22 enskilda
798 1021 126 29 angelägen-

104 1052 59 22 heter
177 1051 22 22 få
213 1059 49 14 vara
277 1051 139 22 frånvarande
431 1051 46 21 från
493 1053 59 19 nästa
567 1051 86 28 plenum
669 1050 75 22 bifölls.

171 1195 33 21 Hr
222 1195 122 21 talmannen
364 1194 137 29 tillkännagaf
516 1196 29 20 att
560 1196 59 19 nästa
634 1194 86 27 plenum
735 1194 85 21 komme
835 1195 30 20 att
879 1193 44 22 hål-

102 1224 32 21 las
156 1224 100 27 lördagen
280 1224 40 21 den
343 1225 28 20 22
386 1224 41 27 maj
444 1223 27 21 kl.
488 1225 11 19 7
515 1229 18 16 e.
548 1230 34 19 m.,
596 1223 65 21 hvarå
676 1223 79 28 dagens
769 1223 87 27 plenum
871 1229 53 21 upp-

102 1253 64 22 löstes
181 1253 28 21 kl.
225 1253 52 25 11,55
292 1259 17 15 e.
324 1259 27 14 m.

705 1308 22 17 In
738 1308 62 17 fidem:

644 1343 27 21 A.
693 1342 24 22 V.
733 1342 117 28 Lindberg.
