1095 1792
78 126 13 20 6
103 127 46 21 maj.
376 122 230 33 Förmynderskapslag.
854 124 40 20 841

77 196 67 22 bättre
165 196 33 22 för
219 197 93 21 kvinnan
335 199 25 19 än
377 198 31 26 de,
428 198 87 21 hvarom
537 204 28 15 nu
588 200 23 19 är
625 198 63 27 fråga.
723 198 10 21 I
755 198 35 22 sitt
812 200 84 20 senaste

79 225 134 34 andragande
234 226 93 26 yttrade
323 222 9 34 ,
337 226 41 20 han
394 215 70 32 vidare
480 229 29 19 att
524 227 35 21 det
573 227 53 21 skall
640 227 62 21 räcka
717 227 50 27 lång
781 227 36 26 tid,
828 227 66 21 innan

77 253 69 27 någon
168 254 79 20 kvinna
269 254 141 21 eftersträfvar
431 254 143 28 ledamotskap
589 256 7 19 i
611 255 192 26 förmyndarnämd,
812 244 84 32 kanske

77 284 57 18 ännu
158 282 73 28 längre
253 282 63 20 innan
338 282 68 27 någon
427 283 101 20 kommun
550 283 141 21 eftersträfvar
713 285 29 19 att
765 283 36 20 där
818 284 77 20 insätta

76 310 74 20 henne.
179 306 30 24 Är
225 310 35 21 det
275 310 26 21 då
316 311 32 20 för
362 299 42 33 idel
419 311 104 21 fantomer
537 318 50 14 man
601 311 108 27 lagstiftar,
725 314 22 18 är
763 312 35 20 det
812 312 82 20 menin-

76 344 40 22 gen
132 340 30 19 att
176 338 57 22 stifta
249 345 24 15 en
289 339 39 27 lag,
344 346 45 14 som
405 339 46 21 icke
467 340 6 20 i
489 346 26 14 en
531 340 140 27 öfverskådlig
685 340 85 21 framtid
785 340 53 20 skall
854 340 42 21 till-

76 368 85 26 lämpas.
191 367 40 27 Jag
247 367 36 21 ber
305 370 29 18 att
349 368 7 20 i
372 368 56 21 detta
443 368 98 22 afseende
556 368 21 21 få
592 368 109 22 framhålla
716 370 29 19 att
760 368 79 21 sådana
853 369 42 21 för-

77 396 44 26 slag
141 396 47 20 icke
210 396 62 21 hafva
295 396 63 27 något
366 397 108 31 praktiskt
489 397 60 26 syfte.
578 396 46 22 Den
640 397 107 27 nödutväg
761 397 25 21 hr
800 397 96 21 Jusélius

76 411 73 34 anlitat
171 427 29 18 att
221 424 20 21 få
263 425 69 21 denna
354 425 32 21 sin
402 425 99 27 ställning
516 426 31 20 till
562 425 72 28 frågan
650 425 122 25 motiverad,
787 426 108 27 nämligen

76 452 41 22 den
133 454 29 20 att
177 453 35 21 det
226 453 137 21 förevarande
379 454 133 33 lagförslaget
527 454 68 21 skulle
610 454 83 21 komma
709 456 30 18 att
754 442 44 32 afse
808 460 25 15 en
844 454 52 27 lång

75 481 52 27 följd
149 481 21 21 af
190 481 28 22 år,
240 482 100 20 behöfver
358 482 36 26 jag
408 482 46 20 icke
470 484 95 19 närmare
580 482 26 27 gå
621 482 21 21 in
657 482 32 27 på.
719 482 41 27 Jag
774 482 69 21 finner
858 483 37 21 det

75 510 142 27 märkvärdigt
240 512 29 19 att
291 510 24 20 hr
335 510 94 21 Jusélins
444 511 49 20 sade
509 511 32 27 sig
555 511 62 21 hafva
631 510 74 21 skridit
720 511 32 20 till
767 511 69 21 denna
851 511 45 27 lag-

76 538 178 28 stiftningsåtgärd
271 538 70 22 därför
355 541 30 19 att
398 539 42 21 han
456 539 45 21 icke
513 539 74 21 trodde
599 542 29 18 att
639 539 40 21 den
690 539 68 21 skulle
769 540 84 20 komma
863 539 33 21 till

75 567 138 27 tillämpning.
243 567 41 21 Det
304 569 23 19 är
345 568 43 26 just
407 568 41 26 det,
470 574 45 14 som
538 570 23 18 är
583 568 40 21 den
635 568 107 20 allmänna
757 568 87 27 åsikten,
860 574 35 14 om

75 596 35 26 jag
131 596 32 20 får
178 595 62 21 döma
254 596 21 20 af
290 596 25 21 de
330 596 119 26 yttranden,
464 603 44 14 som
524 596 48 21 fälts
589 596 21 21 af
625 596 94 21 enskilda
734 596 138 21 medlemmar
887 597 8 20 i

76 624 88 26 ståndet,
187 626 29 19 att
239 625 19 20 vi
274 625 78 21 saklöst
366 625 73 20 kunna
454 625 25 27 gå
494 626 22 20 in
531 625 64 27 härpå
610 625 38 21 och
664 625 85 21 därmed
765 625 63 27 något
840 625 56 21 min-

77 653 36 21 ska
135 653 70 21 udden
229 653 21 21 af
271 654 133 27 agitationen,
428 654 25 20 då
476 654 20 20 vi
517 654 82 21 ändock
613 654 46 21 icke
675 654 89 20 behöfva
779 654 71 20 befara
866 656 30 19 att

77 682 41 20 den
140 682 110 20 förordade
276 682 239 28 lagstiftningsåtgärden
539 682 52 21 skall
611 682 84 21 komma
710 682 30 21 till
756 682 139 28 tillämpning.

75 710 42 21 Det
137 712 23 19 är
184 710 89 28 ungefär
292 711 22 21 så
333 717 49 15 man
405 717 129 15 resonnerar.
563 711 42 27 Jag
625 711 33 21 för
672 711 44 20 min
732 711 34 21 del
781 718 34 14 ser
829 711 66 21 saken

76 739 139 21 annorlunda.
247 739 39 21 Om
308 741 74 25 regent
404 740 39 20 och
465 740 84 21 ständer
563 740 66 21 stiftat
643 746 26 15 en
685 740 40 26 lag,
741 742 22 18 är
779 739 35 21 det
828 739 68 21 allvar

76 767 95 26 därmed;
188 768 40 20 den
245 769 22 19 är
282 768 75 20 ämnad
374 770 29 18 att
418 768 103 27 tillämpas
536 768 39 21 och
591 774 48 15 man
654 768 34 20 må
703 768 26 20 då
743 768 53 27 icke,
812 775 34 14 om
859 768 37 21 det

75 796 40 20 blir
137 796 59 26 fråga
218 802 34 14 om
273 796 139 27 tillämpning,
436 797 113 27 undskylla
571 797 32 27 sig
623 796 48 21 med
687 796 66 21 fraser
769 797 20 20 af
804 797 36 20 det
855 803 40 14 ena

76 824 51 20 eller
149 824 65 21 andra
237 824 71 28 slaget.
337 824 41 28 Jag
400 825 76 21 nämde
499 827 29 19 att
550 825 69 21 denna
633 824 58 28 fråga
707 825 34 21 vid
757 825 139 21 förevarande

75 852 101 28 landtdag
190 853 39 21 har
243 852 133 22 återkommit
390 854 8 20 i
413 853 103 28 åtskilliga
531 854 83 20 former.
643 853 12 21 I
671 854 34 20 det
720 854 118 27 lagförslag,
849 860 47 14 som

76 888 29 14 nu
120 878 112 31 föreligger
247 882 31 21 till
293 882 119 27 afgörande,
428 884 22 19 är
466 872 69 32 denna
549 883 95 32 paragraf
659 882 7 20 i
681 882 74 28 själfva
766 883 72 20 värket
847 882 49 22 icke

76 911 41 20 den
133 911 59 20 enda.
221 911 102 21 Tvärtom.
353 911 82 21 Genom
450 911 69 21 denna
533 911 123 28 förordning
666 911 95 21 kommer
771 913 29 19 ett
810 911 86 27 mycket

75 939 77 27 riktigt,
174 940 85 26 mycket
277 940 107 27 tidsenligt
399 940 100 27 framsteg
513 943 30 18 att
558 943 86 25 uttagas.
674 940 100 21 Kvinnan
789 940 39 21 blir
843 943 51 18 utan

75 968 88 21 särskild
180 969 97 20 anmälan
292 969 89 26 myndig
396 969 34 20 vid
446 970 25 19 21
489 969 27 26 år,
532 970 39 20 och
586 969 71 21 vidare
672 969 89 20 innebär
778 969 117 21 afvikelsen

75 997 46 20 från
144 997 154 27 propositionen
320 998 8 20 i
349 999 76 26 ämnet,
448 998 105 27 nämligen
577 1000 29 19 att
621 998 91 21 kvinnan
729 998 40 20 kan
782 998 66 27 väljas
863 997 32 21 till

75 1025 140 28 förmyndare,
223 1026 61 21 äfven
293 1033 34 14 om
338 1027 41 20 hon
390 1026 46 21 icke
447 1027 42 20 står
498 1027 6 20 i
515 1027 113 27 skyldskap
639 1026 32 21 till
679 1026 144 27 myndlingen,
832 1026 64 21 också

76 1054 66 27 enligt
163 1055 44 20 min
229 1055 86 27 mening
333 1057 29 19 ett
377 1055 104 27 framsteg.
511 1055 47 21 Kan
575 1055 34 21 det
624 1055 46 21 icke
685 1055 32 20 för
732 1061 26 15 en
774 1055 30 20 tid
819 1055 78 20 framåt

75 1090 50 13 vara
147 1089 41 22 nog
209 1083 48 21 med
273 1083 59 22 dessa
348 1085 78 20 tvänne
442 1086 45 25 steg
502 1084 26 27 på
542 1083 158 28 ifrågavarande
716 1083 99 21 område?
845 1083 50 21 Alla

76 1112 100 21 reformer
199 1111 50 22 böra
272 1112 52 21 dock
347 1112 26 27 gå
389 1113 47 20 med
452 1113 68 26 någon
537 1113 129 20 moderation
682 1113 39 20 och
736 1113 46 20 icke
797 1115 58 23 tagas
872 1115 24 18 ut

75 1140 7 20 i
105 1142 29 19 ett
156 1143 51 24 steg,
230 1140 34 21 vid
283 1147 26 14 en
330 1141 54 20 enda
399 1141 164 21 ständersession
579 1141 59 27 längs
654 1141 46 20 hela
715 1141 71 26 linjen.
816 1140 41 21 Det
872 1142 24 19 är

75 1169 46 20 icke
143 1169 63 27 något
228 1169 73 21 tvifvel
323 1169 72 21 därom
418 1171 29 19 att
467 1170 20 20 vi
503 1170 32 20 stå
549 1169 55 21 inför
619 1169 62 21 också
696 1175 25 15 en
737 1169 65 21 sådan
816 1169 79 21 reform

76 1204 34 14 om
125 1199 30 19 ett
170 1197 56 22 antal
241 1197 28 27 år,
285 1204 48 15 men
349 1198 41 21 kan
405 1205 48 14 man
470 1198 26 21 då
511 1198 46 21 icke
573 1200 62 19 vänta
650 1198 31 21 till
692 1198 63 21 dess?
785 1197 50 21 Man
850 1198 45 27 lag-

75 1226 68 21 stiftar
164 1227 22 26 ju
202 1226 46 21 icke
264 1227 37 20 här
315 1227 33 20 för
362 1227 60 26 eviga
437 1227 58 27 tider,
511 1229 50 18 utan
577 1227 65 20 måste
657 1227 110 20 förutsätta
782 1228 35 25 att,
832 1227 64 20 efter-

75 1255 57 20 hand
154 1261 45 14 som
220 1255 110 21 samhället
344 1255 38 27 går
396 1255 75 21 framåt
487 1255 51 21 eller
552 1255 108 21 förändrar
675 1255 37 27 sig,
728 1255 62 20 också
805 1255 90 26 lagstift-

75 1283 78 27 ningen
176 1283 66 21 måste
265 1283 93 28 undergå
378 1283 126 28 förändring.
534 1284 41 27 Jag
595 1284 48 21 ville
663 1283 32 21 för
711 1283 62 27 öfrigt
788 1285 108 25 gentemot

75 1311 270 22 kvinnosaksförfäktarena
365 1312 7 20 i
395 1312 82 21 ståndet
499 1312 109 21 framhälla
628 1313 29 20 att
673 1319 47 13 man
736 1312 72 26 tyckes
823 1311 73 20 lämna

76 1339 40 21 den
139 1340 51 27 gifta
211 1340 92 21 kvinnan
327 1347 25 13 ur
373 1341 122 26 räkningen.
524 1340 41 21 Det
580 1343 23 18 är
618 1340 73 21 endast
707 1340 41 20 den
763 1340 69 27 ogifta,
848 1346 46 14 som

76 1374 48 14 man
147 1368 35 20 vill
198 1368 45 21 föra
257 1369 22 20 in
295 1368 92 21 öfveralt.
417 1369 72 26 Enligt
503 1369 80 26 vanligt
598 1368 92 21 förstånd
706 1369 68 20 skulle
789 1369 35 20 det
839 1368 56 20 ändå

76 1396 73 26 tyckas
171 1403 43 14 som
239 1403 33 14 om
289 1397 35 20 det
339 1403 49 15 vore
404 1397 41 20 den
461 1397 50 26 gifta
526 1397 99 26 kvinnan,
641 1403 44 14 som
701 1397 54 20 hade
771 1397 40 20 den
828 1398 66 19 större

76 1425 151 25 erfarenheten,
250 1425 41 20 den
307 1427 65 18 större
388 1425 135 26 dugligheten
539 1426 38 19 och
593 1431 43 14 som
653 1425 72 19 främst
740 1425 64 19 borde
820 1425 75 19 tänkas

75 1451 27 27 på
123 1452 8 20 i
147 1452 55 20 detta
218 1452 154 21 reformarbete.
401 1452 41 21 För
457 1453 40 20 den
513 1453 64 26 ogifta
593 1453 92 19 kvinnan
702 1452 37 20 bör
753 1459 55 19 man,
824 1451 70 20 såsom

76 1480 25 22 hr
123 1479 90 22 Jansson
237 1480 71 28 riktigt
332 1480 94 27 uttryckt
448 1480 40 28 det,
506 1482 69 26 öppna
590 1480 62 21 ökadt
667 1480 80 21 tillfälle
763 1480 31 21 till
810 1479 85 28 förvärf,

76 1509 32 21 till
129 1509 137 27 värksamhet,
282 1515 44 15 som
342 1509 42 21 kan
399 1509 79 21 skänka
493 1509 69 21 henne
578 1509 185 21 tillfredsställelse.
793 1509 50 20 Men
859 1515 34 14 om
