1109 1811
189 133 55 20 1380
464 139 145 20 Transportled
622 139 30 16 för
664 139 65 16 stock.
923 138 26 16 24
962 138 46 20 maj.

189 207 35 20 ket
247 206 77 21 enkelt.
355 205 68 21 Skada
446 206 75 21 endast
537 208 30 19 att
582 207 119 20 faktorerna
716 208 35 18 äro
767 205 23 21 så
805 205 79 22 osäkra.
913 205 31 26 Ty
960 211 48 14 man

190 237 39 18 kan
246 234 79 21 likaväl
340 237 50 24 säga
405 235 35 21 att,
456 241 32 14 om
505 234 69 27 någon
589 235 92 26 stegring
695 234 46 21 icke
758 235 83 20 komme
856 236 30 18 att
901 240 39 21 ega
954 240 54 20 rum,

188 266 68 18 staten
278 263 47 20 icke
347 262 66 21 häller
436 263 83 20 komme
541 266 30 17 att
589 263 76 21 skörda
680 263 68 27 någon
765 263 60 20 vinst.
854 262 80 21 Vidare
950 264 59 25 säges

189 294 30 18 att
242 298 61 13 »man
326 291 33 20 väl
382 291 40 20 kan
446 291 90 21 beräkna
552 292 78 20 antalet
645 292 20 20 af
681 291 41 21 den
737 291 64 27 stock,
817 297 45 14 som
877 291 47 20 från
940 290 70 21 Saima

189 321 174 25 vattensystemet
377 319 68 21 skulle
460 319 69 21 flottas
545 320 32 20 till
591 320 75 26 Kotka,
682 319 31 21 till
728 320 65 20 minst
808 320 40 26 1!/;
864 319 73 27 miljon
954 321 56 25 styc-

189 349 61 26 ken»,
265 348 86 25 hvilket,
367 354 34 14 om
416 347 188 28 flötningsafgiften
621 348 117 21 bestämdes
753 348 31 20 till
801 348 52 20 blott
868 348 12 20 6
896 348 65 27 penni
973 354 37 20 per

188 379 60 25 stam,
270 376 55 20 ändä
349 376 79 27 ärligen
451 376 68 22 skulle
541 377 97 27 inbringa
661 379 66 19 staten
749 383 25 14 en
790 376 93 21 inkomst
897 376 22 21 af
934 376 76 27 90,000

188 406 65 20 mark.
282 404 42 21 Det
339 406 22 19 är
375 411 30 13 nu
421 404 46 21 icke
483 406 22 19 sä
520 406 45 20 litet
579 406 72 20 herrar
666 405 133 27 petitionärer
814 405 65 20 räkna
892 405 26 27 pä
929 407 30 19 att
969 404 41 21 den

189 440 42 20 nya
252 433 167 26 transportleden
435 433 54 20 skall
504 434 64 26 draga
583 434 30 20 till
630 434 37 26 sig.
696 432 32 22 De
744 434 88 19 anförda
847 433 96 20 siffrorna
958 435 52 18 mot-

189 469 60 14 svara
258 461 106 27 nämligen
375 461 23 20 sä
409 461 50 26 godt
470 468 45 14 som
526 461 91 27 Viborgs
628 462 47 21 hela
683 464 80 25 export,
774 462 39 20 och
823 461 48 21 hela
879 461 131 21 tillvärknin-

189 497 40 20 gen
244 491 7 20 i
267 490 70 21 Saima
353 489 116 27 bassängen
485 490 68 21 skulle
568 491 88 20 sälunda
673 493 47 24 taga
731 492 67 25 vägen
809 490 32 21 till
850 490 76 21 Kotka.
947 489 62 22 Hvad

189 521 67 19 staten
278 518 69 21 under
369 518 78 21 sädana
465 519 145 21 förhällanden
625 519 68 21 skulle
709 521 47 24 taga
771 519 32 27 sig
818 519 43 21 före
877 519 49 20 med
940 518 70 21 Saima

190 548 62 21 kanal
268 547 87 21 äterstär
370 549 29 18 att
414 553 27 15 se.

257 577 41 26 Jag
317 575 96 27 öfvergär
435 576 116 21 emellertid
571 576 29 21 till
617 576 147 21 betänkandet.
793 575 63 22 Detta
871 575 140 25 betänkande,

189 605 23 21 sä
227 605 46 20 kort
289 604 34 21 det
339 606 28 25 är,
382 604 89 20 hvimlar
486 604 32 21 till
533 605 41 21 den
590 605 50 26 grad
656 605 21 20 af
691 605 89 26 oriktiga
796 604 109 28 uppgifter,
919 606 30 19 att
962 610 48 15 man

189 634 46 20 icke
257 636 40 18 rätt
319 635 35 18 vet
376 632 52 21 hvar
450 639 48 14 man
522 634 119 26 egentligen
664 634 53 20 skall
739 633 62 27 börja.
831 633 41 27 Jag
887 633 54 20 skall
957 633 52 21 dock

188 662 47 21 icke
249 660 112 29 uppehälla
377 661 92 21 ständets
485 661 29 21 tid
530 662 62 21 altför
606 662 68 26 länge,
687 665 50 17 utan
750 662 74 20 endast
837 662 99 27 utplocka
947 662 64 27 nägra

189 691 96 27 punkter,
303 690 134 20 alldenstund
456 690 61 20 äfven
537 691 56 21 detta
613 690 50 21 skall
681 697 49 14 vara
745 690 100 26 tillfylles.
875 690 61 20 Först
951 692 60 25 säger

190 719 26 21 dä
231 719 110 20 utskottet:
374 718 146 26 »Riktigheten
536 720 21 19 af
572 719 173 27 petitionärernas
760 719 82 26 uppgift
857 719 38 20 har
910 718 100 21 utskottet

188 748 46 20 icke
250 748 53 20 varit
317 747 7 20 i
339 746 81 21 tillfälle
437 749 30 19 att
482 747 132 26 kontrollera,
630 753 48 15 men
694 748 46 20 med
757 748 98 20 säkerhet
867 746 58 22 torde
939 747 70 20 kunna

189 778 86 25 antagas
297 777 31 19 att
347 775 154 27 stockpriserna
522 776 61 27 kring
604 776 101 26 Päijänne
721 777 86 19 vattnen
823 775 33 21 väl
871 778 35 18 äro
923 775 88 21 dubbelt

189 805 64 27 högre
277 806 27 18 än
329 804 61 27 kring
415 804 69 21 Saima
507 806 169 25 vattensystem».
711 804 86 27 Hvarpä
817 804 56 21 detta
891 804 119 26 antagande

189 833 93 27 grundar
303 833 38 27 sig,
356 832 95 27 angifves
473 833 46 21 icke
542 834 39 20 och
604 834 31 20 fär
657 839 49 14 man
727 833 34 20 väl
776 832 70 21 därför
861 832 56 28 buga
932 832 32 28 sig
979 832 33 21 för

189 862 111 21 utskottets
315 861 69 21 kända
399 861 117 22 auktoritet.
546 861 83 28 Längre
644 861 52 21 fram
713 864 60 24 säges
788 863 30 19 att
831 862 76 26 »priset
919 860 33 22 för
964 861 46 27 säg-

189 891 84 20 timmer
292 890 7 19 i
320 889 83 27 Kuopio
419 890 35 20 län
471 891 17 26 ej
505 890 123 27 öfverstiger
644 890 26 20 20
685 891 64 26 penni
764 896 37 19 per
816 890 101 25 kubikfot,
934 890 75 20 medan

189 919 64 27 priset
271 918 4 20 i
291 918 56 21 Vasa
362 918 35 20 län
413 919 80 26 uppgår
507 918 31 21 till
554 920 27 19 45
597 921 12 18 ä
623 918 27 21 46
667 919 35 26 !/,,
717 918 64 27 penni
797 918 32 21 för
843 925 81 14 samma
938 917 72 21 mätt>.

189 947 101 21 Siffrorna
312 947 27 20 45
363 947 39 20 och
424 947 27 20 46
471 947 35 27 1/,,
524 948 63 25 penni
605 947 130 21 förekomma
750 948 43 26 mig
808 946 64 27 något
887 947 124 20 misstänkta

190 977 39 20 och
253 975 72 20 kunna
347 975 104 21 mähända
474 976 55 21 föras
550 977 67 19 under
631 982 81 14 samma
727 975 94 27 kategori
833 981 45 15 som
894 975 25 21 de
936 975 75 26 beryk-

190 1004 48 21 tade
259 1003 190 27 sifferuppgifterna
464 1004 7 20 i
487 1005 34 20 det
536 1004 116 27 beryktade
667 1003 220 22 komitöbetänkandet
902 1003 109 27 angäende

189 1032 101 27 Kuopio—
302 1032 80 20 Iisalmi
405 1031 74 22 banan.
510 1032 49 21 Men
583 1033 64 20 nekas
669 1032 40 20 kan
731 1033 23 26 ju
769 1033 46 20 icke
831 1034 30 19 att
875 1031 79 21 sädana
969 1032 42 26 pris

190 1061 39 20 och
247 1060 32 21 till
297 1061 39 20 och
353 1060 48 21 med
420 1062 63 25 nägot
497 1061 65 27 högre
577 1061 7 20 i
599 1060 95 21 enskilda
709 1061 37 20 fall
761 1060 70 21 blifvit
845 1060 103 26 betalade,
962 1066 50 14 men

191 1089 44 21 dels
253 1089 62 20 hafva
333 1089 61 20 dessa
417 1089 63 26 högre
499 1090 42 26 pris
561 1089 67 21 berott
645 1089 26 27 pä
687 1091 29 18 att
731 1089 96 20 enskilda
842 1089 77 26 köpare
934 1089 8 20 i
957 1088 55 20 vissa

190 1117 156 27 undantagsfall
369 1117 43 27 gätt
434 1117 53 21 huru
511 1118 50 27 högt
579 1124 45 15 som
642 1117 60 27 hälst,
717 1117 53 21 blott
785 1117 32 21 för
832 1120 35 23 att,
882 1117 60 20 kosta
956 1117 55 20 hvad

191 1146 34 21 det
241 1146 42 27 vill,
298 1146 46 20 icke
359 1147 56 26 gifva
431 1147 75 26 partiet
522 1147 21 20 ät
557 1146 32 21 sin
605 1146 136 27 konkurrent,
757 1146 44 21 dels
817 1146 39 21 och
867 1145 144 21 hufvudsakli-

190 1176 46 26 gast
258 1175 63 20 hafva
344 1174 25 21 de
393 1175 84 20 hänfört
491 1175 32 27 sig
538 1175 32 21 till
585 1174 112 27 Saarijärvi
713 1175 72 26 virket,
801 1175 35 20 det
851 1174 31 21 till
897 1174 113 21 kvaliteten

190 1203 105 21 mähända
318 1203 58 20 bästa
398 1204 7 19 i
427 1203 76 27 landet,
521 1203 81 21 hvilket
619 1204 34 19 vid
672 1203 131 27 sorteringen
818 1203 105 21 levererar
938 1202 75 21 endast

190 1232 54 26 höga
265 1231 116 27 kvaliteter,
403 1232 84 20 hvarför
502 1232 35 20 det
556 1232 65 20 redan
639 1232 70 20 därför
730 1232 41 20 kan
787 1232 79 20 betalas
880 1231 57 27 högt,
954 1233 57 19 utom

191 1262 29 18 att
238 1260 76 27 mänga
337 1260 76 26 köpare
436 1260 95 21 efterfika
554 1261 116 21 detsamma
689 1260 32 21 för
739 1262 30 19 att
791 1259 84 21 därmed
892 1259 120 27 uppblanda

190 1288 33 20 sin
244 1288 66 28 öfriga
330 1288 126 27 produktion
478 1289 39 20 och
533 1288 89 22 sälunda
637 1290 50 25 göra
703 1289 122 20 densamma
839 1294 58 15 mera
913 1288 100 21 eftersökt

191 1317 39 20 och
245 1316 85 22 ansedd.
360 1316 79 28 Hvarje
455 1317 97 21 fackman
568 1317 25 27 pä
609 1317 56 21 detta
681 1316 84 22 område
782 1319 34 19 vet
831 1319 30 19 att
873 1316 35 21 det
921 1316 91 21 normalt

190 1347 57 23 taget
263 1347 22 17 är
301 1345 94 25 omöjligt
410 1348 29 17 att
455 1345 73 20 basera
543 1352 26 13 en
586 1345 136 20 trävaruaffär
736 1346 7 18 i
754 1346 56 19 detta
822 1345 48 20 land
884 1345 27 25 pä
923 1345 23 19 sä
958 1346 54 24 höga

191 1372 42 27 pris
249 1378 44 14 som
308 1372 27 20 45
351 1374 12 18 ä
378 1372 27 20 46
419 1372 65 27 penni
499 1379 37 20 per
550 1372 97 21 kubikfot
663 1372 38 21 och
717 1373 41 20 den
773 1373 125 26 jämförelse,
911 1378 46 14 som
976 1373 36 19 här

191 1400 64 28 gjorts
271 1400 12 21 ä
298 1406 40 15 ena
353 1400 60 20 sidan
428 1400 48 21 med
493 1401 26 19 20
534 1401 66 27 penni
614 1400 40 20 och
665 1400 11 20 ä
689 1401 64 20 andra
771 1400 60 21 sidan
843 1400 48 21 med
904 1400 27 20 46
942 1401 70 27 penni,

191 1430 38 20 har
251 1429 118 27 pätagligen
392 1429 90 21 kommit
503 1429 32 21 till
550 1429 61 21 ständ
627 1436 76 20 genom
718 1432 30 19 att
762 1436 49 14 man
827 1430 6 20 i
849 1430 35 20 det
899 1436 40 14 ena
954 1429 59 21 fallet

191 1458 51 27 tagit
255 1460 38 22 ett
316 1458 44 28 lågt
381 1458 43 28 pris
446 1458 33 21 för
493 1464 27 15 en
535 1458 53 27 skog
602 1458 48 21 med
667 1458 64 28 dåligt
746 1458 59 22 virke
821 1459 39 21 och
874 1459 7 20 i
897 1458 35 21 det
947 1459 65 21 andra

191 1489 30 19 ett
244 1487 141 28 exceptionelt
411 1488 49 26 högt
483 1487 48 28 pris,
550 1487 105 21 beroende
671 1487 26 27 pä
712 1488 102 20 särskilda
829 1488 183 27 omständigheter.

192 1515 77 22 Vidare
285 1518 68 26 säges:
379 1515 242 28 >8Sägtillvärkningarna
636 1515 47 21 från
699 1516 88 28 sägarna
797 1516 34 21 vid
845 1516 83 21 Saimen
940 1517 72 28 måste,
