1103 1809
199 136 40 21 772
417 141 249 20 Kommnnalförvaltning
677 140 28 21 pä
716 141 77 16 landet.
946 140 14 15 4
972 138 46 20 maj.

266 209 34 20 Hr
320 208 87 28 Hjelt:
437 208 59 21 Minä
518 208 85 28 pyydän
625 208 63 21 saada
707 208 138 21 huomauttaa
860 210 42 19 että
917 214 23 14 se
954 208 65 20 muis-

198 240 64 24 tutus,
286 238 64 26 jonka
376 238 38 20 hra
439 236 57 22 Sikio
524 238 64 20 äsken
614 237 43 21 teki
679 238 71 20 tämän
772 236 91 28 pykälän
885 236 135 21 suomalaista

198 266 76 22 tekstiä
294 268 92 25 vastaan,
409 266 18 21 ei
448 266 49 27 pidä
512 266 133 27 paikkaansa.
675 265 80 26 Pykälä
771 272 26 14 on
813 265 61 22 aivan
890 265 60 21 oikea
965 271 54 14 sem-

198 295 95 21 moisena
308 295 50 20 kuin
374 301 22 14 se
411 294 89 21 kuuluu.
530 294 26 21 Se
572 301 28 14 on
615 294 101 21 luettava:
734 295 84 26 »kunta,
833 294 56 27 jossa
904 300 28 15 on
948 299 71 16 enem-

198 325 50 20 män
260 323 53 21 kuin
328 323 74 28 8,000>
418 323 13 27 j.
446 330 20 14 n.
482 329 17 15 e.

266 380 33 22 Hr
314 381 91 21 Sikio:
435 381 81 26 Pyysin
536 381 163 27 puheenvuoroa
720 379 162 22 ilmoittaakseni
898 381 42 20 että
955 380 63 27 minä,

198 410 62 21 ikävä
280 410 63 27 kyllä,
358 409 44 22 olin
417 410 112 26 erehtynyt
543 409 120 22 tehdessäni
677 409 170 21 muistutukseni.
877 409 90 27 Pyydän
982 415 36 15 sen

199 438 75 21 vuoksi
290 439 62 20 saada
367 440 56 19 ottaa
438 439 90 20 takaisin
543 438 105 21 tekemäni
663 437 137 22 ehdotuksen.

267 495 33 22 Hr
321 495 136 26 Jusölius,
480 495 173 21 Ferdinand:
683 495 41 27 Jag
749 495 38 20 ber
811 497 30 18 att
865 497 107 25 gentemot
994 495 25 20 hr

199 524 147 32 Schybergson
361 524 22 20 fä
397 524 80 28 päpeka
493 526 30 19 att
538 525 56 20 detta
609 523 115 28 stadgande
739 523 80 22 kanske
829 523 46 21 icke
888 525 23 19 är
920 523 24 22 sä
954 524 65 27 omöj-

199 553 38 27 ligt
252 555 30 19 att
296 553 95 27 tillämpa
405 553 7 20 i
427 553 115 27 praktiken.
571 552 65 21 Bestä
650 552 256 27 kommunalfullmäktige
921 552 57 21 förut
988 552 31 21 till

198 588 28 14 en
246 581 102 28 tredjedel
363 581 21 21 af
399 581 138 22 medlemmar
551 582 21 20 af
586 581 216 21 kommunalnämden
819 581 38 21 och
873 582 29 19 ett
916 581 103 27 fyllnads-

199 610 33 21 val
255 611 54 25 sker,
324 612 22 19 är
361 610 36 21 det
411 610 55 21 klart
480 612 30 19 att
525 611 63 26 ingen
604 609 290 22 kommunalnämäsmedlem
911 610 71 21 vidare
996 611 23 19 är

197 638 79 26 valbar,
298 640 50 19 utan
371 639 42 20 han
435 639 82 26 strykes
538 641 24 18 ut
579 639 70 20 säsom
663 639 72 26 hvarje
751 645 70 14 annan
837 638 86 21 ovalbar
936 645 82 21 person.

198 667 73 21 Skulle
293 667 35 21 det
350 667 69 21 hända
438 669 29 19 att
482 671 13 17 t.
511 674 33 14 ex.
559 667 35 21 tvä
609 667 71 21 kunde
695 667 84 21 komma
794 667 7 20 i
815 667 65 27 fräga,
896 669 58 24 tager
970 673 48 14 man

199 696 47 27 den,
260 703 45 14 som
317 697 38 20 har
367 697 63 26 högre
442 697 92 26 röstetal,
546 697 39 20 och
598 696 83 27 stryker
693 696 46 27 den,
752 702 45 15 som
808 695 37 21 har
855 697 30 20 ett
894 695 63 28 lägre.
978 695 41 28 Jag

198 727 44 18 tror
263 725 70 20 därför
355 727 29 18 att
407 725 34 20 det
464 731 41 21 nog
525 725 7 20 i
547 724 110 28 praktiken
672 725 61 20 reder
748 724 37 27 sig.
815 724 62 21 Hvad
892 724 26 21 hr
932 724 87 21 Heikels

198 753 140 27 anmärkning
360 753 103 27 beträffar,
485 754 40 20 kan
542 753 36 21 det
592 753 69 21 hända
676 755 30 18 att
721 753 35 20 det
771 753 21 20 af
808 753 77 20 honom
901 753 118 27 föreslagna

197 782 52 21 talet
263 784 23 18 är
300 781 67 22 bättre
383 784 27 18 än
426 788 26 14 en
468 782 106 27 tredjedel.
600 781 77 21 Därom
693 782 38 19 har
745 782 35 27 jag
794 781 110 28 ingenting
919 783 30 19 att
964 784 55 25 säga.

266 838 153 22 Diskussionen
442 839 129 21 förklarades
594 839 50 21 härä
658 838 98 28 afslutai,
772 838 105 22 hvarefter
893 840 11 20 1
920 845 63 15 mom.
998 839 21 20 af

200 868 26 20 33
242 868 12 26 &
270 867 127 27 godkändes.

266 925 134 20 Beträffande
421 925 12 20 2
450 931 62 14 mom.
527 925 6 20 i
549 931 80 14 samma
644 925 96 26 paragraf
755 924 120 22 framstälde
891 925 25 20 hr
930 925 88 21 talman-

199 960 41 14 nen
256 959 26 15 en
298 953 268 28 omröstningsproposition
583 953 21 22 af
618 953 93 27 följande
725 953 92 27 lydelse:

267 1010 39 26 De,
329 1010 74 21 hvilka
425 1011 72 20 såsom
519 1010 214 28 kontraproposition
748 1013 46 19 mot
808 1011 113 21 utskottets
936 1010 82 33 förslag

199 1039 35 21 till
250 1039 78 27 lydelse
342 1039 37 34 för
395 1039 14 20 2
424 1046 64 13 mom.
503 1041 82 30 antaga
599 1039 28 21 hr
642 1039 159 28 Schybergsons
815 1039 90 28 förslag,
916 1041 60 19 rösta
980 1040 37 27 ja;

198 1068 32 26 de,
246 1068 34 20 det
294 1068 45 21 icke
353 1069 58 30 göra,
426 1069 60 19 rösta
501 1075 49 20 nej;

267 1096 79 21 vinner
364 1103 41 20 nej,
421 1097 41 20 har
477 1096 175 27 borgareständet
666 1096 9 20 i
689 1096 80 21 sådant
785 1096 99 27 afseende
899 1096 120 28 föredragit

199 1125 27 20 hr
240 1124 87 21 Heikels
341 1125 90 28 förslag.

266 1181 161 28 Propositionen
447 1182 125 21 besvarades
587 1182 48 21 med
651 1181 154 28 öfvervägande
821 1182 41 27 nej,
877 1181 84 22 hvarför
976 1182 41 21 den

198 1209 85 28 slutliga
298 1211 299 26 omröstningspropositionen
612 1210 65 21 erhöll
692 1211 91 25 följande
798 1210 92 27 lydelse:

267 1267 39 26 De,
317 1267 74 21 hvilka
399 1267 117 35 godkänna
525 1268 112 20 utskottets
646 1267 83 32 förslag
739 1267 36 21 till
785 1267 79 28 lydelse
871 1267 36 28 för
926 1268 8 21 2
942 1275 74 20 mom.,

198 1297 60 19 rösta
266 1295 42 32 ja;
324 1295 31 26 de,
369 1296 36 21 det
418 1295 44 21 icke
476 1298 60 25 göra,
551 1297 59 20 rösta
624 1296 50 27 nej;

266 1323 80 22 vinner
363 1325 42 27 nej,
421 1324 41 21 har
478 1324 176 28 borgareståndet
666 1313 105 38 omfattat
785 1324 27 21 hr
827 1324 87 21 Heikels
928 1325 88 28 förslag.

266 1380 143 21 Alldenstund
431 1380 70 21 denna
514 1380 130 28 proposition
659 1380 125 22 besvarades
799 1381 48 21 med
863 1381 154 27 öfvervägande

198 1408 42 28 nej,
260 1408 54 21 hade
331 1408 172 28 borgareständet
523 1408 85 21 beslutit
627 1410 29 19 att
675 1408 7 20 i
701 1409 12 19 2
729 1415 63 15 mom.
808 1408 74 28 utbyta
897 1410 66 20 orden
980 1416 38 14 »en

198 1437 114 27 tredjedel»
329 1440 45 18 mot
388 1437 64 21 orden
470 1444 40 14 »en
524 1437 122 27 fjärdedel».

268 1496 12 20 3
296 1495 39 21 och
349 1496 14 20 4
378 1496 121 20 momenten
514 1494 121 28 godkändes
651 1496 50 20 utan
717 1496 144 27 anmärkning.
