<?xml version="1.0" encoding="UTF-8"?>
<alto xmlns="http://www.loc.gov/standards/alto/ns-v3#" xmlns:xlink="http://www.w3.org/1999/xlink" xmlns:xsi="http://www.w3.org/2001/XMLSchema-instance" xsi:schemaLocation="http://www.loc.gov/standards/alto/ns-v3# http://www.loc.gov/alto/v3/alto-3-0.xsd">
	<Description>
		<MeasurementUnit>pixel</MeasurementUnit>
		<sourceImageInformation>
			<fileName>/tmp/tess_bx2w03yc_input.PNG</fileName>
		</sourceImageInformation>
		<OCRProcessing ID="OCR_0">
			<ocrProcessingStep>
				<processingSoftware>
					<softwareName>tesseract 5.3.4</softwareName>
				</processingSoftware>
			</ocrProcessingStep>
		</OCRProcessing>
	</Description>
	<Layout>
		<Page WIDTH="1109" HEIGHT="1809" PHYSICAL_IMG_NR="0" ID="page_0">
			<PrintSpace HPOS="0" VPOS="0" WIDTH="1109" HEIGHT="1809">
				<ComposedBlock ID="cblock_0" HPOS="86" VPOS="135" WIDTH="822" HEIGHT="25">
					<TextBlock ID="block_0" HPOS="86" VPOS="135" WIDTH="822" HEIGHT="25">
						<TextLine ID="line_0" HPOS="86" VPOS="135" WIDTH="822" HEIGHT="25">
							<String ID="string_0" HPOS="86" VPOS="137" WIDTH="14" HEIGHT="16" WC="0.96" CONTENT="4"/><SP WIDTH="11" VPOS="137" HPOS="100"/>
							<String ID="string_1" HPOS="111" VPOS="137" WIDTH="47" HEIGHT="20" WC="0.96" CONTENT="maj."/><SP WIDTH="152" VPOS="137" HPOS="158"/>
							<String ID="string_2" HPOS="310" VPOS="138" WIDTH="250" HEIGHT="22" WC="0.87" CONTENT="Kommunalförvaltning"/><SP WIDTH="12" VPOS="138" HPOS="560"/>
							<String ID="string_3" HPOS="572" VPOS="138" WIDTH="27" HEIGHT="22" WC="0.96" CONTENT="på"/><SP WIDTH="12" VPOS="138" HPOS="599"/>
							<String ID="string_4" HPOS="611" VPOS="140" WIDTH="75" HEIGHT="16" WC="0.96" CONTENT="landet."/><SP WIDTH="182" VPOS="140" HPOS="686"/>
							<String ID="string_5" HPOS="868" VPOS="135" WIDTH="40" HEIGHT="21" WC="0.96" CONTENT="739"/>
						</TextLine>
					</TextBlock>
				</ComposedBlock>
				<GraphicalElement ID="cblock_1" HPOS="87" VPOS="166" WIDTH="818" HEIGHT="6"></GraphicalElement >
				<ComposedBlock ID="cblock_2" HPOS="84" VPOS="204" WIDTH="825" HEIGHT="115">
					<TextBlock ID="block_1" HPOS="84" VPOS="204" WIDTH="825" HEIGHT="115">
						<TextLine ID="line_1" HPOS="86" VPOS="204" WIDTH="823" HEIGHT="31">
							<String ID="string_6" HPOS="86" VPOS="204" WIDTH="65" HEIGHT="22" WC="0.96" CONTENT="sådan"/><SP WIDTH="15" VPOS="204" HPOS="151"/>
							<String ID="string_7" HPOS="166" VPOS="206" WIDTH="94" HEIGHT="20" WC="0.96" CONTENT="ansökan"/><SP WIDTH="16" VPOS="206" HPOS="260"/>
							<String ID="string_8" HPOS="276" VPOS="206" WIDTH="138" HEIGHT="21" WC="0.96" CONTENT="underkastas"/><SP WIDTH="15" VPOS="206" HPOS="414"/>
							<String ID="string_9" HPOS="429" VPOS="213" WIDTH="25" HEIGHT="14" WC="0.96" CONTENT="en"/><SP WIDTH="17" VPOS="213" HPOS="454"/>
							<String ID="string_10" HPOS="471" VPOS="207" WIDTH="92" HEIGHT="21" WC="0.96" CONTENT="särdeles"/><SP WIDTH="20" VPOS="207" HPOS="563"/>
							<String ID="string_11" HPOS="583" VPOS="208" WIDTH="134" HEIGHT="27" WC="0.93" CONTENT="omsorgsfull"/><SP WIDTH="15" VPOS="208" HPOS="717"/>
							<String ID="string_12" HPOS="732" VPOS="208" WIDTH="104" HEIGHT="27" WC="0.89" CONTENT="pröfning,"/><SP WIDTH="15" VPOS="208" HPOS="836"/>
							<String ID="string_13" HPOS="851" VPOS="209" WIDTH="58" HEIGHT="21" WC="0.96" CONTENT="inser"/>
						</TextLine>
						<TextLine ID="line_2" HPOS="84" VPOS="234" WIDTH="824" HEIGHT="29">
							<String ID="string_14" HPOS="84" VPOS="234" WIDTH="36" HEIGHT="26" WC="0.96" CONTENT="jag"/><SP WIDTH="20" VPOS="234" HPOS="120"/>
							<String ID="string_15" HPOS="140" VPOS="234" WIDTH="46" HEIGHT="20" WC="0.96" CONTENT="icke"/><SP WIDTH="24" VPOS="234" HPOS="186"/>
							<String ID="string_16" HPOS="210" VPOS="236" WIDTH="30" HEIGHT="19" WC="0.96" CONTENT="att"/><SP WIDTH="22" VPOS="236" HPOS="240"/>
							<String ID="string_17" HPOS="262" VPOS="234" WIDTH="56" HEIGHT="21" WC="0.96" CONTENT="detta"/><SP WIDTH="23" VPOS="234" HPOS="318"/>
							<String ID="string_18" HPOS="341" VPOS="234" WIDTH="143" HEIGHT="28" WC="0.96" CONTENT="berättigande"/><SP WIDTH="19" VPOS="234" HPOS="484"/>
							<String ID="string_19" HPOS="503" VPOS="236" WIDTH="42" HEIGHT="20" WC="0.96" CONTENT="kan"/><SP WIDTH="15" VPOS="236" HPOS="545"/>
							<String ID="string_20" HPOS="560" VPOS="236" WIDTH="95" HEIGHT="21" WC="0.96" CONTENT="medföra"/><SP WIDTH="16" VPOS="236" HPOS="655"/>
							<String ID="string_21" HPOS="671" VPOS="236" WIDTH="69" HEIGHT="27" WC="0.96" CONTENT="någon"/><SP WIDTH="14" VPOS="236" HPOS="740"/>
							<String ID="string_22" HPOS="754" VPOS="236" WIDTH="45" HEIGHT="21" WC="0.93" CONTENT="fara"/><SP WIDTH="15" VPOS="236" HPOS="799"/>
							<String ID="string_23" HPOS="814" VPOS="237" WIDTH="94" HEIGHT="21" WC="0.92" CONTENT="hvarken"/>
						</TextLine>
						<TextLine ID="line_3" HPOS="85" VPOS="262" WIDTH="823" HEIGHT="30">
							<String ID="string_24" HPOS="85" VPOS="262" WIDTH="7" HEIGHT="20" WC="0.95" CONTENT="i"/><SP WIDTH="16" VPOS="262" HPOS="92"/>
							<String ID="string_25" HPOS="108" VPOS="264" WIDTH="29" HEIGHT="18" WC="0.95" CONTENT="ett"/><SP WIDTH="19" VPOS="264" HPOS="137"/>
							<String ID="string_26" HPOS="156" VPOS="262" WIDTH="52" HEIGHT="21" WC="0.96" CONTENT="eller"/><SP WIDTH="22" VPOS="262" HPOS="208"/>
							<String ID="string_27" HPOS="230" VPOS="264" WIDTH="64" HEIGHT="20" WC="0.96" CONTENT="annat"/><SP WIDTH="20" VPOS="264" HPOS="294"/>
							<String ID="string_28" HPOS="314" VPOS="263" WIDTH="104" HEIGHT="21" WC="0.96" CONTENT="afseende."/><SP WIDTH="30" VPOS="263" HPOS="418"/>
							<String ID="string_29" HPOS="448" VPOS="264" WIDTH="42" HEIGHT="26" WC="0.94" CONTENT="Jag"/><SP WIDTH="19" VPOS="264" HPOS="490"/>
							<String ID="string_30" HPOS="509" VPOS="264" WIDTH="95" HEIGHT="20" WC="0.94" CONTENT="förordar"/><SP WIDTH="19" VPOS="264" HPOS="604"/>
							<String ID="string_31" HPOS="623" VPOS="264" WIDTH="82" HEIGHT="21" WC="0.96" CONTENT="således"/><SP WIDTH="15" VPOS="264" HPOS="705"/>
							<String ID="string_32" HPOS="720" VPOS="265" WIDTH="123" HEIGHT="27" WC="0.96" CONTENT="paragrafen"/><SP WIDTH="15" VPOS="265" HPOS="843"/>
							<String ID="string_33" HPOS="858" VPOS="266" WIDTH="50" HEIGHT="20" WC="0.96" CONTENT="med"/>
						</TextLine>
						<TextLine ID="line_4" HPOS="85" VPOS="290" WIDTH="657" HEIGHT="29">
							<String ID="string_34" HPOS="85" VPOS="290" WIDTH="25" HEIGHT="20" WC="0.93" CONTENT="hr"/><SP WIDTH="14" VPOS="290" HPOS="110"/>
							<String ID="string_35" HPOS="124" VPOS="290" WIDTH="99" HEIGHT="21" WC="0.89" CONTENT="Berneris"/><SP WIDTH="16" VPOS="290" HPOS="223"/>
							<String ID="string_36" HPOS="239" VPOS="291" WIDTH="77" HEIGHT="27" WC="0.96" CONTENT="tillägg,"/><SP WIDTH="16" VPOS="291" HPOS="316"/>
							<String ID="string_37" HPOS="332" VPOS="291" WIDTH="79" HEIGHT="21" WC="0.95" CONTENT="hvilket"/><SP WIDTH="14" VPOS="291" HPOS="411"/>
							<String ID="string_38" HPOS="425" VPOS="298" WIDTH="89" HEIGHT="15" WC="0.96" CONTENT="numera"/><SP WIDTH="16" VPOS="298" HPOS="514"/>
							<String ID="string_39" HPOS="530" VPOS="298" WIDTH="63" HEIGHT="21" WC="0.96" CONTENT="synes"/><SP WIDTH="15" VPOS="298" HPOS="593"/>
							<String ID="string_40" HPOS="608" VPOS="292" WIDTH="134" HEIGHT="27" WC="0.96" CONTENT="nödvändigt."/>
						</TextLine>
					</TextBlock>
				</ComposedBlock>
				<ComposedBlock ID="cblock_3" HPOS="83" VPOS="346" WIDTH="825" HEIGHT="257">
					<TextBlock ID="block_2" HPOS="83" VPOS="346" WIDTH="825" HEIGHT="257">
						<TextLine ID="line_5" HPOS="152" VPOS="346" WIDTH="756" HEIGHT="31">
							<String ID="string_41" HPOS="152" VPOS="346" WIDTH="34" HEIGHT="21" WC="0.93" CONTENT="Hr"/><SP WIDTH="14" VPOS="346" HPOS="186"/>
							<String ID="string_42" HPOS="200" VPOS="347" WIDTH="116" HEIGHT="27" WC="0.91" CONTENT="Nysten:"/><SP WIDTH="30" VPOS="347" HPOS="316"/>
							<String ID="string_43" HPOS="346" VPOS="347" WIDTH="32" HEIGHT="22" WC="0.95" CONTENT="Då"/><SP WIDTH="15" VPOS="347" HPOS="378"/>
							<String ID="string_44" HPOS="393" VPOS="349" WIDTH="25" HEIGHT="20" WC="0.92" CONTENT="hr"/><SP WIDTH="13" VPOS="349" HPOS="418"/>
							<String ID="string_45" HPOS="431" VPOS="348" WIDTH="88" HEIGHT="21" WC="0.91" CONTENT="Berneri"/><SP WIDTH="15" VPOS="348" HPOS="519"/>
							<String ID="string_46" HPOS="534" VPOS="349" WIDTH="109" HEIGHT="27" WC="0.96" CONTENT="föreslagit"/><SP WIDTH="15" VPOS="349" HPOS="643"/>
							<String ID="string_47" HPOS="658" VPOS="351" WIDTH="30" HEIGHT="19" WC="0.96" CONTENT="att"/><SP WIDTH="14" VPOS="351" HPOS="688"/>
							<String ID="string_48" HPOS="702" VPOS="349" WIDTH="53" HEIGHT="20" WC="0.96" CONTENT="hans"/><SP WIDTH="14" VPOS="349" HPOS="755"/>
							<String ID="string_49" HPOS="769" VPOS="349" WIDTH="139" HEIGHT="28" WC="0.95" CONTENT="formulering"/>
						</TextLine>
						<TextLine ID="line_6" HPOS="85" VPOS="375" WIDTH="822" HEIGHT="29">
							<String ID="string_50" HPOS="85" VPOS="375" WIDTH="30" HEIGHT="20" WC="0.84" CONTENT="till"/><SP WIDTH="23" VPOS="375" HPOS="115"/>
							<String ID="string_51" HPOS="138" VPOS="375" WIDTH="148" HEIGHT="28" WC="0.84" CONTENT="tillägsförslag"/><SP WIDTH="20" VPOS="375" HPOS="286"/>
							<String ID="string_52" HPOS="306" VPOS="376" WIDTH="69" HEIGHT="21" WC="0.93" CONTENT="skulle"/><SP WIDTH="15" VPOS="376" HPOS="375"/>
							<String ID="string_53" HPOS="390" VPOS="376" WIDTH="84" HEIGHT="21" WC="0.92" CONTENT="inflikas"/><SP WIDTH="16" VPOS="376" HPOS="474"/>
							<String ID="string_54" HPOS="490" VPOS="378" WIDTH="6" HEIGHT="19" WC="0.96" CONTENT="i"/><SP WIDTH="16" VPOS="378" HPOS="496"/>
							<String ID="string_55" HPOS="512" VPOS="378" WIDTH="12" HEIGHT="19" WC="0.96" CONTENT="2"/><SP WIDTH="16" VPOS="378" HPOS="524"/>
							<String ID="string_56" HPOS="540" VPOS="379" WIDTH="17" HEIGHT="24" WC="0.83" CONTENT="$,"/><SP WIDTH="16" VPOS="379" HPOS="557"/>
							<String ID="string_57" HPOS="573" VPOS="377" WIDTH="65" HEIGHT="21" WC="0.96" CONTENT="sådan"/><SP WIDTH="16" VPOS="377" HPOS="638"/>
							<String ID="string_58" HPOS="654" VPOS="377" WIDTH="40" HEIGHT="21" WC="0.96" CONTENT="den"/><SP WIDTH="15" VPOS="377" HPOS="694"/>
							<String ID="string_59" HPOS="709" VPOS="377" WIDTH="61" HEIGHT="27" WC="0.96" CONTENT="lyder"/><SP WIDTH="14" VPOS="377" HPOS="770"/>
							<String ID="string_60" HPOS="784" VPOS="378" WIDTH="8" HEIGHT="19" WC="0.96" CONTENT="i"/><SP WIDTH="15" VPOS="378" HPOS="792"/>
							<String ID="string_61" HPOS="807" VPOS="379" WIDTH="25" HEIGHT="19" WC="0.93" CONTENT="hr"/><SP WIDTH="13" VPOS="379" HPOS="832"/>
							<String ID="string_62" HPOS="845" VPOS="377" WIDTH="62" HEIGHT="22" WC="0.90" CONTENT="Jusé-"/>
						</TextLine>
						<TextLine ID="line_7" HPOS="84" VPOS="403" WIDTH="823" HEIGHT="30">
							<String ID="string_63" HPOS="84" VPOS="403" WIDTH="47" HEIGHT="22" WC="0.90" CONTENT="lius&#39;"/><SP WIDTH="16" VPOS="403" HPOS="131"/>
							<String ID="string_64" HPOS="147" VPOS="405" WIDTH="136" HEIGHT="26" WC="0.96" CONTENT="reservation,"/><SP WIDTH="16" VPOS="405" HPOS="283"/>
							<String ID="string_65" HPOS="299" VPOS="411" WIDTH="49" HEIGHT="14" WC="0.96" CONTENT="men"/><SP WIDTH="18" VPOS="411" HPOS="348"/>
							<String ID="string_66" HPOS="366" VPOS="405" WIDTH="36" HEIGHT="27" WC="0.96" CONTENT="jag"/><SP WIDTH="14" VPOS="405" HPOS="402"/>
							<String ID="string_67" HPOS="416" VPOS="405" WIDTH="67" HEIGHT="21" WC="0.96" CONTENT="tillika"/><SP WIDTH="15" VPOS="405" HPOS="483"/>
							<String ID="string_68" HPOS="498" VPOS="412" WIDTH="63" HEIGHT="15" WC="0.96" CONTENT="anser"/><SP WIDTH="15" VPOS="412" HPOS="561"/>
							<String ID="string_69" HPOS="576" VPOS="408" WIDTH="29" HEIGHT="19" WC="0.96" CONTENT="att"/><SP WIDTH="21" VPOS="408" HPOS="605"/>
							<String ID="string_70" HPOS="626" VPOS="407" WIDTH="6" HEIGHT="19" WC="0.96" CONTENT="3"/><SP WIDTH="15" VPOS="407" HPOS="632"/>
							<String ID="string_71" HPOS="647" VPOS="412" WIDTH="62" HEIGHT="14" WC="0.96" CONTENT="mom."/><SP WIDTH="17" VPOS="412" HPOS="709"/>
							<String ID="string_72" HPOS="726" VPOS="406" WIDTH="66" HEIGHT="27" WC="0.96" CONTENT="enligt"/><SP WIDTH="14" VPOS="406" HPOS="792"/>
							<String ID="string_73" HPOS="806" VPOS="407" WIDTH="25" HEIGHT="20" WC="0.93" CONTENT="hr"/><SP WIDTH="14" VPOS="407" HPOS="831"/>
							<String ID="string_74" HPOS="845" VPOS="406" WIDTH="62" HEIGHT="21" WC="0.88" CONTENT="Jusé-"/>
						</TextLine>
						<TextLine ID="line_8" HPOS="84" VPOS="432" WIDTH="823" HEIGHT="29">
							<String ID="string_75" HPOS="84" VPOS="432" WIDTH="48" HEIGHT="21" WC="0.89" CONTENT="lius?"/><SP WIDTH="15" VPOS="432" HPOS="132"/>
							<String ID="string_76" HPOS="147" VPOS="433" WIDTH="130" HEIGHT="20" WC="0.96" CONTENT="reservation"/><SP WIDTH="16" VPOS="433" HPOS="277"/>
							<String ID="string_77" HPOS="293" VPOS="433" WIDTH="63" HEIGHT="21" WC="0.93" CONTENT="borde"/><SP WIDTH="16" VPOS="433" HPOS="356"/>
							<String ID="string_78" HPOS="372" VPOS="434" WIDTH="108" HEIGHT="26" WC="0.93" CONTENT="uteslutas,"/><SP WIDTH="15" VPOS="434" HPOS="480"/>
							<String ID="string_79" HPOS="495" VPOS="435" WIDTH="31" HEIGHT="20" WC="0.91" CONTENT="fär"/><SP WIDTH="15" VPOS="435" HPOS="526"/>
							<String ID="string_80" HPOS="541" VPOS="435" WIDTH="36" HEIGHT="26" WC="0.96" CONTENT="jag"/><SP WIDTH="14" VPOS="435" HPOS="577"/>
							<String ID="string_81" HPOS="591" VPOS="434" WIDTH="33" HEIGHT="21" WC="0.96" CONTENT="för"/><SP WIDTH="14" VPOS="434" HPOS="624"/>
							<String ID="string_82" HPOS="638" VPOS="435" WIDTH="45" HEIGHT="20" WC="0.96" CONTENT="min"/><SP WIDTH="15" VPOS="435" HPOS="683"/>
							<String ID="string_83" HPOS="698" VPOS="434" WIDTH="40" HEIGHT="27" WC="0.96" CONTENT="del,"/><SP WIDTH="16" VPOS="434" HPOS="738"/>
							<String ID="string_84" HPOS="754" VPOS="434" WIDTH="26" HEIGHT="21" WC="0.96" CONTENT="dä"/><SP WIDTH="14" VPOS="434" HPOS="780"/>
							<String ID="string_85" HPOS="794" VPOS="435" WIDTH="36" HEIGHT="26" WC="0.93" CONTENT="jag"/><SP WIDTH="14" VPOS="435" HPOS="830"/>
							<String ID="string_86" HPOS="844" VPOS="435" WIDTH="63" HEIGHT="20" WC="0.92" CONTENT="ocksä"/>
						</TextLine>
						<TextLine ID="line_9" HPOS="85" VPOS="461" WIDTH="821" HEIGHT="29">
							<String ID="string_87" HPOS="85" VPOS="461" WIDTH="138" HEIGHT="21" WC="0.92" CONTENT="understöder"/><SP WIDTH="21" VPOS="461" HPOS="223"/>
							<String ID="string_88" HPOS="244" VPOS="462" WIDTH="24" HEIGHT="20" WC="0.93" CONTENT="hr"/><SP WIDTH="22" VPOS="462" HPOS="268"/>
							<String ID="string_89" HPOS="290" VPOS="461" WIDTH="99" HEIGHT="22" WC="0.90" CONTENT="Berneris"/><SP WIDTH="15" VPOS="461" HPOS="389"/>
							<String ID="string_90" HPOS="404" VPOS="462" WIDTH="168" HEIGHT="27" WC="0.54" CONTENT="tilläggsförslag,"/><SP WIDTH="16" VPOS="462" HPOS="572"/>
							<String ID="string_91" HPOS="588" VPOS="463" WIDTH="138" HEIGHT="26" WC="0.96" CONTENT="komplettera"/><SP WIDTH="21" VPOS="463" HPOS="726"/>
							<String ID="string_92" HPOS="747" VPOS="463" WIDTH="47" HEIGHT="20" WC="0.93" CONTENT="mitt"/><SP WIDTH="15" VPOS="463" HPOS="794"/>
							<String ID="string_93" HPOS="809" VPOS="463" WIDTH="97" HEIGHT="27" WC="0.95" CONTENT="yttrande"/>
						</TextLine>
						<TextLine ID="line_10" HPOS="84" VPOS="489" WIDTH="823" HEIGHT="28">
							<String ID="string_94" HPOS="84" VPOS="489" WIDTH="79" HEIGHT="21" WC="0.92" CONTENT="därhän"/><SP WIDTH="23" VPOS="489" HPOS="163"/>
							<String ID="string_95" HPOS="186" VPOS="491" WIDTH="30" HEIGHT="19" WC="0.93" CONTENT="att"/><SP WIDTH="20" VPOS="491" HPOS="216"/>
							<String ID="string_96" HPOS="236" VPOS="491" WIDTH="124" HEIGHT="26" WC="0.92" CONTENT="paragrafen"/><SP WIDTH="23" VPOS="491" HPOS="360"/>
							<String ID="string_97" HPOS="383" VPOS="491" WIDTH="68" HEIGHT="20" WC="0.93" CONTENT="skulle"/><SP WIDTH="23" VPOS="491" HPOS="451"/>
							<String ID="string_98" HPOS="474" VPOS="491" WIDTH="161" HEIGHT="21" WC="0.92" CONTENT="äterremitteras"/><SP WIDTH="21" VPOS="491" HPOS="635"/>
							<String ID="string_99" HPOS="656" VPOS="491" WIDTH="32" HEIGHT="20" WC="0.93" CONTENT="till"/><SP WIDTH="19" VPOS="491" HPOS="688"/>
							<String ID="string_100" HPOS="707" VPOS="491" WIDTH="100" HEIGHT="21" WC="0.93" CONTENT="utskottet"/><SP WIDTH="18" VPOS="491" HPOS="807"/>
							<String ID="string_101" HPOS="825" VPOS="492" WIDTH="32" HEIGHT="20" WC="0.96" CONTENT="för"/><SP WIDTH="20" VPOS="492" HPOS="857"/>
							<String ID="string_102" HPOS="877" VPOS="494" WIDTH="30" HEIGHT="19" WC="0.96" CONTENT="att"/>
						</TextLine>
						<TextLine ID="line_11" HPOS="84" VPOS="517" WIDTH="822" HEIGHT="30">
							<String ID="string_103" HPOS="84" VPOS="518" WIDTH="25" HEIGHT="20" WC="0.91" CONTENT="hr"/><SP WIDTH="20" VPOS="518" HPOS="109"/>
							<String ID="string_104" HPOS="129" VPOS="517" WIDTH="99" HEIGHT="22" WC="0.91" CONTENT="Berneris"/><SP WIDTH="22" VPOS="517" HPOS="228"/>
							<String ID="string_105" HPOS="250" VPOS="519" WIDTH="162" HEIGHT="27" WC="0.90" CONTENT="tilläggsförslag"/><SP WIDTH="19" VPOS="519" HPOS="412"/>
							<String ID="string_106" HPOS="431" VPOS="519" WIDTH="65" HEIGHT="21" WC="0.91" CONTENT="mätte"/><SP WIDTH="22" VPOS="519" HPOS="496"/>
							<String ID="string_107" HPOS="518" VPOS="519" WIDTH="26" HEIGHT="28" WC="0.96" CONTENT="pä"/><SP WIDTH="22" VPOS="519" HPOS="544"/>
							<String ID="string_108" HPOS="566" VPOS="519" WIDTH="96" HEIGHT="28" WC="0.96" CONTENT="lämpligt"/><SP WIDTH="14" VPOS="519" HPOS="662"/>
							<String ID="string_109" HPOS="676" VPOS="521" WIDTH="41" HEIGHT="19" WC="0.96" CONTENT="sätt"/><SP WIDTH="14" VPOS="521" HPOS="717"/>
							<String ID="string_110" HPOS="731" VPOS="520" WIDTH="79" HEIGHT="21" WC="0.96" CONTENT="införas"/><SP WIDTH="15" VPOS="520" HPOS="810"/>
							<String ID="string_111" HPOS="825" VPOS="520" WIDTH="7" HEIGHT="21" WC="0.93" CONTENT="i"/><SP WIDTH="15" VPOS="520" HPOS="832"/>
							<String ID="string_112" HPOS="847" VPOS="527" WIDTH="59" HEIGHT="20" WC="0.93" CONTENT="para-"/>
						</TextLine>
						<TextLine ID="line_12" HPOS="83" VPOS="546" WIDTH="822" HEIGHT="29">
							<String ID="string_113" HPOS="83" VPOS="546" WIDTH="73" HEIGHT="27" WC="0.92" CONTENT="grafen"/><SP WIDTH="16" VPOS="546" HPOS="156"/>
							<String ID="string_114" HPOS="172" VPOS="547" WIDTH="48" HEIGHT="20" WC="0.96" CONTENT="med"/><SP WIDTH="16" VPOS="547" HPOS="220"/>
							<String ID="string_115" HPOS="236" VPOS="547" WIDTH="41" HEIGHT="21" WC="0.93" CONTENT="den"/><SP WIDTH="15" VPOS="547" HPOS="277"/>
							<String ID="string_116" HPOS="292" VPOS="547" WIDTH="82" HEIGHT="27" WC="0.92" CONTENT="lydelse"/><SP WIDTH="15" VPOS="547" HPOS="374"/>
							<String ID="string_117" HPOS="389" VPOS="548" WIDTH="41" HEIGHT="21" WC="0.93" CONTENT="den"/><SP WIDTH="16" VPOS="548" HPOS="430"/>
							<String ID="string_118" HPOS="446" VPOS="548" WIDTH="84" HEIGHT="21" WC="0.93" CONTENT="komme"/><SP WIDTH="16" VPOS="548" HPOS="530"/>
							<String ID="string_119" HPOS="546" VPOS="551" WIDTH="30" HEIGHT="18" WC="0.93" CONTENT="att"/><SP WIDTH="14" VPOS="551" HPOS="576"/>
							<String ID="string_120" HPOS="590" VPOS="548" WIDTH="68" HEIGHT="27" WC="0.92" CONTENT="hafva,"/><SP WIDTH="14" VPOS="548" HPOS="658"/>
							<String ID="string_121" HPOS="672" VPOS="554" WIDTH="33" HEIGHT="15" WC="0.93" CONTENT="om"/><SP WIDTH="13" VPOS="554" HPOS="705"/>
							<String ID="string_122" HPOS="718" VPOS="554" WIDTH="84" HEIGHT="15" WC="0.92" CONTENT="momm."/><SP WIDTH="14" VPOS="554" HPOS="802"/>
							<String ID="string_123" HPOS="816" VPOS="549" WIDTH="10" HEIGHT="20" WC="0.96" CONTENT="1"/><SP WIDTH="17" VPOS="549" HPOS="826"/>
							<String ID="string_124" HPOS="843" VPOS="549" WIDTH="39" HEIGHT="20" WC="0.93" CONTENT="och"/><SP WIDTH="11" VPOS="549" HPOS="882"/>
							<String ID="string_125" HPOS="893" VPOS="549" WIDTH="12" HEIGHT="20" WC="0.93" CONTENT="2"/>
						</TextLine>
						<TextLine ID="line_13" HPOS="83" VPOS="574" WIDTH="449" HEIGHT="29">
							<String ID="string_126" HPOS="83" VPOS="575" WIDTH="8" HEIGHT="20" WC="0.95" CONTENT="i"/><SP WIDTH="14" VPOS="575" HPOS="91"/>
							<String ID="string_127" HPOS="105" VPOS="574" WIDTH="25" HEIGHT="21" WC="0.91" CONTENT="hr"/><SP WIDTH="14" VPOS="574" HPOS="130"/>
							<String ID="string_128" HPOS="144" VPOS="575" WIDTH="102" HEIGHT="21" WC="0.19" CONTENT="Jusölius&#39;"/><SP WIDTH="14" VPOS="575" HPOS="246"/>
							<String ID="string_129" HPOS="260" VPOS="576" WIDTH="129" HEIGHT="21" WC="0.93" CONTENT="reservation"/><SP WIDTH="15" VPOS="576" HPOS="389"/>
							<String ID="string_130" HPOS="404" VPOS="576" WIDTH="128" HEIGHT="27" WC="0.95" CONTENT="godkännas."/>
						</TextLine>
					</TextBlock>
				</ComposedBlock>
				<ComposedBlock ID="cblock_4" HPOS="80" VPOS="631" WIDTH="826" HEIGHT="336">
					<TextBlock ID="block_3" HPOS="80" VPOS="631" WIDTH="826" HEIGHT="336">
						<TextLine ID="line_14" HPOS="150" VPOS="631" WIDTH="756" HEIGHT="29">
							<String ID="string_131" HPOS="150" VPOS="631" WIDTH="33" HEIGHT="22" WC="0.93" CONTENT="Hr"/><SP WIDTH="15" VPOS="631" HPOS="183"/>
							<String ID="string_132" HPOS="198" VPOS="632" WIDTH="140" HEIGHT="27" WC="0.94" CONTENT="Nybergh,"/><SP WIDTH="14" VPOS="632" HPOS="338"/>
							<String ID="string_133" HPOS="352" VPOS="633" WIDTH="117" HEIGHT="27" WC="0.93" CONTENT="August:"/><SP WIDTH="17" VPOS="633" HPOS="469"/>
							<String ID="string_134" HPOS="486" VPOS="633" WIDTH="71" HEIGHT="21" WC="0.96" CONTENT="Ehuru"/><SP WIDTH="13" VPOS="633" HPOS="557"/>
							<String ID="string_135" HPOS="570" VPOS="633" WIDTH="112" HEIGHT="21" WC="0.96" CONTENT="utskottets"/><SP WIDTH="10" VPOS="633" HPOS="682"/>
							<String ID="string_136" HPOS="692" VPOS="633" WIDTH="132" HEIGHT="22" WC="0.96" CONTENT="betänkande"/><SP WIDTH="12" VPOS="633" HPOS="824"/>
							<String ID="string_137" HPOS="836" VPOS="633" WIDTH="70" HEIGHT="22" WC="0.95" CONTENT="ställer"/>
						</TextLine>
						<TextLine ID="line_15" HPOS="82" VPOS="660" WIDTH="824" HEIGHT="28">
							<String ID="string_138" HPOS="82" VPOS="660" WIDTH="32" HEIGHT="27" WC="0.93" CONTENT="sig"/><SP WIDTH="10" VPOS="660" HPOS="114"/>
							<String ID="string_139" HPOS="124" VPOS="660" WIDTH="113" HEIGHT="27" WC="0.91" CONTENT="afböjande"/><SP WIDTH="23" VPOS="660" HPOS="237"/>
							<String ID="string_140" HPOS="260" VPOS="663" WIDTH="56" HEIGHT="19" WC="0.95" CONTENT="emot"/><SP WIDTH="20" VPOS="663" HPOS="316"/>
							<String ID="string_141" HPOS="336" VPOS="668" WIDTH="27" HEIGHT="14" WC="0.95" CONTENT="en"/><SP WIDTH="15" VPOS="668" HPOS="363"/>
							<String ID="string_142" HPOS="378" VPOS="661" WIDTH="87" HEIGHT="27" WC="0.96" CONTENT="delning"/><SP WIDTH="15" VPOS="661" HPOS="465"/>
							<String ID="string_143" HPOS="480" VPOS="662" WIDTH="22" HEIGHT="20" WC="0.96" CONTENT="af"/><SP WIDTH="14" VPOS="662" HPOS="502"/>
							<String ID="string_144" HPOS="516" VPOS="662" WIDTH="221" HEIGHT="26" WC="0.95" CONTENT="landskommunerna,"/><SP WIDTH="16" VPOS="662" HPOS="737"/>
							<String ID="string_145" HPOS="753" VPOS="662" WIDTH="37" HEIGHT="21" WC="0.96" CONTENT="har"/><SP WIDTH="15" VPOS="662" HPOS="790"/>
							<String ID="string_146" HPOS="805" VPOS="662" WIDTH="101" HEIGHT="21" WC="0.95" CONTENT="utskottet"/>
						</TextLine>
						<TextLine ID="line_16" HPOS="82" VPOS="689" WIDTH="824" HEIGHT="28">
							<String ID="string_147" HPOS="82" VPOS="689" WIDTH="65" HEIGHT="20" WC="0.95" CONTENT="likväl"/><SP WIDTH="15" VPOS="689" HPOS="147"/>
							<String ID="string_148" HPOS="162" VPOS="691" WIDTH="69" HEIGHT="19" WC="0.95" CONTENT="ansett"/><SP WIDTH="15" VPOS="691" HPOS="231"/>
							<String ID="string_149" HPOS="246" VPOS="696" WIDTH="24" HEIGHT="14" WC="0.96" CONTENT="en"/><SP WIDTH="17" VPOS="696" HPOS="270"/>
							<String ID="string_150" HPOS="287" VPOS="689" WIDTH="66" HEIGHT="21" WC="0.96" CONTENT="sådan"/><SP WIDTH="15" VPOS="689" HPOS="353"/>
							<String ID="string_151" HPOS="368" VPOS="689" WIDTH="86" HEIGHT="28" WC="0.96" CONTENT="delning"/><SP WIDTH="15" VPOS="689" HPOS="454"/>
							<String ID="string_152" HPOS="469" VPOS="689" WIDTH="51" HEIGHT="22" WC="0.93" CONTENT="böra"/><SP WIDTH="15" VPOS="689" HPOS="520"/>
							<String ID="string_153" HPOS="535" VPOS="690" WIDTH="89" HEIGHT="27" WC="0.91" CONTENT="bifallas,"/><SP WIDTH="11" VPOS="690" HPOS="624"/>
							<String ID="string_154" HPOS="635" VPOS="690" WIDTH="45" HEIGHT="20" WC="0.96" CONTENT="ifall"/><SP WIDTH="14" VPOS="690" HPOS="680"/>
							<String ID="string_155" HPOS="694" VPOS="691" WIDTH="129" HEIGHT="20" WC="0.96" CONTENT="kommunen"/><SP WIDTH="15" VPOS="691" HPOS="823"/>
							<String ID="string_156" HPOS="838" VPOS="690" WIDTH="68" HEIGHT="21" WC="0.96" CONTENT="består"/>
						</TextLine>
						<TextLine ID="line_17" HPOS="82" VPOS="717" WIDTH="824" HEIGHT="28">
							<String ID="string_157" HPOS="82" VPOS="717" WIDTH="22" HEIGHT="20" WC="0.96" CONTENT="af"/><SP WIDTH="14" VPOS="717" HPOS="104"/>
							<String ID="string_158" HPOS="118" VPOS="717" WIDTH="51" HEIGHT="20" WC="0.96" CONTENT="flera"/><SP WIDTH="15" VPOS="717" HPOS="169"/>
							<String ID="string_159" HPOS="184" VPOS="717" WIDTH="152" HEIGHT="28" WC="0.96" CONTENT="församlingar."/><SP WIDTH="29" VPOS="717" HPOS="336"/>
							<String ID="string_160" HPOS="365" VPOS="718" WIDTH="63" HEIGHT="21" WC="0.94" CONTENT="Detta"/><SP WIDTH="14" VPOS="718" HPOS="428"/>
							<String ID="string_161" HPOS="442" VPOS="719" WIDTH="93" HEIGHT="26" WC="0.96" CONTENT="framgår"/><SP WIDTH="10" VPOS="719" HPOS="535"/>
							<String ID="string_162" HPOS="545" VPOS="719" WIDTH="22" HEIGHT="20" WC="0.96" CONTENT="af"/><SP WIDTH="15" VPOS="719" HPOS="567"/>
							<String ID="string_163" HPOS="582" VPOS="719" WIDTH="12" HEIGHT="20" WC="0.96" CONTENT="2"/><SP WIDTH="16" VPOS="719" HPOS="594"/>
							<String ID="string_164" HPOS="610" VPOS="719" WIDTH="12" HEIGHT="26" WC="0.67" CONTENT="$"/><SP WIDTH="16" VPOS="719" HPOS="622"/>
							<String ID="string_165" HPOS="638" VPOS="718" WIDTH="6" HEIGHT="20" WC="0.94" CONTENT="i"/><SP WIDTH="17" VPOS="718" HPOS="644"/>
							<String ID="string_166" HPOS="661" VPOS="718" WIDTH="145" HEIGHT="21" WC="0.96" CONTENT="betänkandet."/><SP WIDTH="27" VPOS="718" HPOS="806"/>
							<String ID="string_167" HPOS="833" VPOS="717" WIDTH="33" HEIGHT="22" WC="0.93" CONTENT="Då"/><SP WIDTH="10" VPOS="717" HPOS="866"/>
							<String ID="string_168" HPOS="876" VPOS="725" WIDTH="30" HEIGHT="14" WC="0.94" CONTENT="nu"/>
						</TextLine>
						<TextLine ID="line_18" HPOS="82" VPOS="745" WIDTH="824" HEIGHT="29">
							<String ID="string_169" HPOS="82" VPOS="745" WIDTH="66" HEIGHT="27" WC="0.93" CONTENT="enligt"/><SP WIDTH="15" VPOS="745" HPOS="148"/>
							<String ID="string_170" HPOS="163" VPOS="746" WIDTH="183" HEIGHT="27" WC="0.92" CONTENT="borgareståndets"/><SP WIDTH="15" VPOS="746" HPOS="346"/>
							<String ID="string_171" HPOS="361" VPOS="747" WIDTH="88" HEIGHT="26" WC="0.96" CONTENT="tidigare"/><SP WIDTH="16" VPOS="747" HPOS="449"/>
							<String ID="string_172" HPOS="465" VPOS="747" WIDTH="34" HEIGHT="20" WC="0.91" CONTENT="vid"/><SP WIDTH="10" VPOS="747" HPOS="499"/>
							<String ID="string_173" HPOS="509" VPOS="748" WIDTH="10" HEIGHT="19" WC="0.85" CONTENT="1"/><SP WIDTH="11" VPOS="748" HPOS="519"/>
							<String ID="string_174" HPOS="530" VPOS="748" WIDTH="12" HEIGHT="26" WC="0.85" CONTENT="&amp;"/><SP WIDTH="11" VPOS="748" HPOS="542"/>
							<String ID="string_175" HPOS="553" VPOS="747" WIDTH="78" HEIGHT="21" WC="0.96" CONTENT="fattade"/><SP WIDTH="12" VPOS="747" HPOS="631"/>
							<String ID="string_176" HPOS="643" VPOS="747" WIDTH="68" HEIGHT="20" WC="0.93" CONTENT="beslut"/><SP WIDTH="9" VPOS="747" HPOS="711"/>
							<String ID="string_177" HPOS="720" VPOS="747" WIDTH="186" HEIGHT="21" WC="0.91" CONTENT="landskommuns-"/>
						</TextLine>
						<TextLine ID="line_19" HPOS="82" VPOS="773" WIDTH="823" HEIGHT="30">
							<String ID="string_178" HPOS="82" VPOS="773" WIDTH="113" HEIGHT="28" WC="0.92" CONTENT="begreppet"/><SP WIDTH="22" VPOS="773" HPOS="195"/>
							<String ID="string_179" HPOS="217" VPOS="774" WIDTH="95" HEIGHT="22" WC="0.96" CONTENT="kommer"/><SP WIDTH="19" VPOS="774" HPOS="312"/>
							<String ID="string_180" HPOS="331" VPOS="777" WIDTH="30" HEIGHT="18" WC="0.93" CONTENT="att"/><SP WIDTH="14" VPOS="777" HPOS="361"/>
							<String ID="string_181" HPOS="375" VPOS="775" WIDTH="88" HEIGHT="26" WC="0.93" CONTENT="frigöras"/><SP WIDTH="20" VPOS="775" HPOS="463"/>
							<String ID="string_182" HPOS="483" VPOS="775" WIDTH="45" HEIGHT="21" WC="0.93" CONTENT="frän"/><SP WIDTH="22" VPOS="775" HPOS="528"/>
							<String ID="string_183" HPOS="550" VPOS="775" WIDTH="36" HEIGHT="21" WC="0.93" CONTENT="det"/><SP WIDTH="16" VPOS="775" HPOS="586"/>
							<String ID="string_184" HPOS="602" VPOS="775" WIDTH="97" HEIGHT="27" WC="0.92" CONTENT="kyrkliga"/><SP WIDTH="16" VPOS="775" HPOS="699"/>
							<String ID="string_185" HPOS="715" VPOS="775" WIDTH="190" HEIGHT="28" WC="0.91" CONTENT="kommunbegrep-"/>
						</TextLine>
						<TextLine ID="line_20" HPOS="81" VPOS="803" WIDTH="824" HEIGHT="27">
							<String ID="string_186" HPOS="81" VPOS="805" WIDTH="41" HEIGHT="24" WC="0.95" CONTENT="pet,"/><SP WIDTH="25" VPOS="805" HPOS="122"/>
							<String ID="string_187" HPOS="147" VPOS="803" WIDTH="23" HEIGHT="20" WC="0.95" CONTENT="sä"/><SP WIDTH="22" VPOS="803" HPOS="170"/>
							<String ID="string_188" HPOS="192" VPOS="803" WIDTH="40" HEIGHT="20" WC="0.95" CONTENT="kan"/><SP WIDTH="23" VPOS="803" HPOS="232"/>
							<String ID="string_189" HPOS="255" VPOS="803" WIDTH="35" HEIGHT="27" WC="0.92" CONTENT="jag"/><SP WIDTH="21" VPOS="803" HPOS="290"/>
							<String ID="string_190" HPOS="311" VPOS="803" WIDTH="47" HEIGHT="21" WC="0.91" CONTENT="icke"/><SP WIDTH="22" VPOS="803" HPOS="358"/>
							<String ID="string_191" HPOS="380" VPOS="803" WIDTH="57" HEIGHT="21" WC="0.96" CONTENT="finna"/><SP WIDTH="28" VPOS="803" HPOS="437"/>
							<String ID="string_192" HPOS="465" VPOS="807" WIDTH="65" HEIGHT="17" WC="0.96" CONTENT="annat"/><SP WIDTH="21" VPOS="807" HPOS="530"/>
							<String ID="string_193" HPOS="551" VPOS="805" WIDTH="26" HEIGHT="19" WC="0.96" CONTENT="än"/><SP WIDTH="23" VPOS="805" HPOS="577"/>
							<String ID="string_194" HPOS="600" VPOS="806" WIDTH="35" HEIGHT="23" WC="0.88" CONTENT="att,"/><SP WIDTH="23" VPOS="806" HPOS="635"/>
							<String ID="string_195" HPOS="658" VPOS="809" WIDTH="34" HEIGHT="14" WC="0.96" CONTENT="om"/><SP WIDTH="24" VPOS="809" HPOS="692"/>
							<String ID="string_196" HPOS="716" VPOS="805" WIDTH="12" HEIGHT="19" WC="0.97" CONTENT="3"/><SP WIDTH="23" VPOS="805" HPOS="728"/>
							<String ID="string_197" HPOS="751" VPOS="810" WIDTH="62" HEIGHT="14" WC="0.96" CONTENT="mom."/><SP WIDTH="23" VPOS="810" HPOS="813"/>
							<String ID="string_198" HPOS="836" VPOS="804" WIDTH="21" HEIGHT="20" WC="0.96" CONTENT="af"/><SP WIDTH="23" VPOS="804" HPOS="857"/>
							<String ID="string_199" HPOS="880" VPOS="805" WIDTH="25" HEIGHT="19" WC="0.96" CONTENT="hr"/>
						</TextLine>
						<TextLine ID="line_21" HPOS="81" VPOS="830" WIDTH="825" HEIGHT="29">
							<String ID="string_200" HPOS="81" VPOS="830" WIDTH="101" HEIGHT="21" WC="0.60" CONTENT="Jusölius?"/><SP WIDTH="22" VPOS="830" HPOS="182"/>
							<String ID="string_201" HPOS="204" VPOS="832" WIDTH="134" HEIGHT="26" WC="0.95" CONTENT="reservation,"/><SP WIDTH="22" VPOS="832" HPOS="338"/>
							<String ID="string_202" HPOS="360" VPOS="832" WIDTH="26" HEIGHT="27" WC="0.96" CONTENT="pä"/><SP WIDTH="21" VPOS="832" HPOS="386"/>
							<String ID="string_203" HPOS="407" VPOS="833" WIDTH="41" HEIGHT="20" WC="0.96" CONTENT="sätt"/><SP WIDTH="19" VPOS="833" HPOS="448"/>
							<String ID="string_204" HPOS="467" VPOS="833" WIDTH="24" HEIGHT="20" WC="0.93" CONTENT="hr"/><SP WIDTH="17" VPOS="833" HPOS="491"/>
							<String ID="string_205" HPOS="508" VPOS="832" WIDTH="82" HEIGHT="27" WC="0.91" CONTENT="Nysten"/><SP WIDTH="16" VPOS="832" HPOS="590"/>
							<String ID="string_206" HPOS="606" VPOS="832" WIDTH="38" HEIGHT="20" WC="0.93" CONTENT="har"/><SP WIDTH="14" VPOS="832" HPOS="644"/>
							<String ID="string_207" HPOS="658" VPOS="831" WIDTH="113" HEIGHT="28" WC="0.96" CONTENT="föreslagit,"/><SP WIDTH="16" VPOS="831" HPOS="771"/>
							<String ID="string_208" HPOS="787" VPOS="831" WIDTH="67" HEIGHT="28" WC="0.96" CONTENT="utgår,"/><SP WIDTH="16" VPOS="831" HPOS="854"/>
							<String ID="string_209" HPOS="870" VPOS="832" WIDTH="36" HEIGHT="21" WC="0.96" CONTENT="det"/>
						</TextLine>
						<TextLine ID="line_22" HPOS="81" VPOS="859" WIDTH="822" HEIGHT="28">
							<String ID="string_210" HPOS="81" VPOS="859" WIDTH="47" HEIGHT="21" WC="0.96" CONTENT="icke"/><SP WIDTH="20" VPOS="859" HPOS="128"/>
							<String ID="string_211" HPOS="148" VPOS="859" WIDTH="69" HEIGHT="22" WC="0.95" CONTENT="skulle"/><SP WIDTH="23" VPOS="859" HPOS="217"/>
							<String ID="string_212" HPOS="240" VPOS="859" WIDTH="64" HEIGHT="22" WC="0.96" CONTENT="blifva"/><SP WIDTH="19" VPOS="859" HPOS="304"/>
							<String ID="string_213" HPOS="323" VPOS="860" WIDTH="81" HEIGHT="27" WC="0.96" CONTENT="möjligt"/><SP WIDTH="14" VPOS="860" HPOS="404"/>
							<String ID="string_214" HPOS="418" VPOS="861" WIDTH="7" HEIGHT="20" WC="0.96" CONTENT="i"/><SP WIDTH="16" VPOS="861" HPOS="425"/>
							<String ID="string_215" HPOS="441" VPOS="861" WIDTH="110" HEIGHT="20" WC="0.96" CONTENT="framtiden"/><SP WIDTH="18" VPOS="861" HPOS="551"/>
							<String ID="string_216" HPOS="569" VPOS="862" WIDTH="29" HEIGHT="19" WC="0.93" CONTENT="att"/><SP WIDTH="16" VPOS="862" HPOS="598"/>
							<String ID="string_217" HPOS="614" VPOS="862" WIDTH="78" HEIGHT="19" WC="0.96" CONTENT="tvänne"/><SP WIDTH="15" VPOS="862" HPOS="692"/>
							<String ID="string_218" HPOS="707" VPOS="860" WIDTH="96" HEIGHT="27" WC="0.92" CONTENT="kyrkliga"/><SP WIDTH="15" VPOS="860" HPOS="803"/>
							<String ID="string_219" HPOS="818" VPOS="861" WIDTH="85" HEIGHT="20" WC="0.91" CONTENT="försam-"/>
						</TextLine>
						<TextLine ID="line_23" HPOS="80" VPOS="887" WIDTH="825" HEIGHT="29">
							<String ID="string_220" HPOS="80" VPOS="887" WIDTH="74" HEIGHT="28" WC="0.92" CONTENT="lingar,"/><SP WIDTH="15" VPOS="887" HPOS="154"/>
							<String ID="string_221" HPOS="169" VPOS="889" WIDTH="71" HEIGHT="20" WC="0.93" CONTENT="hvilka"/><SP WIDTH="16" VPOS="889" HPOS="240"/>
							<String ID="string_222" HPOS="256" VPOS="891" WIDTH="74" HEIGHT="25" WC="0.96" CONTENT="utgöra"/><SP WIDTH="16" VPOS="891" HPOS="330"/>
							<String ID="string_223" HPOS="346" VPOS="895" WIDTH="26" HEIGHT="14" WC="0.93" CONTENT="en"/><SP WIDTH="12" VPOS="895" HPOS="372"/>
							<String ID="string_224" HPOS="384" VPOS="889" WIDTH="171" HEIGHT="26" WC="0.92" CONTENT="landskommun,"/><SP WIDTH="11" VPOS="889" HPOS="555"/>
							<String ID="string_225" HPOS="566" VPOS="889" WIDTH="68" HEIGHT="21" WC="0.96" CONTENT="skulle"/><SP WIDTH="12" VPOS="889" HPOS="634"/>
							<String ID="string_226" HPOS="646" VPOS="889" WIDTH="71" HEIGHT="20" WC="0.93" CONTENT="kunna"/><SP WIDTH="11" VPOS="889" HPOS="717"/>
							<String ID="string_227" HPOS="728" VPOS="889" WIDTH="98" HEIGHT="27" WC="0.92" CONTENT="ätskiljas."/><SP WIDTH="16" VPOS="889" HPOS="826"/>
							<String ID="string_228" HPOS="842" VPOS="888" WIDTH="63" HEIGHT="22" WC="0.92" CONTENT="Detta"/>
						</TextLine>
						<TextLine ID="line_24" HPOS="80" VPOS="917" WIDTH="824" HEIGHT="28">
							<String ID="string_229" HPOS="80" VPOS="917" WIDTH="46" HEIGHT="20" WC="0.93" CONTENT="skäl"/><SP WIDTH="20" VPOS="917" HPOS="126"/>
							<String ID="string_230" HPOS="146" VPOS="923" WIDTH="65" HEIGHT="20" WC="0.96" CONTENT="synes"/><SP WIDTH="20" VPOS="923" HPOS="211"/>
							<String ID="string_231" HPOS="231" VPOS="917" WIDTH="44" HEIGHT="27" WC="0.93" CONTENT="mig"/><SP WIDTH="22" VPOS="917" HPOS="275"/>
							<String ID="string_232" HPOS="297" VPOS="917" WIDTH="63" HEIGHT="21" WC="0.91" CONTENT="äfven"/><SP WIDTH="22" VPOS="917" HPOS="360"/>
							<String ID="string_233" HPOS="382" VPOS="917" WIDTH="41" HEIGHT="21" WC="0.96" CONTENT="tala"/><SP WIDTH="22" VPOS="917" HPOS="423"/>
							<String ID="string_234" HPOS="445" VPOS="918" WIDTH="33" HEIGHT="20" WC="0.96" CONTENT="för"/><SP WIDTH="20" VPOS="918" HPOS="478"/>
							<String ID="string_235" HPOS="498" VPOS="920" WIDTH="30" HEIGHT="19" WC="0.96" CONTENT="att"/><SP WIDTH="22" VPOS="920" HPOS="528"/>
							<String ID="string_236" HPOS="550" VPOS="919" WIDTH="6" HEIGHT="20" WC="0.96" CONTENT="3"/><SP WIDTH="16" VPOS="919" HPOS="556"/>
							<String ID="string_237" HPOS="572" VPOS="924" WIDTH="62" HEIGHT="14" WC="0.96" CONTENT="mom."/><SP WIDTH="16" VPOS="924" HPOS="634"/>
							<String ID="string_238" HPOS="650" VPOS="917" WIDTH="21" HEIGHT="21" WC="0.96" CONTENT="af"/><SP WIDTH="15" VPOS="917" HPOS="671"/>
							<String ID="string_239" HPOS="686" VPOS="918" WIDTH="12" HEIGHT="19" WC="0.93" CONTENT="2"/><SP WIDTH="16" VPOS="918" HPOS="698"/>
							<String ID="string_240" HPOS="714" VPOS="917" WIDTH="12" HEIGHT="28" WC="0.83" CONTENT="$"/><SP WIDTH="16" VPOS="917" HPOS="726"/>
							<String ID="string_241" HPOS="742" VPOS="917" WIDTH="6" HEIGHT="21" WC="0.96" CONTENT="i"/><SP WIDTH="16" VPOS="917" HPOS="748"/>
							<String ID="string_242" HPOS="764" VPOS="917" WIDTH="24" HEIGHT="21" WC="0.93" CONTENT="hr"/><SP WIDTH="15" VPOS="917" HPOS="788"/>
							<String ID="string_243" HPOS="803" VPOS="917" WIDTH="101" HEIGHT="21" WC="0.76" CONTENT="Jusölius&#39;"/>
						</TextLine>
						<TextLine ID="line_25" HPOS="80" VPOS="945" WIDTH="286" HEIGHT="22">
							<String ID="string_244" HPOS="80" VPOS="946" WIDTH="128" HEIGHT="20" WC="0.96" CONTENT="reservation"/><SP WIDTH="18" VPOS="946" HPOS="208"/>
							<String ID="string_245" HPOS="226" VPOS="946" WIDTH="37" HEIGHT="20" WC="0.93" CONTENT="bör"/><SP WIDTH="15" VPOS="946" HPOS="263"/>
							<String ID="string_246" HPOS="278" VPOS="945" WIDTH="88" HEIGHT="22" WC="0.92" CONTENT="kvarstä."/>
						</TextLine>
					</TextBlock>
				</ComposedBlock>
				<ComposedBlock ID="cblock_5" HPOS="80" VPOS="1002" WIDTH="825" HEIGHT="57">
					<TextBlock ID="block_4" HPOS="80" VPOS="1002" WIDTH="825" HEIGHT="57">
						<TextLine ID="line_26" HPOS="149" VPOS="1002" WIDTH="756" HEIGHT="28">
							<String ID="string_247" HPOS="149" VPOS="1002" WIDTH="70" HEIGHT="21" WC="0.93" CONTENT="Sedan"/><SP WIDTH="23" VPOS="1002" HPOS="219"/>
							<String ID="string_248" HPOS="242" VPOS="1002" WIDTH="147" HEIGHT="22" WC="0.92" CONTENT="diskussionen"/><SP WIDTH="23" VPOS="1002" HPOS="389"/>
							<String ID="string_249" HPOS="412" VPOS="1003" WIDTH="50" HEIGHT="20" WC="0.92" CONTENT="härä"/><SP WIDTH="22" VPOS="1003" HPOS="462"/>
							<String ID="string_250" HPOS="484" VPOS="1003" WIDTH="111" HEIGHT="22" WC="0.92" CONTENT="förklarats"/><SP WIDTH="22" VPOS="1003" HPOS="595"/>
							<String ID="string_251" HPOS="617" VPOS="1003" WIDTH="96" HEIGHT="27" WC="0.91" CONTENT="afslutad,"/><SP WIDTH="23" VPOS="1003" HPOS="713"/>
							<String ID="string_252" HPOS="736" VPOS="1002" WIDTH="121" HEIGHT="21" WC="0.91" CONTENT="framstälde"/><SP WIDTH="23" VPOS="1002" HPOS="857"/>
							<String ID="string_253" HPOS="880" VPOS="1003" WIDTH="25" HEIGHT="20" WC="0.96" CONTENT="hr"/>
						</TextLine>
						<TextLine ID="line_27" HPOS="80" VPOS="1031" WIDTH="638" HEIGHT="28">
							<String ID="string_254" HPOS="80" VPOS="1031" WIDTH="123" HEIGHT="21" WC="0.95" CONTENT="talmannen"/><SP WIDTH="15" VPOS="1031" HPOS="203"/>
							<String ID="string_255" HPOS="218" VPOS="1031" WIDTH="31" HEIGHT="21" WC="0.95" CONTENT="till"/><SP WIDTH="16" VPOS="1031" HPOS="249"/>
							<String ID="string_256" HPOS="265" VPOS="1031" WIDTH="51" HEIGHT="21" WC="0.96" CONTENT="först"/><SP WIDTH="15" VPOS="1031" HPOS="316"/>
							<String ID="string_257" HPOS="331" VPOS="1031" WIDTH="92" HEIGHT="27" WC="0.93" CONTENT="följande"/><SP WIDTH="16" VPOS="1031" HPOS="423"/>
							<String ID="string_258" HPOS="439" VPOS="1031" WIDTH="279" HEIGHT="28" WC="0.80" CONTENT="omröstningsproposition"/><SP WIDTH="-7" VPOS="1031" HPOS="718"/>
							<String ID="string_259" HPOS="711" VPOS="1027" WIDTH="10" HEIGHT="37" WC="0.80" CONTENT=":"/>
						</TextLine>
					</TextBlock>
				</ComposedBlock>
				<ComposedBlock ID="cblock_6" HPOS="79" VPOS="1088" WIDTH="826" HEIGHT="199">
					<TextBlock ID="block_5" HPOS="79" VPOS="1088" WIDTH="826" HEIGHT="141">
						<TextLine ID="line_28" HPOS="149" VPOS="1088" WIDTH="755" HEIGHT="28">
							<String ID="string_260" HPOS="149" VPOS="1088" WIDTH="39" HEIGHT="27" WC="0.92" CONTENT="De,"/><SP WIDTH="23" VPOS="1088" HPOS="188"/>
							<String ID="string_261" HPOS="211" VPOS="1088" WIDTH="75" HEIGHT="21" WC="0.96" CONTENT="hvilka"/><SP WIDTH="20" VPOS="1088" HPOS="286"/>
							<String ID="string_262" HPOS="306" VPOS="1088" WIDTH="74" HEIGHT="21" WC="0.93" CONTENT="såsom"/><SP WIDTH="20" VPOS="1088" HPOS="380"/>
							<String ID="string_263" HPOS="400" VPOS="1089" WIDTH="215" HEIGHT="27" WC="0.91" CONTENT="kontraproposition"/><SP WIDTH="20" VPOS="1089" HPOS="615"/>
							<String ID="string_264" HPOS="635" VPOS="1090" WIDTH="46" HEIGHT="20" WC="0.93" CONTENT="mot"/><SP WIDTH="14" VPOS="1090" HPOS="681"/>
							<String ID="string_265" HPOS="695" VPOS="1088" WIDTH="112" HEIGHT="21" WC="0.96" CONTENT="utskottets"/><SP WIDTH="15" VPOS="1088" HPOS="807"/>
							<String ID="string_266" HPOS="822" VPOS="1088" WIDTH="82" HEIGHT="27" WC="0.95" CONTENT="förslag"/>
						</TextLine>
						<TextLine ID="line_29" HPOS="81" VPOS="1117" WIDTH="823" HEIGHT="27">
							<String ID="string_267" HPOS="81" VPOS="1117" WIDTH="35" HEIGHT="21" WC="0.92" CONTENT="till"/><SP WIDTH="22" VPOS="1117" HPOS="116"/>
							<String ID="string_268" HPOS="138" VPOS="1117" WIDTH="78" HEIGHT="27" WC="0.92" CONTENT="lydelse"/><SP WIDTH="20" VPOS="1117" HPOS="216"/>
							<String ID="string_269" HPOS="236" VPOS="1117" WIDTH="37" HEIGHT="27" WC="0.96" CONTENT="för"/><SP WIDTH="15" VPOS="1117" HPOS="273"/>
							<String ID="string_270" HPOS="288" VPOS="1117" WIDTH="16" HEIGHT="20" WC="0.93" CONTENT="2"/><SP WIDTH="14" VPOS="1117" HPOS="304"/>
							<String ID="string_271" HPOS="318" VPOS="1117" WIDTH="15" HEIGHT="27" WC="0.93" CONTENT="$"/><SP WIDTH="14" VPOS="1117" HPOS="333"/>
							<String ID="string_272" HPOS="347" VPOS="1119" WIDTH="83" HEIGHT="25" WC="0.96" CONTENT="antaga"/><SP WIDTH="20" VPOS="1119" HPOS="430"/>
							<String ID="string_273" HPOS="450" VPOS="1117" WIDTH="42" HEIGHT="21" WC="0.93" CONTENT="den"/><SP WIDTH="23" VPOS="1117" HPOS="492"/>
							<String ID="string_274" HPOS="515" VPOS="1117" WIDTH="85" HEIGHT="26" WC="0.79" CONTENT="lydelse,"/><SP WIDTH="17" VPOS="1117" HPOS="600"/>
							<String ID="string_275" HPOS="617" VPOS="1124" WIDTH="47" HEIGHT="14" WC="0.96" CONTENT="som"/><SP WIDTH="19" VPOS="1124" HPOS="664"/>
							<String ID="string_276" HPOS="683" VPOS="1117" WIDTH="36" HEIGHT="27" WC="0.93" CONTENT="för"/><SP WIDTH="14" VPOS="1117" HPOS="719"/>
							<String ID="string_277" HPOS="733" VPOS="1117" WIDTH="67" HEIGHT="27" WC="0.96" CONTENT="sagda"/><SP WIDTH="18" VPOS="1117" HPOS="800"/>
							<String ID="string_278" HPOS="818" VPOS="1117" WIDTH="86" HEIGHT="27" WC="0.96" CONTENT="lagrum"/>
						</TextLine>
						<TextLine ID="line_30" HPOS="79" VPOS="1145" WIDTH="824" HEIGHT="28">
							<String ID="string_279" HPOS="79" VPOS="1145" WIDTH="110" HEIGHT="28" WC="0.82" CONTENT="förordats"/><SP WIDTH="19" VPOS="1145" HPOS="189"/>
							<String ID="string_280" HPOS="208" VPOS="1145" WIDTH="35" HEIGHT="21" WC="0.95" CONTENT="uti"/><SP WIDTH="21" VPOS="1145" HPOS="243"/>
							<String ID="string_281" HPOS="264" VPOS="1146" WIDTH="41" HEIGHT="20" WC="0.93" CONTENT="den"/><SP WIDTH="21" VPOS="1146" HPOS="305"/>
							<String ID="string_282" HPOS="326" VPOS="1145" WIDTH="78" HEIGHT="28" WC="0.96" CONTENT="sjunde"/><SP WIDTH="20" VPOS="1145" HPOS="404"/>
							<String ID="string_283" HPOS="424" VPOS="1145" WIDTH="36" HEIGHT="21" WC="0.93" CONTENT="till"/><SP WIDTH="23" VPOS="1145" HPOS="460"/>
							<String ID="string_284" HPOS="483" VPOS="1145" WIDTH="143" HEIGHT="22" WC="0.96" CONTENT="betänkandet"/><SP WIDTH="18" VPOS="1145" HPOS="626"/>
							<String ID="string_285" HPOS="644" VPOS="1145" WIDTH="77" HEIGHT="28" WC="0.96" CONTENT="fogade"/><SP WIDTH="15" VPOS="1145" HPOS="721"/>
							<String ID="string_286" HPOS="736" VPOS="1145" WIDTH="167" HEIGHT="26" WC="0.96" CONTENT="reservationen,"/>
						</TextLine>
						<TextLine ID="line_31" HPOS="79" VPOS="1173" WIDTH="826" HEIGHT="29">
							<String ID="string_287" HPOS="79" VPOS="1174" WIDTH="49" HEIGHT="21" WC="0.95" CONTENT="med"/><SP WIDTH="20" VPOS="1174" HPOS="128"/>
							<String ID="string_288" HPOS="148" VPOS="1174" WIDTH="36" HEIGHT="21" WC="0.96" CONTENT="det"/><SP WIDTH="20" VPOS="1174" HPOS="184"/>
							<String ID="string_289" HPOS="204" VPOS="1174" WIDTH="28" HEIGHT="27" WC="0.94" CONTENT="af"/><SP WIDTH="17" VPOS="1174" HPOS="232"/>
							<String ID="string_290" HPOS="249" VPOS="1174" WIDTH="27" HEIGHT="21" WC="0.90" CONTENT="hr"/><SP WIDTH="22" VPOS="1174" HPOS="276"/>
							<String ID="string_291" HPOS="298" VPOS="1173" WIDTH="93" HEIGHT="22" WC="0.90" CONTENT="Berneri"/><SP WIDTH="21" VPOS="1173" HPOS="391"/>
							<String ID="string_292" HPOS="412" VPOS="1174" WIDTH="76" HEIGHT="21" WC="0.95" CONTENT="därtill"/><SP WIDTH="20" VPOS="1174" HPOS="488"/>
							<String ID="string_293" HPOS="508" VPOS="1175" WIDTH="126" HEIGHT="27" WC="0.96" CONTENT="föreslagna"/><SP WIDTH="16" VPOS="1175" HPOS="634"/>
							<String ID="string_294" HPOS="650" VPOS="1174" WIDTH="81" HEIGHT="27" WC="0.96" CONTENT="tillägg,"/><SP WIDTH="16" VPOS="1174" HPOS="731"/>
							<String ID="string_295" HPOS="747" VPOS="1175" WIDTH="59" HEIGHT="20" WC="0.96" CONTENT="rösta"/><SP WIDTH="10" VPOS="1175" HPOS="806"/>
							<String ID="string_296" HPOS="816" VPOS="1173" WIDTH="41" HEIGHT="28" WC="0.95" CONTENT="ja;"/><SP WIDTH="16" VPOS="1173" HPOS="857"/>
							<String ID="string_297" HPOS="873" VPOS="1173" WIDTH="32" HEIGHT="27" WC="0.96" CONTENT="de,"/>
						</TextLine>
						<TextLine ID="line_32" HPOS="80" VPOS="1202" WIDTH="303" HEIGHT="27">
							<String ID="string_298" HPOS="80" VPOS="1203" WIDTH="35" HEIGHT="21" WC="0.96" CONTENT="det"/><SP WIDTH="13" VPOS="1203" HPOS="115"/>
							<String ID="string_299" HPOS="128" VPOS="1202" WIDTH="45" HEIGHT="21" WC="0.96" CONTENT="icke"/><SP WIDTH="13" VPOS="1202" HPOS="173"/>
							<String ID="string_300" HPOS="186" VPOS="1205" WIDTH="60" HEIGHT="24" WC="0.96" CONTENT="göra,"/><SP WIDTH="15" VPOS="1205" HPOS="246"/>
							<String ID="string_301" HPOS="261" VPOS="1204" WIDTH="59" HEIGHT="19" WC="0.95" CONTENT="rösta"/><SP WIDTH="14" VPOS="1204" HPOS="320"/>
							<String ID="string_302" HPOS="334" VPOS="1202" WIDTH="49" HEIGHT="27" WC="0.92" CONTENT="nej;"/>
						</TextLine>
					</TextBlock>
					<TextBlock ID="block_6" HPOS="79" VPOS="1230" WIDTH="826" HEIGHT="57">
						<TextLine ID="line_33" HPOS="148" VPOS="1230" WIDTH="757" HEIGHT="29">
							<String ID="string_303" HPOS="148" VPOS="1231" WIDTH="80" HEIGHT="21" WC="0.95" CONTENT="vinner"/><SP WIDTH="21" VPOS="1231" HPOS="228"/>
							<String ID="string_304" HPOS="249" VPOS="1231" WIDTH="41" HEIGHT="26" WC="0.96" CONTENT="nej,"/><SP WIDTH="16" VPOS="1231" HPOS="290"/>
							<String ID="string_305" HPOS="306" VPOS="1231" WIDTH="42" HEIGHT="21" WC="0.93" CONTENT="har"/><SP WIDTH="15" VPOS="1231" HPOS="348"/>
							<String ID="string_306" HPOS="363" VPOS="1230" WIDTH="175" HEIGHT="29" WC="0.89" CONTENT="borgareståndet"/><SP WIDTH="14" VPOS="1230" HPOS="538"/>
							<String ID="string_307" HPOS="552" VPOS="1231" WIDTH="10" HEIGHT="20" WC="0.95" CONTENT="i"/><SP WIDTH="14" VPOS="1231" HPOS="562"/>
							<String ID="string_308" HPOS="576" VPOS="1231" WIDTH="82" HEIGHT="21" WC="0.96" CONTENT="sådant"/><SP WIDTH="14" VPOS="1231" HPOS="658"/>
							<String ID="string_309" HPOS="672" VPOS="1231" WIDTH="100" HEIGHT="28" WC="0.96" CONTENT="afseende"/><SP WIDTH="12" VPOS="1231" HPOS="772"/>
							<String ID="string_310" HPOS="784" VPOS="1230" WIDTH="121" HEIGHT="28" WC="0.96" CONTENT="föredragit"/>
						</TextLine>
						<TextLine ID="line_34" HPOS="79" VPOS="1259" WIDTH="242" HEIGHT="28">
							<String ID="string_311" HPOS="79" VPOS="1260" WIDTH="28" HEIGHT="21" WC="0.93" CONTENT="hr"/><SP WIDTH="13" VPOS="1260" HPOS="107"/>
							<String ID="string_312" HPOS="120" VPOS="1259" WIDTH="97" HEIGHT="28" WC="0.92" CONTENT="Nystens"/><SP WIDTH="15" VPOS="1259" HPOS="217"/>
							<String ID="string_313" HPOS="232" VPOS="1259" WIDTH="89" HEIGHT="28" WC="0.96" CONTENT="förslag."/>
						</TextLine>
					</TextBlock>
				</ComposedBlock>
				<ComposedBlock ID="cblock_7" HPOS="80" VPOS="1315" WIDTH="824" HEIGHT="56">
					<TextBlock ID="block_7" HPOS="80" VPOS="1315" WIDTH="824" HEIGHT="56">
						<TextLine ID="line_35" HPOS="148" VPOS="1315" WIDTH="756" HEIGHT="28">
							<String ID="string_314" HPOS="148" VPOS="1315" WIDTH="161" HEIGHT="28" WC="0.96" CONTENT="Propositionen"/><SP WIDTH="15" VPOS="1315" HPOS="309"/>
							<String ID="string_315" HPOS="324" VPOS="1315" WIDTH="126" HEIGHT="22" WC="0.96" CONTENT="besvarades"/><SP WIDTH="15" VPOS="1315" HPOS="450"/>
							<String ID="string_316" HPOS="465" VPOS="1316" WIDTH="47" HEIGHT="21" WC="0.93" CONTENT="med"/><SP WIDTH="12" VPOS="1316" HPOS="512"/>
							<String ID="string_317" HPOS="524" VPOS="1316" WIDTH="155" HEIGHT="27" WC="0.92" CONTENT="öfvervägande"/><SP WIDTH="11" VPOS="1316" HPOS="679"/>
							<String ID="string_318" HPOS="690" VPOS="1317" WIDTH="27" HEIGHT="26" WC="0.96" CONTENT="ja,"/><SP WIDTH="11" VPOS="1317" HPOS="717"/>
							<String ID="string_319" HPOS="728" VPOS="1316" WIDTH="30" HEIGHT="21" WC="0.96" CONTENT="till"/><SP WIDTH="11" VPOS="1316" HPOS="758"/>
							<String ID="string_320" HPOS="769" VPOS="1315" WIDTH="52" HEIGHT="28" WC="0.96" CONTENT="följd"/><SP WIDTH="10" VPOS="1315" HPOS="821"/>
							<String ID="string_321" HPOS="831" VPOS="1315" WIDTH="73" HEIGHT="22" WC="0.92" CONTENT="hvaraf"/>
						</TextLine>
						<TextLine ID="line_36" HPOS="80" VPOS="1344" WIDTH="751" HEIGHT="27">
							<String ID="string_322" HPOS="80" VPOS="1344" WIDTH="42" HEIGHT="21" WC="0.96" CONTENT="den"/><SP WIDTH="14" VPOS="1344" HPOS="122"/>
							<String ID="string_323" HPOS="136" VPOS="1344" WIDTH="86" HEIGHT="27" WC="0.93" CONTENT="slutliga"/><SP WIDTH="15" VPOS="1344" HPOS="222"/>
							<String ID="string_324" HPOS="237" VPOS="1344" WIDTH="297" HEIGHT="27" WC="0.91" CONTENT="omröstningspropositionen"/><SP WIDTH="16" VPOS="1344" HPOS="534"/>
							<String ID="string_325" HPOS="550" VPOS="1345" WIDTH="66" HEIGHT="20" WC="0.95" CONTENT="erhöll"/><SP WIDTH="15" VPOS="1345" HPOS="616"/>
							<String ID="string_326" HPOS="631" VPOS="1344" WIDTH="93" HEIGHT="27" WC="0.96" CONTENT="följande"/><SP WIDTH="15" VPOS="1344" HPOS="724"/>
							<String ID="string_327" HPOS="739" VPOS="1344" WIDTH="92" HEIGHT="27" WC="0.95" CONTENT="lydelse:"/>
						</TextLine>
					</TextBlock>
				</ComposedBlock>
				<ComposedBlock ID="cblock_8" HPOS="79" VPOS="1400" WIDTH="829" HEIGHT="140">
					<TextBlock ID="block_8" HPOS="79" VPOS="1400" WIDTH="824" HEIGHT="56">
						<TextLine ID="line_37" HPOS="149" VPOS="1400" WIDTH="754" HEIGHT="29">
							<String ID="string_328" HPOS="149" VPOS="1401" WIDTH="39" HEIGHT="24" WC="0.95" CONTENT="De,"/><SP WIDTH="24" VPOS="1401" HPOS="188"/>
							<String ID="string_329" HPOS="212" VPOS="1401" WIDTH="75" HEIGHT="20" WC="0.96" CONTENT="hvilka"/><SP WIDTH="13" VPOS="1401" HPOS="287"/>
							<String ID="string_330" HPOS="300" VPOS="1401" WIDTH="118" HEIGHT="26" WC="0.96" CONTENT="godkänna"/><SP WIDTH="13" VPOS="1401" HPOS="418"/>
							<String ID="string_331" HPOS="431" VPOS="1401" WIDTH="113" HEIGHT="20" WC="0.96" CONTENT="utskottets"/><SP WIDTH="15" VPOS="1401" HPOS="544"/>
							<String ID="string_332" HPOS="559" VPOS="1401" WIDTH="83" HEIGHT="27" WC="0.96" CONTENT="förslag"/><SP WIDTH="15" VPOS="1401" HPOS="642"/>
							<String ID="string_333" HPOS="657" VPOS="1400" WIDTH="36" HEIGHT="21" WC="0.96" CONTENT="till"/><SP WIDTH="15" VPOS="1400" HPOS="693"/>
							<String ID="string_334" HPOS="708" VPOS="1401" WIDTH="78" HEIGHT="28" WC="0.95" CONTENT="lydelse"/><SP WIDTH="15" VPOS="1401" HPOS="786"/>
							<String ID="string_335" HPOS="801" VPOS="1401" WIDTH="36" HEIGHT="27" WC="0.96" CONTENT="för"/><SP WIDTH="17" VPOS="1401" HPOS="837"/>
							<String ID="string_336" HPOS="854" VPOS="1401" WIDTH="14" HEIGHT="20" WC="0.93" CONTENT="2"/><SP WIDTH="14" VPOS="1401" HPOS="868"/>
							<String ID="string_337" HPOS="882" VPOS="1401" WIDTH="21" HEIGHT="27" WC="0.92" CONTENT="$,"/>
						</TextLine>
						<TextLine ID="line_38" HPOS="79" VPOS="1429" WIDTH="478" HEIGHT="27">
							<String ID="string_338" HPOS="79" VPOS="1431" WIDTH="59" HEIGHT="18" WC="0.96" CONTENT="rösta"/><SP WIDTH="10" VPOS="1431" HPOS="138"/>
							<String ID="string_339" HPOS="148" VPOS="1429" WIDTH="40" HEIGHT="27" WC="0.96" CONTENT="ja;"/><SP WIDTH="17" VPOS="1429" HPOS="188"/>
							<String ID="string_340" HPOS="205" VPOS="1429" WIDTH="31" HEIGHT="26" WC="0.96" CONTENT="de,"/><SP WIDTH="16" VPOS="1429" HPOS="236"/>
							<String ID="string_341" HPOS="252" VPOS="1429" WIDTH="35" HEIGHT="20" WC="0.96" CONTENT="det"/><SP WIDTH="13" VPOS="1429" HPOS="287"/>
							<String ID="string_342" HPOS="300" VPOS="1429" WIDTH="45" HEIGHT="20" WC="0.96" CONTENT="icke"/><SP WIDTH="13" VPOS="1429" HPOS="345"/>
							<String ID="string_343" HPOS="358" VPOS="1431" WIDTH="60" HEIGHT="24" WC="0.96" CONTENT="göra,"/><SP WIDTH="16" VPOS="1431" HPOS="418"/>
							<String ID="string_344" HPOS="434" VPOS="1431" WIDTH="59" HEIGHT="18" WC="0.96" CONTENT="rösta"/><SP WIDTH="15" VPOS="1431" HPOS="493"/>
							<String ID="string_345" HPOS="508" VPOS="1429" WIDTH="49" HEIGHT="26" WC="0.86" CONTENT="nej;"/>
						</TextLine>
					</TextBlock>
					<TextBlock ID="block_9" HPOS="79" VPOS="1456" WIDTH="829" HEIGHT="84">
						<TextLine ID="line_39" HPOS="148" VPOS="1456" WIDTH="756" HEIGHT="27">
							<String ID="string_346" HPOS="148" VPOS="1457" WIDTH="80" HEIGHT="20" WC="0.96" CONTENT="vinner"/><SP WIDTH="22" VPOS="1457" HPOS="228"/>
							<String ID="string_347" HPOS="250" VPOS="1457" WIDTH="41" HEIGHT="26" WC="0.96" CONTENT="nej,"/><SP WIDTH="23" VPOS="1457" HPOS="291"/>
							<String ID="string_348" HPOS="314" VPOS="1457" WIDTH="42" HEIGHT="20" WC="0.93" CONTENT="har"/><SP WIDTH="21" VPOS="1457" HPOS="356"/>
							<String ID="string_349" HPOS="377" VPOS="1456" WIDTH="175" HEIGHT="27" WC="0.91" CONTENT="borgareståndet"/><SP WIDTH="14" VPOS="1456" HPOS="552"/>
							<String ID="string_350" HPOS="566" VPOS="1456" WIDTH="36" HEIGHT="27" WC="0.96" CONTENT="för"/><SP WIDTH="11" VPOS="1456" HPOS="602"/>
							<String ID="string_351" HPOS="613" VPOS="1457" WIDTH="137" HEIGHT="26" WC="0.96" CONTENT="paragrafen"/><SP WIDTH="12" VPOS="1457" HPOS="750"/>
							<String ID="string_352" HPOS="762" VPOS="1456" WIDTH="87" HEIGHT="27" WC="0.96" CONTENT="antagit"/><SP WIDTH="13" VPOS="1456" HPOS="849"/>
							<String ID="string_353" HPOS="862" VPOS="1457" WIDTH="42" HEIGHT="20" WC="0.96" CONTENT="den"/>
						</TextLine>
						<TextLine ID="line_40" HPOS="80" VPOS="1483" WIDTH="828" HEIGHT="29">
							<String ID="string_354" HPOS="80" VPOS="1484" WIDTH="84" HEIGHT="28" WC="0.95" CONTENT="lydelse,"/><SP WIDTH="22" VPOS="1484" HPOS="164"/>
							<String ID="string_355" HPOS="186" VPOS="1491" WIDTH="47" HEIGHT="15" WC="0.96" CONTENT="som"/><SP WIDTH="14" VPOS="1491" HPOS="233"/>
							<String ID="string_356" HPOS="247" VPOS="1485" WIDTH="124" HEIGHT="26" WC="0.94" CONTENT="föreslagits"/><SP WIDTH="15" VPOS="1485" HPOS="371"/>
							<String ID="string_357" HPOS="386" VPOS="1485" WIDTH="34" HEIGHT="20" WC="0.96" CONTENT="utv"/><SP WIDTH="14" VPOS="1485" HPOS="420"/>
							<String ID="string_358" HPOS="434" VPOS="1485" WIDTH="42" HEIGHT="20" WC="0.96" CONTENT="den"/><SP WIDTH="15" VPOS="1485" HPOS="476"/>
							<String ID="string_359" HPOS="491" VPOS="1485" WIDTH="78" HEIGHT="25" WC="0.96" CONTENT="sjunde"/><SP WIDTH="15" VPOS="1485" HPOS="569"/>
							<String ID="string_360" HPOS="584" VPOS="1484" WIDTH="167" HEIGHT="26" WC="0.95" CONTENT="reservationen,"/><SP WIDTH="16" VPOS="1484" HPOS="751"/>
							<String ID="string_361" HPOS="767" VPOS="1485" WIDTH="49" HEIGHT="20" WC="0.96" CONTENT="med"/><SP WIDTH="14" VPOS="1485" HPOS="816"/>
							<String ID="string_362" HPOS="830" VPOS="1484" WIDTH="35" HEIGHT="21" WC="0.96" CONTENT="det"/><SP WIDTH="14" VPOS="1484" HPOS="865"/>
							<String ID="string_363" HPOS="879" VPOS="1483" WIDTH="29" HEIGHT="28" WC="0.96" CONTENT="af"/>
						</TextLine>
						<TextLine ID="line_41" HPOS="79" VPOS="1512" WIDTH="461" HEIGHT="28">
							<String ID="string_364" HPOS="79" VPOS="1512" WIDTH="28" HEIGHT="22" WC="0.91" CONTENT="hr"/><SP WIDTH="13" VPOS="1512" HPOS="107"/>
							<String ID="string_365" HPOS="120" VPOS="1512" WIDTH="94" HEIGHT="22" WC="0.92" CONTENT="Berneri"/><SP WIDTH="14" VPOS="1512" HPOS="214"/>
							<String ID="string_366" HPOS="228" VPOS="1512" WIDTH="76" HEIGHT="22" WC="0.96" CONTENT="därtill"/><SP WIDTH="14" VPOS="1512" HPOS="304"/>
							<String ID="string_367" HPOS="318" VPOS="1513" WIDTH="125" HEIGHT="27" WC="0.96" CONTENT="föreslagna"/><SP WIDTH="16" VPOS="1513" HPOS="443"/>
							<String ID="string_368" HPOS="459" VPOS="1512" WIDTH="81" HEIGHT="28" WC="0.96" CONTENT="tillägg."/>
						</TextLine>
					</TextBlock>
				</ComposedBlock>
			</PrintSpace>
		</Page>
	</Layout>
</alto>
