<?xml version="1.0" encoding="UTF-8"?>
<alto xmlns="http://www.loc.gov/standards/alto/ns-v3#" xmlns:xlink="http://www.w3.org/1999/xlink" xmlns:xsi="http://www.w3.org/2001/XMLSchema-instance" xsi:schemaLocation="http://www.loc.gov/standards/alto/ns-v3# http://www.loc.gov/alto/v3/alto-3-0.xsd">
	<Description>
		<MeasurementUnit>pixel</MeasurementUnit>
		<sourceImageInformation>
			<fileName>/tmp/tess_24xon59s_input.PNG</fileName>
		</sourceImageInformation>
		<OCRProcessing ID="OCR_0">
			<ocrProcessingStep>
				<processingSoftware>
					<softwareName>tesseract 5.3.4</softwareName>
				</processingSoftware>
			</ocrProcessingStep>
		</OCRProcessing>
	</Description>
	<Layout>
		<Page WIDTH="1114" HEIGHT="1823" PHYSICAL_IMG_NR="0" ID="page_0">
			<PrintSpace HPOS="0" VPOS="0" WIDTH="1114" HEIGHT="1823">
				<ComposedBlock ID="cblock_0" HPOS="113" VPOS="107" WIDTH="823" HEIGHT="27">
					<TextBlock ID="block_0" HPOS="113" VPOS="107" WIDTH="823" HEIGHT="27">
						<TextLine ID="line_0" HPOS="113" VPOS="107" WIDTH="823" HEIGHT="27">
							<String ID="string_0" HPOS="113" VPOS="112" WIDTH="30" HEIGHT="18" WC="0.90" CONTENT="13"/><SP WIDTH="12" VPOS="112" HPOS="143"/>
							<String ID="string_1" HPOS="155" VPOS="112" WIDTH="47" HEIGHT="21" WC="0.96" CONTENT="maj."/><SP WIDTH="74" VPOS="112" HPOS="202"/>
							<String ID="string_2" HPOS="276" VPOS="109" WIDTH="2" HEIGHT="4" WC="0.67" CONTENT="|"/><SP WIDTH="138" VPOS="109" HPOS="278"/>
							<String ID="string_3" HPOS="416" VPOS="112" WIDTH="221" HEIGHT="22" WC="0.91" CONTENT="Värdshusbetjäning."/><SP WIDTH="246" VPOS="112" HPOS="637"/>
							<String ID="string_4" HPOS="883" VPOS="107" WIDTH="53" HEIGHT="21" WC="0.96" CONTENT="1111"/>
						</TextLine>
					</TextBlock>
				</ComposedBlock>
				<GraphicalElement ID="cblock_1" HPOS="122" VPOS="138" WIDTH="816" HEIGHT="8"></GraphicalElement >
				<ComposedBlock ID="cblock_2" HPOS="116" VPOS="180" WIDTH="821" HEIGHT="199">
					<TextBlock ID="block_1" HPOS="116" VPOS="180" WIDTH="821" HEIGHT="199">
						<TextLine ID="line_1" HPOS="118" VPOS="180" WIDTH="818" HEIGHT="28">
							<String ID="string_5" HPOS="118" VPOS="183" WIDTH="74" HEIGHT="18" WC="0.96" CONTENT="tuneet"/><SP WIDTH="15" VPOS="183" HPOS="192"/>
							<String ID="string_6" HPOS="207" VPOS="180" WIDTH="74" HEIGHT="21" WC="0.93" CONTENT="heidän"/><SP WIDTH="17" VPOS="180" HPOS="281"/>
							<String ID="string_7" HPOS="298" VPOS="181" WIDTH="244" HEIGHT="26" WC="0.91" CONTENT="työskentelemisestään"/><SP WIDTH="16" VPOS="181" HPOS="542"/>
							<String ID="string_8" HPOS="558" VPOS="181" WIDTH="152" HEIGHT="26" WC="0.96" CONTENT="ravintoloissa,"/><SP WIDTH="15" VPOS="181" HPOS="710"/>
							<String ID="string_9" HPOS="725" VPOS="181" WIDTH="52" HEIGHT="27" WC="0.96" CONTENT="siitä,"/><SP WIDTH="11" VPOS="181" HPOS="777"/>
							<String ID="string_10" HPOS="788" VPOS="181" WIDTH="97" HEIGHT="21" WC="0.96" CONTENT="niinkuin"/><SP WIDTH="11" VPOS="181" HPOS="885"/>
							<String ID="string_11" HPOS="896" VPOS="181" WIDTH="40" HEIGHT="21" WC="0.97" CONTENT="hän"/>
						</TextLine>
						<TextLine ID="line_2" HPOS="118" VPOS="209" WIDTH="819" HEIGHT="28">
							<String ID="string_12" HPOS="118" VPOS="215" WIDTH="72" HEIGHT="21" WC="0.92" CONTENT="sanoo,"/><SP WIDTH="26" VPOS="215" HPOS="190"/>
							<String ID="string_13" HPOS="216" VPOS="209" WIDTH="176" HEIGHT="28" WC="0.90" CONTENT="epäsiveellisestä"/><SP WIDTH="26" VPOS="209" HPOS="392"/>
							<String ID="string_14" HPOS="418" VPOS="210" WIDTH="89" HEIGHT="25" WC="0.95" CONTENT="ilmasta,"/><SP WIDTH="24" VPOS="210" HPOS="507"/>
							<String ID="string_15" HPOS="531" VPOS="211" WIDTH="43" HEIGHT="26" WC="0.96" CONTENT="jota"/><SP WIDTH="24" VPOS="211" HPOS="574"/>
							<String ID="string_16" HPOS="598" VPOS="210" WIDTH="26" HEIGHT="21" WC="0.96" CONTENT="he"/><SP WIDTH="24" VPOS="210" HPOS="624"/>
							<String ID="string_17" HPOS="648" VPOS="209" WIDTH="60" HEIGHT="22" WC="0.96" CONTENT="siellä"/><SP WIDTH="24" VPOS="209" HPOS="708"/>
							<String ID="string_18" HPOS="732" VPOS="212" WIDTH="72" HEIGHT="19" WC="0.96" CONTENT="saavat"/><SP WIDTH="21" VPOS="212" HPOS="804"/>
							<String ID="string_19" HPOS="825" VPOS="210" WIDTH="112" HEIGHT="27" WC="0.96" CONTENT="hengittää."/>
						</TextLine>
						<TextLine ID="line_3" HPOS="119" VPOS="237" WIDTH="818" HEIGHT="28">
							<String ID="string_20" HPOS="119" VPOS="237" WIDTH="92" HEIGHT="21" WC="0.96" CONTENT="Minusta"/><SP WIDTH="22" VPOS="237" HPOS="211"/>
							<String ID="string_21" HPOS="233" VPOS="240" WIDTH="39" HEIGHT="24" WC="0.96" CONTENT="nyt"/><SP WIDTH="21" VPOS="240" HPOS="272"/>
							<String ID="string_22" HPOS="293" VPOS="238" WIDTH="20" HEIGHT="20" WC="0.96" CONTENT="ei"/><SP WIDTH="22" VPOS="238" HPOS="313"/>
							<String ID="string_23" HPOS="335" VPOS="237" WIDTH="33" HEIGHT="22" WC="0.96" CONTENT="ole"/><SP WIDTH="22" VPOS="237" HPOS="368"/>
							<String ID="string_24" HPOS="390" VPOS="238" WIDTH="161" HEIGHT="21" WC="0.96" CONTENT="minkäänlaista"/><SP WIDTH="19" VPOS="238" HPOS="551"/>
							<String ID="string_25" HPOS="570" VPOS="240" WIDTH="62" HEIGHT="25" WC="0.96" CONTENT="syytä"/><SP WIDTH="18" VPOS="240" HPOS="632"/>
							<String ID="string_26" HPOS="650" VPOS="238" WIDTH="74" HEIGHT="27" WC="0.96" CONTENT="epäillä"/><SP WIDTH="15" VPOS="238" HPOS="724"/>
							<String ID="string_27" HPOS="739" VPOS="239" WIDTH="85" HEIGHT="20" WC="0.96" CONTENT="etteivät"/><SP WIDTH="15" VPOS="239" HPOS="824"/>
							<String ID="string_28" HPOS="839" VPOS="239" WIDTH="36" HEIGHT="20" WC="0.93" CONTENT="hra"/><SP WIDTH="16" VPOS="239" HPOS="875"/>
							<String ID="string_29" HPOS="891" VPOS="238" WIDTH="46" HEIGHT="21" WC="0.93" CONTENT="Gri-"/>
						</TextLine>
						<TextLine ID="line_4" HPOS="118" VPOS="266" WIDTH="818" HEIGHT="28">
							<String ID="string_30" HPOS="118" VPOS="266" WIDTH="116" HEIGHT="27" WC="0.92" CONTENT="penbergin"/><SP WIDTH="16" VPOS="266" HPOS="234"/>
							<String ID="string_31" HPOS="250" VPOS="266" WIDTH="136" HEIGHT="21" WC="0.92" CONTENT="tiedonannot"/><SP WIDTH="16" VPOS="266" HPOS="386"/>
							<String ID="string_32" HPOS="402" VPOS="266" WIDTH="45" HEIGHT="21" WC="0.96" CONTENT="olisi"/><SP WIDTH="16" VPOS="266" HPOS="447"/>
							<String ID="string_33" HPOS="463" VPOS="267" WIDTH="75" HEIGHT="26" WC="0.96" CONTENT="oikeat,"/><SP WIDTH="15" VPOS="267" HPOS="538"/>
							<String ID="string_34" HPOS="553" VPOS="267" WIDTH="22" HEIGHT="27" WC="0.96" CONTENT="ja"/><SP WIDTH="13" VPOS="267" HPOS="575"/>
							<String ID="string_35" HPOS="588" VPOS="267" WIDTH="34" HEIGHT="27" WC="0.96" CONTENT="jos"/><SP WIDTH="14" VPOS="267" HPOS="622"/>
							<String ID="string_36" HPOS="636" VPOS="273" WIDTH="27" HEIGHT="14" WC="0.96" CONTENT="ne"/><SP WIDTH="15" VPOS="273" HPOS="663"/>
							<String ID="string_37" HPOS="678" VPOS="269" WIDTH="44" HEIGHT="18" WC="0.96" CONTENT="taas"/><SP WIDTH="16" VPOS="269" HPOS="722"/>
							<String ID="string_38" HPOS="738" VPOS="269" WIDTH="48" HEIGHT="18" WC="0.96" CONTENT="ovat"/><SP WIDTH="15" VPOS="269" HPOS="786"/>
							<String ID="string_39" HPOS="801" VPOS="267" WIDTH="75" HEIGHT="26" WC="0.96" CONTENT="oikeat,"/><SP WIDTH="15" VPOS="267" HPOS="876"/>
							<String ID="string_40" HPOS="891" VPOS="267" WIDTH="45" HEIGHT="20" WC="0.96" CONTENT="niin"/>
						</TextLine>
						<TextLine ID="line_5" HPOS="118" VPOS="294" WIDTH="818" HEIGHT="29">
							<String ID="string_41" HPOS="118" VPOS="300" WIDTH="27" HEIGHT="15" WC="0.96" CONTENT="ne"/><SP WIDTH="15" VPOS="300" HPOS="145"/>
							<String ID="string_42" HPOS="160" VPOS="294" WIDTH="124" HEIGHT="21" WC="0.96" CONTENT="kerrassaan"/><SP WIDTH="14" VPOS="294" HPOS="284"/>
							<String ID="string_43" HPOS="298" VPOS="295" WIDTH="114" HEIGHT="20" WC="0.96" CONTENT="kumoavat"/><SP WIDTH="14" VPOS="295" HPOS="412"/>
							<String ID="string_44" HPOS="426" VPOS="295" WIDTH="38" HEIGHT="20" WC="0.93" CONTENT="hra"/><SP WIDTH="10" VPOS="295" HPOS="464"/>
							<String ID="string_45" HPOS="474" VPOS="294" WIDTH="162" HEIGHT="29" WC="0.92" CONTENT="Heimbergerin"/><SP WIDTH="11" VPOS="294" HPOS="636"/>
							<String ID="string_46" HPOS="647" VPOS="295" WIDTH="90" HEIGHT="21" WC="0.96" CONTENT="väitteen"/><SP WIDTH="16" VPOS="295" HPOS="737"/>
							<String ID="string_47" HPOS="753" VPOS="297" WIDTH="42" HEIGHT="19" WC="0.96" CONTENT="että"/><SP WIDTH="10" VPOS="297" HPOS="795"/>
							<String ID="string_48" HPOS="805" VPOS="297" WIDTH="36" HEIGHT="18" WC="0.97" CONTENT="tuo"/><SP WIDTH="10" VPOS="297" HPOS="841"/>
							<String ID="string_49" HPOS="851" VPOS="295" WIDTH="85" HEIGHT="27" WC="0.96" CONTENT="poliisin"/>
						</TextLine>
						<TextLine ID="line_6" HPOS="117" VPOS="323" WIDTH="818" HEIGHT="26">
							<String ID="string_50" HPOS="117" VPOS="323" WIDTH="22" HEIGHT="26" WC="0.96" CONTENT="ja"/><SP WIDTH="14" VPOS="323" HPOS="139"/>
							<String ID="string_51" HPOS="153" VPOS="323" WIDTH="82" HEIGHT="26" WC="0.96" CONTENT="yleisön"/><SP WIDTH="15" VPOS="323" HPOS="235"/>
							<String ID="string_52" HPOS="250" VPOS="323" WIDTH="98" HEIGHT="21" WC="0.96" CONTENT="valvonta"/><SP WIDTH="11" VPOS="323" HPOS="348"/>
							<String ID="string_53" HPOS="359" VPOS="323" WIDTH="69" HEIGHT="21" WC="0.96" CONTENT="näissä"/><SP WIDTH="10" VPOS="323" HPOS="428"/>
							<String ID="string_54" HPOS="438" VPOS="323" WIDTH="146" HEIGHT="22" WC="0.96" CONTENT="ravintoloissa"/><SP WIDTH="10" VPOS="323" HPOS="584"/>
							<String ID="string_55" HPOS="594" VPOS="323" WIDTH="114" HEIGHT="22" WC="0.97" CONTENT="todellakin"/><SP WIDTH="11" VPOS="323" HPOS="708"/>
							<String ID="string_56" HPOS="719" VPOS="329" WIDTH="26" HEIGHT="15" WC="0.97" CONTENT="on"/><SP WIDTH="12" VPOS="329" HPOS="745"/>
							<String ID="string_57" HPOS="757" VPOS="323" WIDTH="92" HEIGHT="21" WC="0.96" CONTENT="tehokas."/><SP WIDTH="16" VPOS="323" HPOS="849"/>
							<String ID="string_58" HPOS="865" VPOS="323" WIDTH="70" HEIGHT="21" WC="0.96" CONTENT="Kuten"/>
						</TextLine>
						<TextLine ID="line_7" HPOS="116" VPOS="351" WIDTH="665" HEIGHT="28">
							<String ID="string_59" HPOS="116" VPOS="351" WIDTH="82" HEIGHT="28" WC="0.96" CONTENT="sanoin,"/><SP WIDTH="12" VPOS="351" HPOS="198"/>
							<String ID="string_60" HPOS="210" VPOS="351" WIDTH="57" HEIGHT="21" WC="0.96" CONTENT="minä"/><SP WIDTH="15" VPOS="351" HPOS="267"/>
							<String ID="string_61" HPOS="282" VPOS="352" WIDTH="86" HEIGHT="27" WC="0.96" CONTENT="pyydän"/><SP WIDTH="15" VPOS="352" HPOS="368"/>
							<String ID="string_62" HPOS="383" VPOS="351" WIDTH="113" HEIGHT="22" WC="0.96" CONTENT="kannattaa"/><SP WIDTH="15" VPOS="351" HPOS="496"/>
							<String ID="string_63" HPOS="511" VPOS="352" WIDTH="141" HEIGHT="21" WC="0.96" CONTENT="valiokunnan"/><SP WIDTH="16" VPOS="352" HPOS="652"/>
							<String ID="string_64" HPOS="668" VPOS="352" WIDTH="113" HEIGHT="21" WC="0.96" CONTENT="mietintöä."/>
						</TextLine>
					</TextBlock>
				</ComposedBlock>
				<ComposedBlock ID="cblock_3" HPOS="112" VPOS="407" WIDTH="823" HEIGHT="964">
					<TextBlock ID="block_2" HPOS="112" VPOS="407" WIDTH="823" HEIGHT="964">
						<TextLine ID="line_8" HPOS="186" VPOS="407" WIDTH="749" HEIGHT="29">
							<String ID="string_65" HPOS="186" VPOS="408" WIDTH="32" HEIGHT="21" WC="0.96" CONTENT="Hr"/><SP WIDTH="15" VPOS="408" HPOS="218"/>
							<String ID="string_66" HPOS="233" VPOS="407" WIDTH="144" HEIGHT="22" WC="0.96" CONTENT="Sundvall:"/><SP WIDTH="30" VPOS="407" HPOS="377"/>
							<String ID="string_67" HPOS="407" VPOS="408" WIDTH="42" HEIGHT="27" WC="0.96" CONTENT="Jag"/><SP WIDTH="14" VPOS="408" HPOS="449"/>
							<String ID="string_68" HPOS="463" VPOS="409" WIDTH="38" HEIGHT="20" WC="0.93" CONTENT="hör"/><SP WIDTH="15" VPOS="409" HPOS="501"/>
							<String ID="string_69" HPOS="516" VPOS="409" WIDTH="122" HEIGHT="27" WC="0.92" CONTENT="visserligen"/><SP WIDTH="15" VPOS="409" HPOS="638"/>
							<String ID="string_70" HPOS="653" VPOS="409" WIDTH="47" HEIGHT="20" WC="0.92" CONTENT="icke"/><SP WIDTH="15" VPOS="409" HPOS="700"/>
							<String ID="string_71" HPOS="715" VPOS="408" WIDTH="31" HEIGHT="21" WC="0.96" CONTENT="till"/><SP WIDTH="15" VPOS="408" HPOS="746"/>
							<String ID="string_72" HPOS="761" VPOS="409" WIDTH="54" HEIGHT="24" WC="0.96" CONTENT="dem,"/><SP WIDTH="12" VPOS="409" HPOS="815"/>
							<String ID="string_73" HPOS="827" VPOS="415" WIDTH="46" HEIGHT="14" WC="0.93" CONTENT="som"/><SP WIDTH="12" VPOS="415" HPOS="873"/>
							<String ID="string_74" HPOS="885" VPOS="415" WIDTH="50" HEIGHT="15" WC="0.91" CONTENT="anse"/>
						</TextLine>
						<TextLine ID="line_9" HPOS="117" VPOS="437" WIDTH="818" HEIGHT="27">
							<String ID="string_75" HPOS="117" VPOS="438" WIDTH="30" HEIGHT="19" WC="0.93" CONTENT="att"/><SP WIDTH="22" VPOS="438" HPOS="147"/>
							<String ID="string_76" HPOS="169" VPOS="437" WIDTH="71" HEIGHT="27" WC="0.92" CONTENT="hvarje"/><SP WIDTH="24" VPOS="437" HPOS="240"/>
							<String ID="string_77" HPOS="264" VPOS="437" WIDTH="112" HEIGHT="27" WC="0.95" CONTENT="lagförslag"/><SP WIDTH="22" VPOS="437" HPOS="376"/>
							<String ID="string_78" HPOS="398" VPOS="437" WIDTH="7" HEIGHT="20" WC="0.91" CONTENT="i"/><SP WIDTH="18" VPOS="437" HPOS="405"/>
							<String ID="string_79" HPOS="423" VPOS="437" WIDTH="127" HEIGHT="22" WC="0.91" CONTENT="humanitärt"/><SP WIDTH="19" VPOS="437" HPOS="550"/>
							<String ID="string_80" HPOS="569" VPOS="437" WIDTH="55" HEIGHT="27" WC="0.93" CONTENT="syfte"/><SP WIDTH="18" VPOS="437" HPOS="624"/>
							<String ID="string_81" HPOS="642" VPOS="437" WIDTH="53" HEIGHT="21" WC="0.92" CONTENT="blott"/><SP WIDTH="14" VPOS="437" HPOS="695"/>
							<String ID="string_82" HPOS="709" VPOS="437" WIDTH="32" HEIGHT="20" WC="0.96" CONTENT="för"/><SP WIDTH="15" VPOS="437" HPOS="741"/>
							<String ID="string_83" HPOS="756" VPOS="438" WIDTH="31" HEIGHT="19" WC="0.93" CONTENT="sin"/><SP WIDTH="17" VPOS="438" HPOS="787"/>
							<String ID="string_84" HPOS="804" VPOS="437" WIDTH="131" HEIGHT="27" WC="0.92" CONTENT="välmenings"/>
						</TextLine>
						<TextLine ID="line_10" HPOS="116" VPOS="465" WIDTH="818" HEIGHT="28">
							<String ID="string_85" HPOS="116" VPOS="465" WIDTH="57" HEIGHT="20" WC="0.95" CONTENT="skull"/><SP WIDTH="22" VPOS="465" HPOS="173"/>
							<String ID="string_86" HPOS="195" VPOS="465" WIDTH="53" HEIGHT="21" WC="0.93" CONTENT="skall"/><SP WIDTH="23" VPOS="465" HPOS="248"/>
							<String ID="string_87" HPOS="271" VPOS="465" WIDTH="64" HEIGHT="21" WC="0.92" CONTENT="blifva"/><SP WIDTH="20" VPOS="465" HPOS="335"/>
							<String ID="string_88" HPOS="355" VPOS="468" WIDTH="89" HEIGHT="25" WC="0.91" CONTENT="antaget."/><SP WIDTH="31" VPOS="468" HPOS="444"/>
							<String ID="string_89" HPOS="475" VPOS="465" WIDTH="73" HEIGHT="22" WC="0.93" CONTENT="Under"/><SP WIDTH="15" VPOS="465" HPOS="548"/>
							<String ID="string_90" HPOS="563" VPOS="465" WIDTH="123" HEIGHT="22" WC="0.92" CONTENT="utöfvandet"/><SP WIDTH="15" VPOS="465" HPOS="686"/>
							<String ID="string_91" HPOS="701" VPOS="466" WIDTH="20" HEIGHT="20" WC="0.93" CONTENT="af"/><SP WIDTH="14" VPOS="466" HPOS="721"/>
							<String ID="string_92" HPOS="735" VPOS="465" WIDTH="199" HEIGHT="28" WC="0.90" CONTENT="landtdagsmanna-"/>
						</TextLine>
						<TextLine ID="line_11" HPOS="117" VPOS="493" WIDTH="817" HEIGHT="28">
							<String ID="string_93" HPOS="117" VPOS="493" WIDTH="64" HEIGHT="22" WC="0.91" CONTENT="kallet"/><SP WIDTH="22" VPOS="493" HPOS="181"/>
							<String ID="string_94" HPOS="203" VPOS="493" WIDTH="37" HEIGHT="22" WC="0.95" CONTENT="har"/><SP WIDTH="19" VPOS="493" HPOS="240"/>
							<String ID="string_95" HPOS="259" VPOS="494" WIDTH="35" HEIGHT="27" WC="0.96" CONTENT="jag"/><SP WIDTH="17" VPOS="494" HPOS="294"/>
							<String ID="string_96" HPOS="311" VPOS="494" WIDTH="54" HEIGHT="21" WC="0.96" CONTENT="varit"/><SP WIDTH="17" VPOS="494" HPOS="365"/>
							<String ID="string_97" HPOS="382" VPOS="495" WIDTH="7" HEIGHT="20" WC="0.92" CONTENT="i"/><SP WIDTH="15" VPOS="495" HPOS="389"/>
							<String ID="string_98" HPOS="404" VPOS="493" WIDTH="82" HEIGHT="22" WC="0.96" CONTENT="tillfälle"/><SP WIDTH="15" VPOS="493" HPOS="486"/>
							<String ID="string_99" HPOS="501" VPOS="496" WIDTH="30" HEIGHT="19" WC="0.96" CONTENT="att"/><SP WIDTH="14" VPOS="496" HPOS="531"/>
							<String ID="string_100" HPOS="545" VPOS="501" WIDTH="23" HEIGHT="14" WC="0.96" CONTENT="se"/><SP WIDTH="15" VPOS="501" HPOS="568"/>
							<String ID="string_101" HPOS="583" VPOS="496" WIDTH="29" HEIGHT="19" WC="0.96" CONTENT="att"/><SP WIDTH="16" VPOS="496" HPOS="612"/>
							<String ID="string_102" HPOS="628" VPOS="501" WIDTH="48" HEIGHT="14" WC="0.93" CONTENT="man"/><SP WIDTH="15" VPOS="501" HPOS="676"/>
							<String ID="string_103" HPOS="691" VPOS="494" WIDTH="130" HEIGHT="21" WC="0.96" CONTENT="missbrukar"/><SP WIDTH="14" VPOS="494" HPOS="821"/>
							<String ID="string_104" HPOS="835" VPOS="495" WIDTH="32" HEIGHT="20" WC="0.93" CONTENT="sin"/><SP WIDTH="16" VPOS="495" HPOS="867"/>
							<String ID="string_105" HPOS="883" VPOS="494" WIDTH="51" HEIGHT="27" WC="0.93" CONTENT="peti-"/>
						</TextLine>
						<TextLine ID="line_12" HPOS="116" VPOS="522" WIDTH="818" HEIGHT="28">
							<String ID="string_106" HPOS="116" VPOS="522" WIDTH="97" HEIGHT="21" WC="0.93" CONTENT="tionsrätt"/><SP WIDTH="22" VPOS="522" HPOS="213"/>
							<String ID="string_107" HPOS="235" VPOS="522" WIDTH="120" HEIGHT="27" WC="0.95" CONTENT="därigenom"/><SP WIDTH="22" VPOS="522" HPOS="355"/>
							<String ID="string_108" HPOS="377" VPOS="524" WIDTH="29" HEIGHT="19" WC="0.95" CONTENT="att"/><SP WIDTH="16" VPOS="524" HPOS="406"/>
							<String ID="string_109" HPOS="422" VPOS="529" WIDTH="48" HEIGHT="14" WC="0.93" CONTENT="man"/><SP WIDTH="17" VPOS="529" HPOS="470"/>
							<String ID="string_110" HPOS="487" VPOS="523" WIDTH="133" HEIGHT="27" WC="0.92" CONTENT="petitionerar"/><SP WIDTH="12" VPOS="523" HPOS="620"/>
							<String ID="string_111" HPOS="632" VPOS="529" WIDTH="33" HEIGHT="14" WC="0.96" CONTENT="om"/><SP WIDTH="17" VPOS="529" HPOS="665"/>
							<String ID="string_112" HPOS="682" VPOS="522" WIDTH="118" HEIGHT="28" WC="0.93" CONTENT="lagförslag,"/><SP WIDTH="15" VPOS="522" HPOS="800"/>
							<String ID="string_113" HPOS="815" VPOS="523" WIDTH="70" HEIGHT="20" WC="0.92" CONTENT="hvilka"/><SP WIDTH="16" VPOS="523" HPOS="885"/>
							<String ID="string_114" HPOS="901" VPOS="523" WIDTH="33" HEIGHT="20" WC="0.96" CONTENT="väl"/>
						</TextLine>
						<TextLine ID="line_13" HPOS="117" VPOS="551" WIDTH="816" HEIGHT="28">
							<String ID="string_115" HPOS="117" VPOS="551" WIDTH="82" HEIGHT="20" WC="0.96" CONTENT="kunnat"/><SP WIDTH="14" VPOS="551" HPOS="199"/>
							<String ID="string_116" HPOS="213" VPOS="557" WIDTH="49" HEIGHT="15" WC="0.96" CONTENT="vara"/><SP WIDTH="15" VPOS="557" HPOS="262"/>
							<String ID="string_117" HPOS="277" VPOS="552" WIDTH="85" HEIGHT="25" WC="0.92" CONTENT="mycket"/><SP WIDTH="15" VPOS="552" HPOS="362"/>
							<String ID="string_118" HPOS="377" VPOS="551" WIDTH="111" HEIGHT="27" WC="0.91" CONTENT="välmenta,"/><SP WIDTH="15" VPOS="551" HPOS="488"/>
							<String ID="string_119" HPOS="503" VPOS="557" WIDTH="48" HEIGHT="15" WC="0.93" CONTENT="men"/><SP WIDTH="16" VPOS="557" HPOS="551"/>
							<String ID="string_120" HPOS="567" VPOS="553" WIDTH="75" HEIGHT="26" WC="0.92" CONTENT="ytterst"/><SP WIDTH="15" VPOS="553" HPOS="642"/>
							<String ID="string_121" HPOS="657" VPOS="557" WIDTH="90" HEIGHT="21" WC="0.92" CONTENT="omogna"/><SP WIDTH="15" VPOS="557" HPOS="747"/>
							<String ID="string_122" HPOS="762" VPOS="551" WIDTH="39" HEIGHT="21" WC="0.93" CONTENT="och"/><SP WIDTH="8" VPOS="551" HPOS="801"/>
							<String ID="string_123" HPOS="809" VPOS="551" WIDTH="124" HEIGHT="27" WC="0.93" CONTENT="opraktiska."/>
						</TextLine>
						<TextLine ID="line_14" HPOS="116" VPOS="579" WIDTH="817" HEIGHT="28">
							<String ID="string_124" HPOS="116" VPOS="579" WIDTH="49" HEIGHT="20" WC="0.95" CONTENT="Man"/><SP WIDTH="24" VPOS="579" HPOS="165"/>
							<String ID="string_125" HPOS="189" VPOS="579" WIDTH="38" HEIGHT="21" WC="0.93" CONTENT="har"/><SP WIDTH="21" VPOS="579" HPOS="227"/>
							<String ID="string_126" HPOS="248" VPOS="579" WIDTH="68" HEIGHT="27" WC="0.96" CONTENT="utgått"/><SP WIDTH="19" VPOS="579" HPOS="316"/>
							<String ID="string_127" HPOS="335" VPOS="579" WIDTH="46" HEIGHT="21" WC="0.96" CONTENT="från"/><SP WIDTH="23" VPOS="579" HPOS="381"/>
							<String ID="string_128" HPOS="404" VPOS="580" WIDTH="41" HEIGHT="20" WC="0.92" CONTENT="den"/><SP WIDTH="22" VPOS="580" HPOS="445"/>
							<String ID="string_129" HPOS="467" VPOS="580" WIDTH="171" HEIGHT="27" WC="0.94" CONTENT="föreställningen"/><SP WIDTH="18" VPOS="580" HPOS="638"/>
							<String ID="string_130" HPOS="656" VPOS="582" WIDTH="31" HEIGHT="18" WC="0.97" CONTENT="att"/><SP WIDTH="15" VPOS="582" HPOS="687"/>
							<String ID="string_131" HPOS="702" VPOS="582" WIDTH="66" HEIGHT="18" WC="0.96" CONTENT="staten"/><SP WIDTH="16" VPOS="582" HPOS="768"/>
							<String ID="string_132" HPOS="784" VPOS="580" WIDTH="68" HEIGHT="21" WC="0.93" CONTENT="skulle"/><SP WIDTH="16" VPOS="580" HPOS="852"/>
							<String ID="string_133" HPOS="868" VPOS="579" WIDTH="65" HEIGHT="21" WC="0.96" CONTENT="måsta"/>
						</TextLine>
						<TextLine ID="line_15" HPOS="115" VPOS="607" WIDTH="818" HEIGHT="28">
							<String ID="string_134" HPOS="115" VPOS="607" WIDTH="72" HEIGHT="22" WC="0.70" CONTENT="utöfva"/><SP WIDTH="19" VPOS="607" HPOS="187"/>
							<String ID="string_135" HPOS="206" VPOS="610" WIDTH="30" HEIGHT="19" WC="0.93" CONTENT="ett"/><SP WIDTH="14" VPOS="610" HPOS="236"/>
							<String ID="string_136" HPOS="250" VPOS="608" WIDTH="174" HEIGHT="27" WC="0.91" CONTENT="förmynderskap"/><SP WIDTH="15" VPOS="608" HPOS="424"/>
							<String ID="string_137" HPOS="439" VPOS="608" WIDTH="59" HEIGHT="21" WC="0.96" CONTENT="öfver"/><SP WIDTH="15" VPOS="608" HPOS="498"/>
							<String ID="string_138" HPOS="513" VPOS="609" WIDTH="46" HEIGHT="20" WC="0.93" CONTENT="sina"/><SP WIDTH="15" VPOS="609" HPOS="559"/>
							<String ID="string_139" HPOS="574" VPOS="608" WIDTH="100" HEIGHT="27" WC="0.96" CONTENT="myndiga"/><SP WIDTH="16" VPOS="608" HPOS="674"/>
							<String ID="string_140" HPOS="690" VPOS="608" WIDTH="141" HEIGHT="21" WC="0.94" CONTENT="medlemmar."/><SP WIDTH="30" VPOS="608" HPOS="831"/>
							<String ID="string_141" HPOS="861" VPOS="608" WIDTH="72" HEIGHT="21" WC="0.94" CONTENT="Staten"/>
						</TextLine>
						<TextLine ID="line_16" HPOS="114" VPOS="636" WIDTH="820" HEIGHT="27">
							<String ID="string_142" HPOS="114" VPOS="636" WIDTH="54" HEIGHT="21" WC="0.96" CONTENT="skall"/><SP WIDTH="16" VPOS="636" HPOS="168"/>
							<String ID="string_143" HPOS="184" VPOS="643" WIDTH="30" HEIGHT="14" WC="0.93" CONTENT="nu"/><SP WIDTH="15" VPOS="643" HPOS="214"/>
							<String ID="string_144" HPOS="229" VPOS="637" WIDTH="123" HEIGHT="26" WC="0.92" CONTENT="visserligen"/><SP WIDTH="15" VPOS="637" HPOS="352"/>
							<String ID="string_145" HPOS="367" VPOS="637" WIDTH="47" HEIGHT="20" WC="0.92" CONTENT="icke"/><SP WIDTH="15" VPOS="637" HPOS="414"/>
							<String ID="string_146" HPOS="429" VPOS="639" WIDTH="50" HEIGHT="24" WC="0.96" CONTENT="göra"/><SP WIDTH="16" VPOS="639" HPOS="479"/>
							<String ID="string_147" HPOS="495" VPOS="637" WIDTH="62" HEIGHT="26" WC="0.96" CONTENT="detta,"/><SP WIDTH="15" VPOS="637" HPOS="557"/>
							<String ID="string_148" HPOS="572" VPOS="643" WIDTH="47" HEIGHT="14" WC="0.96" CONTENT="men"/><SP WIDTH="16" VPOS="643" HPOS="619"/>
							<String ID="string_149" HPOS="635" VPOS="639" WIDTH="69" HEIGHT="18" WC="0.96" CONTENT="staten"/><SP WIDTH="14" VPOS="639" HPOS="704"/>
							<String ID="string_150" HPOS="718" VPOS="637" WIDTH="38" HEIGHT="20" WC="0.96" CONTENT="har"/><SP WIDTH="14" VPOS="637" HPOS="756"/>
							<String ID="string_151" HPOS="770" VPOS="636" WIDTH="120" HEIGHT="27" WC="0.96" CONTENT="skyldighet"/><SP WIDTH="15" VPOS="636" HPOS="890"/>
							<String ID="string_152" HPOS="905" VPOS="638" WIDTH="29" HEIGHT="19" WC="0.96" CONTENT="att"/>
						</TextLine>
						<TextLine ID="line_17" HPOS="113" VPOS="664" WIDTH="820" HEIGHT="28">
							<String ID="string_153" HPOS="113" VPOS="664" WIDTH="84" HEIGHT="27" WC="0.93" CONTENT="skydda"/><SP WIDTH="16" VPOS="664" HPOS="197"/>
							<String ID="string_154" HPOS="213" VPOS="665" WIDTH="171" HEIGHT="26" WC="0.91" CONTENT="medborgarena,"/><SP WIDTH="16" VPOS="665" HPOS="384"/>
							<String ID="string_155" HPOS="400" VPOS="665" WIDTH="54" HEIGHT="21" WC="0.93" CONTENT="dock"/><SP WIDTH="14" VPOS="665" HPOS="454"/>
							<String ID="string_156" HPOS="468" VPOS="665" WIDTH="47" HEIGHT="21" WC="0.96" CONTENT="icke"/><SP WIDTH="15" VPOS="665" HPOS="515"/>
							<String ID="string_157" HPOS="530" VPOS="666" WIDTH="79" HEIGHT="20" WC="0.95" CONTENT="därhän"/><SP WIDTH="15" VPOS="666" HPOS="609"/>
							<String ID="string_158" HPOS="624" VPOS="667" WIDTH="30" HEIGHT="18" WC="0.93" CONTENT="att"/><SP WIDTH="16" VPOS="667" HPOS="654"/>
							<String ID="string_159" HPOS="670" VPOS="665" WIDTH="164" HEIGHT="27" WC="0.92" CONTENT="medborgarena"/><SP WIDTH="15" VPOS="665" HPOS="834"/>
							<String ID="string_160" HPOS="849" VPOS="665" WIDTH="84" HEIGHT="21" WC="0.94" CONTENT="komme"/>
						</TextLine>
						<TextLine ID="line_18" HPOS="114" VPOS="693" WIDTH="819" HEIGHT="28">
							<String ID="string_161" HPOS="114" VPOS="695" WIDTH="30" HEIGHT="18" WC="0.93" CONTENT="att"/><SP WIDTH="15" VPOS="695" HPOS="144"/>
							<String ID="string_162" HPOS="159" VPOS="693" WIDTH="26" HEIGHT="27" WC="0.96" CONTENT="gå"/><SP WIDTH="16" VPOS="693" HPOS="185"/>
							<String ID="string_163" HPOS="201" VPOS="693" WIDTH="47" HEIGHT="21" WC="0.93" CONTENT="med"/><SP WIDTH="16" VPOS="693" HPOS="248"/>
							<String ID="string_164" HPOS="264" VPOS="693" WIDTH="120" HEIGHT="21" WC="0.96" CONTENT="förbundna"/><SP WIDTH="14" VPOS="693" HPOS="384"/>
							<String ID="string_165" HPOS="398" VPOS="695" WIDTH="53" HEIGHT="25" WC="0.95" CONTENT="ögon"/><SP WIDTH="13" VPOS="695" HPOS="451"/>
							<String ID="string_166" HPOS="464" VPOS="693" WIDTH="59" HEIGHT="22" WC="0.95" CONTENT="lifvet"/><SP WIDTH="9" VPOS="693" HPOS="523"/>
							<String ID="string_167" HPOS="532" VPOS="693" WIDTH="90" HEIGHT="28" WC="0.96" CONTENT="igenom."/><SP WIDTH="20" VPOS="693" HPOS="622"/>
							<String ID="string_168" HPOS="642" VPOS="693" WIDTH="62" HEIGHT="21" WC="0.96" CONTENT="Detta"/><SP WIDTH="10" VPOS="693" HPOS="704"/>
							<String ID="string_169" HPOS="714" VPOS="693" WIDTH="67" HEIGHT="27" WC="0.96" CONTENT="gäller"/><SP WIDTH="9" VPOS="693" HPOS="781"/>
							<String ID="string_170" HPOS="790" VPOS="693" WIDTH="26" HEIGHT="21" WC="0.93" CONTENT="de"/><SP WIDTH="11" VPOS="693" HPOS="816"/>
							<String ID="string_171" HPOS="827" VPOS="693" WIDTH="106" HEIGHT="26" WC="0.96" CONTENT="myndiga."/>
						</TextLine>
						<TextLine ID="line_19" HPOS="114" VPOS="721" WIDTH="819" HEIGHT="28">
							<String ID="string_172" HPOS="114" VPOS="721" WIDTH="50" HEIGHT="21" WC="0.96" CONTENT="Men"/><SP WIDTH="21" VPOS="721" HPOS="164"/>
							<String ID="string_173" HPOS="185" VPOS="722" WIDTH="25" HEIGHT="21" WC="0.95" CONTENT="då"/><SP WIDTH="20" VPOS="722" HPOS="210"/>
							<String ID="string_174" HPOS="230" VPOS="722" WIDTH="35" HEIGHT="20" WC="0.96" CONTENT="det"/><SP WIDTH="14" VPOS="722" HPOS="265"/>
							<String ID="string_175" HPOS="279" VPOS="721" WIDTH="66" HEIGHT="35" WC="0.96" CONTENT="gäller"/><SP WIDTH="15" VPOS="721" HPOS="345"/>
							<String ID="string_176" HPOS="360" VPOS="724" WIDTH="78" HEIGHT="19" WC="0.96" CONTENT="statens"/><SP WIDTH="15" VPOS="724" HPOS="438"/>
							<String ID="string_177" HPOS="453" VPOS="721" WIDTH="140" HEIGHT="28" WC="0.96" CONTENT="förpliktelser"/><SP WIDTH="15" VPOS="721" HPOS="593"/>
							<String ID="string_178" HPOS="608" VPOS="724" WIDTH="107" HEIGHT="25" WC="0.96" CONTENT="gentemot"/><SP WIDTH="14" VPOS="724" HPOS="715"/>
							<String ID="string_179" HPOS="729" VPOS="722" WIDTH="127" HEIGHT="27" WC="0.96" CONTENT="ungdomen,"/><SP WIDTH="15" VPOS="722" HPOS="856"/>
							<String ID="string_180" HPOS="871" VPOS="727" WIDTH="62" HEIGHT="15" WC="0.96" CONTENT="anser"/>
						</TextLine>
						<TextLine ID="line_20" HPOS="112" VPOS="749" WIDTH="821" HEIGHT="28">
							<String ID="string_181" HPOS="112" VPOS="750" WIDTH="37" HEIGHT="27" WC="0.96" CONTENT="jag"/><SP WIDTH="20" VPOS="750" HPOS="149"/>
							<String ID="string_182" HPOS="169" VPOS="752" WIDTH="30" HEIGHT="19" WC="0.96" CONTENT="att"/><SP WIDTH="14" VPOS="752" HPOS="199"/>
							<String ID="string_183" HPOS="213" VPOS="752" WIDTH="66" HEIGHT="19" WC="0.96" CONTENT="staten"/><SP WIDTH="16" VPOS="752" HPOS="279"/>
							<String ID="string_184" HPOS="295" VPOS="750" WIDTH="67" HEIGHT="21" WC="0.96" CONTENT="måste"/><SP WIDTH="16" VPOS="750" HPOS="362"/>
							<String ID="string_185" HPOS="378" VPOS="750" WIDTH="84" HEIGHT="32" WC="0.96" CONTENT="vidtaga"/><SP WIDTH="14" VPOS="750" HPOS="462"/>
							<String ID="string_186" HPOS="476" VPOS="750" WIDTH="101" HEIGHT="27" WC="0.96" CONTENT="åtgärder,"/><SP WIDTH="15" VPOS="750" HPOS="577"/>
							<String ID="string_187" HPOS="592" VPOS="750" WIDTH="71" HEIGHT="21" WC="0.96" CONTENT="hvilka"/><SP WIDTH="14" VPOS="750" HPOS="663"/>
							<String ID="string_188" HPOS="677" VPOS="750" WIDTH="46" HEIGHT="21" WC="0.96" CONTENT="icke"/><SP WIDTH="15" VPOS="750" HPOS="723"/>
							<String ID="string_189" HPOS="738" VPOS="749" WIDTH="69" HEIGHT="22" WC="0.96" CONTENT="skulle"/><SP WIDTH="16" VPOS="749" HPOS="807"/>
							<String ID="string_190" HPOS="823" VPOS="757" WIDTH="48" HEIGHT="14" WC="0.93" CONTENT="vara"/><SP WIDTH="16" VPOS="757" HPOS="871"/>
							<String ID="string_191" HPOS="887" VPOS="756" WIDTH="46" HEIGHT="21" WC="0.92" CONTENT="pas-"/>
						</TextLine>
						<TextLine ID="line_21" HPOS="113" VPOS="778" WIDTH="820" HEIGHT="28">
							<String ID="string_192" HPOS="113" VPOS="779" WIDTH="66" HEIGHT="20" WC="0.91" CONTENT="sande"/><SP WIDTH="15" VPOS="779" HPOS="179"/>
							<String ID="string_193" HPOS="194" VPOS="779" WIDTH="52" HEIGHT="20" WC="0.93" CONTENT="eller"/><SP WIDTH="14" VPOS="779" HPOS="246"/>
							<String ID="string_194" HPOS="260" VPOS="778" WIDTH="113" HEIGHT="28" WC="0.91" CONTENT="tillbörliga"/><SP WIDTH="15" VPOS="778" HPOS="373"/>
							<String ID="string_195" HPOS="388" VPOS="779" WIDTH="7" HEIGHT="20" WC="0.96" CONTENT="i"/><SP WIDTH="15" VPOS="779" HPOS="395"/>
							<String ID="string_196" HPOS="410" VPOS="779" WIDTH="58" HEIGHT="27" WC="0.96" CONTENT="fråga"/><SP WIDTH="15" VPOS="779" HPOS="468"/>
							<String ID="string_197" HPOS="483" VPOS="785" WIDTH="34" HEIGHT="14" WC="0.96" CONTENT="om"/><SP WIDTH="15" VPOS="785" HPOS="517"/>
							<String ID="string_198" HPOS="532" VPOS="779" WIDTH="40" HEIGHT="20" WC="0.96" CONTENT="den"/><SP WIDTH="16" VPOS="779" HPOS="572"/>
							<String ID="string_199" HPOS="588" VPOS="779" WIDTH="102" HEIGHT="27" WC="0.96" CONTENT="myndiga"/><SP WIDTH="14" VPOS="779" HPOS="690"/>
							<String ID="string_200" HPOS="704" VPOS="778" WIDTH="158" HEIGHT="33" WC="0.94" CONTENT="medborgaren."/><SP WIDTH="30" VPOS="778" HPOS="862"/>
							<String ID="string_201" HPOS="892" VPOS="778" WIDTH="41" HEIGHT="28" WC="0.96" CONTENT="Jag"/>
						</TextLine>
						<TextLine ID="line_22" HPOS="115" VPOS="807" WIDTH="818" HEIGHT="27">
							<String ID="string_202" HPOS="115" VPOS="807" WIDTH="65" HEIGHT="21" WC="0.96" CONTENT="måste"/><SP WIDTH="15" VPOS="807" HPOS="180"/>
							<String ID="string_203" HPOS="195" VPOS="808" WIDTH="71" HEIGHT="20" WC="0.96" CONTENT="därför"/><SP WIDTH="14" VPOS="808" HPOS="266"/>
							<String ID="string_204" HPOS="280" VPOS="808" WIDTH="60" HEIGHT="20" WC="0.96" CONTENT="ställa"/><SP WIDTH="15" VPOS="808" HPOS="340"/>
							<String ID="string_205" HPOS="355" VPOS="808" WIDTH="43" HEIGHT="26" WC="0.96" CONTENT="mig"/><SP WIDTH="13" VPOS="808" HPOS="398"/>
							<String ID="string_206" HPOS="411" VPOS="808" WIDTH="27" HEIGHT="26" WC="0.93" CONTENT="på"/><SP WIDTH="12" VPOS="808" HPOS="438"/>
							<String ID="string_207" HPOS="450" VPOS="808" WIDTH="151" HEIGHT="20" WC="0.91" CONTENT="betänkandets"/><SP WIDTH="10" VPOS="808" HPOS="601"/>
							<String ID="string_208" HPOS="611" VPOS="807" WIDTH="144" HEIGHT="27" WC="0.96" CONTENT="ståndpunkt"/><SP WIDTH="-10" VPOS="807" HPOS="755"/>
							<String ID="string_209" HPOS="745" VPOS="803" WIDTH="12" HEIGHT="35" WC="0.96" CONTENT="i"/><SP WIDTH="10" VPOS="803" HPOS="757"/>
							<String ID="string_210" HPOS="767" VPOS="807" WIDTH="56" HEIGHT="21" WC="0.96" CONTENT="detta"/><SP WIDTH="11" VPOS="807" HPOS="823"/>
							<String ID="string_211" HPOS="834" VPOS="807" WIDTH="99" HEIGHT="21" WC="0.95" CONTENT="afseende"/>
						</TextLine>
						<TextLine ID="line_23" HPOS="113" VPOS="836" WIDTH="820" HEIGHT="27">
							<String ID="string_212" HPOS="113" VPOS="836" WIDTH="40" HEIGHT="20" WC="0.96" CONTENT="och"/><SP WIDTH="23" VPOS="836" HPOS="153"/>
							<String ID="string_213" HPOS="176" VPOS="836" WIDTH="84" HEIGHT="21" WC="0.96" CONTENT="förorda"/><SP WIDTH="22" VPOS="836" HPOS="260"/>
							<String ID="string_214" HPOS="282" VPOS="836" WIDTH="40" HEIGHT="21" WC="0.96" CONTENT="den"/><SP WIDTH="22" VPOS="836" HPOS="322"/>
							<String ID="string_215" HPOS="344" VPOS="836" WIDTH="63" HEIGHT="26" WC="0.96" CONTENT="kläm,"/><SP WIDTH="15" VPOS="836" HPOS="407"/>
							<String ID="string_216" HPOS="422" VPOS="842" WIDTH="46" HEIGHT="14" WC="0.93" CONTENT="som"/><SP WIDTH="15" VPOS="842" HPOS="468"/>
							<String ID="string_217" HPOS="483" VPOS="836" WIDTH="164" HEIGHT="21" WC="0.91" CONTENT="i.betänkandet"/><SP WIDTH="15" VPOS="836" HPOS="647"/>
							<String ID="string_218" HPOS="662" VPOS="838" WIDTH="23" HEIGHT="18" WC="0.92" CONTENT="är"/><SP WIDTH="15" VPOS="838" HPOS="685"/>
							<String ID="string_219" HPOS="700" VPOS="836" WIDTH="102" HEIGHT="27" WC="0.91" CONTENT="uppstäld."/><SP WIDTH="29" VPOS="836" HPOS="802"/>
							<String ID="string_220" HPOS="831" VPOS="836" WIDTH="102" HEIGHT="20" WC="0.92" CONTENT="Reserva-"/>
						</TextLine>
						<TextLine ID="line_24" HPOS="115" VPOS="864" WIDTH="817" HEIGHT="28">
							<String ID="string_221" HPOS="115" VPOS="865" WIDTH="72" HEIGHT="20" WC="0.96" CONTENT="tionen"/><SP WIDTH="16" VPOS="865" HPOS="187"/>
							<String ID="string_222" HPOS="203" VPOS="872" WIDTH="34" HEIGHT="14" WC="0.95" CONTENT="n:o"/><SP WIDTH="17" VPOS="872" HPOS="237"/>
							<String ID="string_223" HPOS="254" VPOS="865" WIDTH="11" HEIGHT="21" WC="0.96" CONTENT="1"/><SP WIDTH="17" VPOS="865" HPOS="265"/>
							<String ID="string_224" HPOS="282" VPOS="864" WIDTH="38" HEIGHT="28" WC="0.96" CONTENT="går"/><SP WIDTH="15" VPOS="864" HPOS="320"/>
							<String ID="string_225" HPOS="335" VPOS="867" WIDTH="23" HEIGHT="18" WC="0.96" CONTENT="ut"/><SP WIDTH="14" VPOS="867" HPOS="358"/>
							<String ID="string_226" HPOS="372" VPOS="853" WIDTH="45" HEIGHT="32" WC="0.95" CONTENT="från"/><SP WIDTH="17" VPOS="853" HPOS="417"/>
							<String ID="string_227" HPOS="434" VPOS="864" WIDTH="42" HEIGHT="22" WC="0.96" CONTENT="den"/><SP WIDTH="15" VPOS="864" HPOS="476"/>
							<String ID="string_228" HPOS="491" VPOS="864" WIDTH="101" HEIGHT="28" WC="0.95" CONTENT="märkliga"/><SP WIDTH="15" VPOS="864" HPOS="592"/>
							<String ID="string_229" HPOS="607" VPOS="864" WIDTH="172" HEIGHT="27" WC="0.96" CONTENT="föreställningen"/><SP WIDTH="16" VPOS="864" HPOS="779"/>
							<String ID="string_230" HPOS="795" VPOS="866" WIDTH="30" HEIGHT="19" WC="0.96" CONTENT="att"/><SP WIDTH="14" VPOS="866" HPOS="825"/>
							<String ID="string_231" HPOS="839" VPOS="864" WIDTH="36" HEIGHT="22" WC="0.96" CONTENT="det"/><SP WIDTH="11" VPOS="864" HPOS="875"/>
							<String ID="string_232" HPOS="886" VPOS="864" WIDTH="46" HEIGHT="21" WC="0.96" CONTENT="icke"/>
						</TextLine>
						<TextLine ID="line_25" HPOS="113" VPOS="892" WIDTH="820" HEIGHT="29">
							<String ID="string_233" HPOS="113" VPOS="893" WIDTH="54" HEIGHT="21" WC="0.96" CONTENT="skall"/><SP WIDTH="15" VPOS="893" HPOS="167"/>
							<String ID="string_234" HPOS="182" VPOS="893" WIDTH="69" HEIGHT="22" WC="0.96" CONTENT="finnas"/><SP WIDTH="15" VPOS="893" HPOS="251"/>
							<String ID="string_235" HPOS="266" VPOS="896" WIDTH="64" HEIGHT="18" WC="0.96" CONTENT="annat"/><SP WIDTH="16" VPOS="896" HPOS="330"/>
							<String ID="string_236" HPOS="346" VPOS="893" WIDTH="33" HEIGHT="21" WC="0.96" CONTENT="val"/><SP WIDTH="13" VPOS="893" HPOS="379"/>
							<String ID="string_237" HPOS="392" VPOS="893" WIDTH="32" HEIGHT="21" WC="0.96" CONTENT="för"/><SP WIDTH="14" VPOS="893" HPOS="424"/>
							<String ID="string_238" HPOS="438" VPOS="893" WIDTH="122" HEIGHT="28" WC="0.96" CONTENT="ungdomen"/><SP WIDTH="16" VPOS="893" HPOS="560"/>
							<String ID="string_239" HPOS="576" VPOS="895" WIDTH="26" HEIGHT="19" WC="0.96" CONTENT="än"/><SP WIDTH="16" VPOS="895" HPOS="602"/>
							<String ID="string_240" HPOS="618" VPOS="895" WIDTH="30" HEIGHT="19" WC="0.96" CONTENT="att"/><SP WIDTH="14" VPOS="895" HPOS="648"/>
							<String ID="string_241" HPOS="662" VPOS="894" WIDTH="57" HEIGHT="26" WC="0.96" CONTENT="tjäna"/><SP WIDTH="15" VPOS="894" HPOS="719"/>
							<String ID="string_242" HPOS="734" VPOS="893" WIDTH="25" HEIGHT="27" WC="0.93" CONTENT="på"/><SP WIDTH="16" VPOS="893" HPOS="759"/>
							<String ID="string_243" HPOS="775" VPOS="892" WIDTH="91" HEIGHT="22" WC="0.91" CONTENT="värdhus"/><SP WIDTH="15" VPOS="892" HPOS="866"/>
							<String ID="string_244" HPOS="881" VPOS="892" WIDTH="52" HEIGHT="22" WC="0.95" CONTENT="eller"/>
						</TextLine>
						<TextLine ID="line_26" HPOS="113" VPOS="921" WIDTH="819" HEIGHT="28">
							<String ID="string_245" HPOS="113" VPOS="921" WIDTH="27" HEIGHT="28" WC="0.96" CONTENT="gå"/><SP WIDTH="21" VPOS="921" HPOS="140"/>
							<String ID="string_246" HPOS="161" VPOS="922" WIDTH="107" HEIGHT="27" WC="0.94" CONTENT="sysslolös."/><SP WIDTH="30" VPOS="922" HPOS="268"/>
							<String ID="string_247" HPOS="298" VPOS="921" WIDTH="130" HEIGHT="28" WC="0.91" CONTENT="Lyckligtvis"/><SP WIDTH="14" VPOS="921" HPOS="428"/>
							<String ID="string_248" HPOS="442" VPOS="924" WIDTH="24" HEIGHT="19" WC="0.96" CONTENT="är"/><SP WIDTH="20" VPOS="924" HPOS="466"/>
							<String ID="string_249" HPOS="486" VPOS="921" WIDTH="36" HEIGHT="22" WC="0.96" CONTENT="det"/><SP WIDTH="14" VPOS="921" HPOS="522"/>
							<String ID="string_250" HPOS="536" VPOS="921" WIDTH="30" HEIGHT="28" WC="0.96" CONTENT="så,"/><SP WIDTH="15" VPOS="921" HPOS="566"/>
							<String ID="string_251" HPOS="581" VPOS="923" WIDTH="30" HEIGHT="20" WC="0.96" CONTENT="att"/><SP WIDTH="15" VPOS="923" HPOS="611"/>
							<String ID="string_252" HPOS="626" VPOS="921" WIDTH="36" HEIGHT="22" WC="0.96" CONTENT="det"/><SP WIDTH="13" VPOS="921" HPOS="662"/>
							<String ID="string_253" HPOS="675" VPOS="921" WIDTH="68" HEIGHT="21" WC="0.95" CONTENT="finnes"/><SP WIDTH="16" VPOS="921" HPOS="743"/>
							<String ID="string_254" HPOS="759" VPOS="924" WIDTH="64" HEIGHT="18" WC="0.96" CONTENT="annat"/><SP WIDTH="15" VPOS="924" HPOS="823"/>
							<String ID="string_255" HPOS="838" VPOS="923" WIDTH="29" HEIGHT="20" WC="0.96" CONTENT="att"/><SP WIDTH="15" VPOS="923" HPOS="867"/>
							<String ID="string_256" HPOS="882" VPOS="923" WIDTH="50" HEIGHT="26" WC="0.96" CONTENT="göra"/>
						</TextLine>
						<TextLine ID="line_27" HPOS="113" VPOS="950" WIDTH="820" HEIGHT="27">
							<String ID="string_257" HPOS="113" VPOS="950" WIDTH="7" HEIGHT="21" WC="0.96" CONTENT="i"/><SP WIDTH="22" VPOS="950" HPOS="120"/>
							<String ID="string_258" HPOS="142" VPOS="951" WIDTH="88" HEIGHT="21" WC="0.95" CONTENT="världen"/><SP WIDTH="20" VPOS="951" HPOS="230"/>
							<String ID="string_259" HPOS="250" VPOS="953" WIDTH="26" HEIGHT="18" WC="0.95" CONTENT="än"/><SP WIDTH="16" VPOS="953" HPOS="276"/>
							<String ID="string_260" HPOS="292" VPOS="953" WIDTH="30" HEIGHT="19" WC="0.96" CONTENT="att"/><SP WIDTH="14" VPOS="953" HPOS="322"/>
							<String ID="string_261" HPOS="336" VPOS="950" WIDTH="56" HEIGHT="21" WC="0.93" CONTENT="hålla"/><SP WIDTH="16" VPOS="950" HPOS="392"/>
							<String ID="string_262" HPOS="408" VPOS="950" WIDTH="92" HEIGHT="21" WC="0.92" CONTENT="värdbus"/><SP WIDTH="15" VPOS="950" HPOS="500"/>
							<String ID="string_263" HPOS="515" VPOS="951" WIDTH="38" HEIGHT="20" WC="0.96" CONTENT="och"/><SP WIDTH="16" VPOS="951" HPOS="553"/>
							<String ID="string_264" HPOS="569" VPOS="950" WIDTH="35" HEIGHT="21" WC="0.96" CONTENT="det"/><SP WIDTH="15" VPOS="950" HPOS="604"/>
							<String ID="string_265" HPOS="619" VPOS="952" WIDTH="23" HEIGHT="19" WC="0.96" CONTENT="är"/><SP WIDTH="15" VPOS="952" HPOS="642"/>
							<String ID="string_266" HPOS="657" VPOS="951" WIDTH="35" HEIGHT="20" WC="0.96" CONTENT="det"/><SP WIDTH="14" VPOS="951" HPOS="692"/>
							<String ID="string_267" HPOS="706" VPOS="950" WIDTH="117" HEIGHT="21" WC="0.95" CONTENT="allmännas"/><SP WIDTH="15" VPOS="950" HPOS="823"/>
							<String ID="string_268" HPOS="838" VPOS="950" WIDTH="53" HEIGHT="27" WC="0.95" CONTENT="plikt"/><SP WIDTH="12" VPOS="950" HPOS="891"/>
							<String ID="string_269" HPOS="903" VPOS="952" WIDTH="30" HEIGHT="19" WC="0.96" CONTENT="att"/>
						</TextLine>
						<TextLine ID="line_28" HPOS="112" VPOS="978" WIDTH="819" HEIGHT="34">
							<String ID="string_270" HPOS="112" VPOS="985" WIDTH="23" HEIGHT="14" WC="0.95" CONTENT="se"/><SP WIDTH="16" VPOS="985" HPOS="135"/>
							<String ID="string_271" HPOS="151" VPOS="979" WIDTH="32" HEIGHT="20" WC="0.96" CONTENT="till"/><SP WIDTH="20" VPOS="979" HPOS="183"/>
							<String ID="string_272" HPOS="203" VPOS="981" WIDTH="30" HEIGHT="19" WC="0.96" CONTENT="att"/><SP WIDTH="13" VPOS="981" HPOS="233"/>
							<String ID="string_273" HPOS="246" VPOS="979" WIDTH="122" HEIGHT="27" WC="0.93" CONTENT="ungdomen"/><SP WIDTH="16" VPOS="979" HPOS="368"/>
							<String ID="string_274" HPOS="384" VPOS="979" WIDTH="67" HEIGHT="21" WC="0.91" CONTENT="såvidt"/><SP WIDTH="15" VPOS="979" HPOS="451"/>
							<String ID="string_275" HPOS="466" VPOS="979" WIDTH="82" HEIGHT="33" WC="0.96" CONTENT="möjligt"/><SP WIDTH="15" VPOS="979" HPOS="548"/>
							<String ID="string_276" HPOS="563" VPOS="979" WIDTH="66" HEIGHT="26" WC="0.96" CONTENT="väljer"/><SP WIDTH="15" VPOS="979" HPOS="629"/>
							<String ID="string_277" HPOS="644" VPOS="979" WIDTH="66" HEIGHT="20" WC="0.96" CONTENT="andra"/><SP WIDTH="14" VPOS="979" HPOS="710"/>
							<String ID="string_278" HPOS="724" VPOS="979" WIDTH="71" HEIGHT="26" WC="0.96" CONTENT="banor,"/><SP WIDTH="16" VPOS="979" HPOS="795"/>
							<String ID="string_279" HPOS="811" VPOS="978" WIDTH="70" HEIGHT="21" WC="0.96" CONTENT="hvilka"/><SP WIDTH="15" VPOS="978" HPOS="881"/>
							<String ID="string_280" HPOS="896" VPOS="980" WIDTH="35" HEIGHT="19" WC="0.96" CONTENT="äro"/>
						</TextLine>
						<TextLine ID="line_29" HPOS="113" VPOS="1007" WIDTH="819" HEIGHT="27">
							<String ID="string_281" HPOS="113" VPOS="1007" WIDTH="83" HEIGHT="21" WC="0.92" CONTENT="mindre"/><SP WIDTH="25" VPOS="1007" HPOS="196"/>
							<String ID="string_282" HPOS="221" VPOS="1007" WIDTH="111" HEIGHT="21" WC="0.91" CONTENT="frästande."/><SP WIDTH="32" VPOS="1007" HPOS="332"/>
							<String ID="string_283" HPOS="364" VPOS="1007" WIDTH="125" HEIGHT="26" WC="0.85" CONTENT="Frästelsen,"/><SP WIDTH="25" VPOS="1007" HPOS="489"/>
							<String ID="string_284" HPOS="514" VPOS="1009" WIDTH="60" HEIGHT="25" WC="0.95" CONTENT="säges"/><SP WIDTH="25" VPOS="1009" HPOS="574"/>
							<String ID="string_285" HPOS="599" VPOS="1007" WIDTH="35" HEIGHT="21" WC="0.96" CONTENT="det"/><SP WIDTH="22" VPOS="1007" HPOS="634"/>
							<String ID="string_286" HPOS="656" VPOS="1007" WIDTH="7" HEIGHT="20" WC="0.96" CONTENT="i"/><SP WIDTH="22" VPOS="1007" HPOS="663"/>
							<String ID="string_287" HPOS="685" VPOS="1007" WIDTH="64" HEIGHT="20" WC="0.95" CONTENT="första"/><SP WIDTH="21" VPOS="1007" HPOS="749"/>
							<String ID="string_288" HPOS="770" VPOS="1007" WIDTH="162" HEIGHT="26" WC="0.96" CONTENT="reservationen,"/>
						</TextLine>
						<TextLine ID="line_30" HPOS="112" VPOS="1023" WIDTH="819" HEIGHT="40">
							<String ID="string_289" HPOS="112" VPOS="1036" WIDTH="70" HEIGHT="21" WC="0.95" CONTENT="skulle"/><SP WIDTH="22" VPOS="1036" HPOS="182"/>
							<String ID="string_290" HPOS="204" VPOS="1036" WIDTH="46" HEIGHT="21" WC="0.96" CONTENT="icke"/><SP WIDTH="24" VPOS="1036" HPOS="250"/>
							<String ID="string_291" HPOS="274" VPOS="1036" WIDTH="65" HEIGHT="21" WC="0.96" CONTENT="blifva"/><SP WIDTH="20" VPOS="1036" HPOS="339"/>
							<String ID="string_292" HPOS="359" VPOS="1035" WIDTH="23" HEIGHT="22" WC="0.96" CONTENT="så"/><SP WIDTH="15" VPOS="1035" HPOS="382"/>
							<String ID="string_293" HPOS="397" VPOS="1038" WIDTH="48" HEIGHT="23" WC="0.96" CONTENT="stor,"/><SP WIDTH="16" VPOS="1038" HPOS="445"/>
							<String ID="string_294" HPOS="461" VPOS="1035" WIDTH="70" HEIGHT="21" WC="0.96" CONTENT="därför"/><SP WIDTH="7" VPOS="1035" HPOS="531"/>
							<String ID="string_295" HPOS="538" VPOS="1023" WIDTH="38" HEIGHT="33" WC="0.82" CONTENT="att"/><SP WIDTH="13" VPOS="1023" HPOS="576"/>
							<String ID="string_296" HPOS="589" VPOS="1036" WIDTH="23" HEIGHT="27" WC="0.93" CONTENT="ju"/><SP WIDTH="16" VPOS="1036" HPOS="612"/>
							<String ID="string_297" HPOS="628" VPOS="1035" WIDTH="151" HEIGHT="21" WC="0.92" CONTENT="värdhuslifvet"/><SP WIDTH="14" VPOS="1035" HPOS="779"/>
							<String ID="string_298" HPOS="793" VPOS="1035" WIDTH="138" HEIGHT="21" WC="0.95" CONTENT="kontrolleras"/>
						</TextLine>
						<TextLine ID="line_31" HPOS="113" VPOS="1063" WIDTH="818" HEIGHT="29">
							<String ID="string_299" HPOS="113" VPOS="1070" WIDTH="77" HEIGHT="20" WC="0.96" CONTENT="genom"/><SP WIDTH="16" VPOS="1070" HPOS="190"/>
							<String ID="string_300" HPOS="206" VPOS="1064" WIDTH="86" HEIGHT="28" WC="0.95" CONTENT="polisen."/><SP WIDTH="23" VPOS="1064" HPOS="292"/>
							<String ID="string_301" HPOS="315" VPOS="1064" WIDTH="41" HEIGHT="27" WC="0.96" CONTENT="Jag"/><SP WIDTH="16" VPOS="1064" HPOS="356"/>
							<String ID="string_302" HPOS="372" VPOS="1066" WIDTH="35" HEIGHT="19" WC="0.96" CONTENT="vet"/><SP WIDTH="13" VPOS="1066" HPOS="407"/>
							<String ID="string_303" HPOS="420" VPOS="1063" WIDTH="54" HEIGHT="22" WC="0.96" CONTENT="dock"/><SP WIDTH="16" VPOS="1063" HPOS="474"/>
							<String ID="string_304" HPOS="490" VPOS="1066" WIDTH="29" HEIGHT="19" WC="0.93" CONTENT="att"/><SP WIDTH="15" VPOS="1066" HPOS="519"/>
							<String ID="string_305" HPOS="534" VPOS="1064" WIDTH="92" HEIGHT="27" WC="0.93" CONTENT="polisens"/><SP WIDTH="10" VPOS="1064" HPOS="626"/>
							<String ID="string_306" HPOS="636" VPOS="1064" WIDTH="58" HEIGHT="21" WC="0.93" CONTENT="makt"/><SP WIDTH="10" VPOS="1064" HPOS="694"/>
							<String ID="string_307" HPOS="704" VPOS="1063" WIDTH="108" HEIGHT="28" WC="0.92" CONTENT="härvidlag"/><SP WIDTH="7" VPOS="1063" HPOS="812"/>
							<String ID="string_308" HPOS="819" VPOS="1066" WIDTH="23" HEIGHT="19" WC="0.96" CONTENT="är"/><SP WIDTH="10" VPOS="1066" HPOS="842"/>
							<String ID="string_309" HPOS="852" VPOS="1064" WIDTH="79" HEIGHT="27" WC="0.97" CONTENT="ganska"/>
						</TextLine>
						<TextLine ID="line_32" HPOS="113" VPOS="1092" WIDTH="819" HEIGHT="27">
							<String ID="string_310" HPOS="113" VPOS="1093" WIDTH="110" HEIGHT="21" WC="0.90" CONTENT="inskränkt"/><SP WIDTH="15" VPOS="1093" HPOS="223"/>
							<String ID="string_311" HPOS="238" VPOS="1093" WIDTH="39" HEIGHT="21" WC="0.93" CONTENT="och"/><SP WIDTH="15" VPOS="1093" HPOS="277"/>
							<String ID="string_312" HPOS="292" VPOS="1093" WIDTH="66" HEIGHT="21" WC="0.93" CONTENT="mäste"/><SP WIDTH="15" VPOS="1093" HPOS="358"/>
							<String ID="string_313" HPOS="373" VPOS="1092" WIDTH="23" HEIGHT="21" WC="0.96" CONTENT="sä"/><SP WIDTH="16" VPOS="1092" HPOS="396"/>
							<String ID="string_314" HPOS="412" VPOS="1099" WIDTH="54" HEIGHT="20" WC="0.96" CONTENT="vara,"/><SP WIDTH="17" VPOS="1099" HPOS="466"/>
							<String ID="string_315" HPOS="483" VPOS="1095" WIDTH="21" HEIGHT="24" WC="0.96" CONTENT="ty"/><SP WIDTH="16" VPOS="1095" HPOS="504"/>
							<String ID="string_316" HPOS="520" VPOS="1093" WIDTH="41" HEIGHT="20" WC="0.96" CONTENT="den"/><SP WIDTH="15" VPOS="1093" HPOS="561"/>
							<String ID="string_317" HPOS="576" VPOS="1093" WIDTH="38" HEIGHT="20" WC="0.89" CONTENT="har"/><SP WIDTH="9" VPOS="1093" HPOS="614"/>
							<String ID="string_318" HPOS="623" VPOS="1093" WIDTH="23" HEIGHT="26" WC="0.89" CONTENT="ju"/><SP WIDTH="13" VPOS="1093" HPOS="646"/>
							<String ID="string_319" HPOS="659" VPOS="1092" WIDTH="46" HEIGHT="21" WC="0.90" CONTENT="icke"/><SP WIDTH="11" VPOS="1092" HPOS="705"/>
							<String ID="string_320" HPOS="716" VPOS="1094" WIDTH="39" HEIGHT="19" WC="0.96" CONTENT="rätt"/><SP WIDTH="10" VPOS="1094" HPOS="755"/>
							<String ID="string_321" HPOS="765" VPOS="1094" WIDTH="30" HEIGHT="19" WC="0.93" CONTENT="att"/><SP WIDTH="10" VPOS="1094" HPOS="795"/>
							<String ID="string_322" HPOS="805" VPOS="1092" WIDTH="127" HEIGHT="21" WC="0.92" CONTENT="kontrollera"/>
						</TextLine>
						<TextLine ID="line_33" HPOS="113" VPOS="1121" WIDTH="819" HEIGHT="28">
							<String ID="string_323" HPOS="113" VPOS="1122" WIDTH="55" HEIGHT="21" WC="0.96" CONTENT="ända"/><SP WIDTH="24" VPOS="1122" HPOS="168"/>
							<String ID="string_324" HPOS="192" VPOS="1123" WIDTH="22" HEIGHT="19" WC="0.95" CONTENT="in"/><SP WIDTH="23" VPOS="1123" HPOS="214"/>
							<String ID="string_325" HPOS="237" VPOS="1122" WIDTH="26" HEIGHT="27" WC="0.91" CONTENT="pä"/><SP WIDTH="21" VPOS="1122" HPOS="263"/>
							<String ID="string_326" HPOS="284" VPOS="1121" WIDTH="120" HEIGHT="22" WC="0.65" CONTENT="hemlifvets"/><SP WIDTH="20" VPOS="1121" HPOS="404"/>
							<String ID="string_327" HPOS="424" VPOS="1121" WIDTH="92" HEIGHT="21" WC="0.96" CONTENT="område."/><SP WIDTH="29" VPOS="1121" HPOS="516"/>
							<String ID="string_328" HPOS="545" VPOS="1121" WIDTH="47" HEIGHT="21" WC="0.96" CONTENT="Den"/><SP WIDTH="15" VPOS="1121" HPOS="592"/>
							<String ID="string_329" HPOS="607" VPOS="1121" WIDTH="66" HEIGHT="21" WC="0.93" CONTENT="andra"/><SP WIDTH="14" VPOS="1121" HPOS="673"/>
							<String ID="string_330" HPOS="687" VPOS="1121" WIDTH="156" HEIGHT="21" WC="0.95" CONTENT="reservationen"/><SP WIDTH="16" VPOS="1121" HPOS="843"/>
							<String ID="string_331" HPOS="859" VPOS="1121" WIDTH="73" HEIGHT="26" WC="0.96" CONTENT="tyckes"/>
						</TextLine>
						<TextLine ID="line_34" HPOS="114" VPOS="1149" WIDTH="818" HEIGHT="28">
							<String ID="string_332" HPOS="114" VPOS="1151" WIDTH="43" HEIGHT="26" WC="0.93" CONTENT="mig"/><SP WIDTH="15" VPOS="1151" HPOS="157"/>
							<String ID="string_333" HPOS="172" VPOS="1150" WIDTH="44" HEIGHT="21" WC="0.93" CONTENT="äter"/><SP WIDTH="15" VPOS="1150" HPOS="216"/>
							<String ID="string_334" HPOS="231" VPOS="1157" WIDTH="50" HEIGHT="14" WC="0.96" CONTENT="vara"/><SP WIDTH="15" VPOS="1157" HPOS="281"/>
							<String ID="string_335" HPOS="296" VPOS="1150" WIDTH="88" HEIGHT="21" WC="0.93" CONTENT="alldeles"/><SP WIDTH="10" VPOS="1150" HPOS="384"/>
							<String ID="string_336" HPOS="394" VPOS="1150" WIDTH="112" HEIGHT="27" WC="0.93" CONTENT="opraktisk."/><SP WIDTH="15" VPOS="1150" HPOS="506"/>
							<String ID="string_337" HPOS="521" VPOS="1150" WIDTH="47" HEIGHT="21" WC="0.96" CONTENT="Den"/><SP WIDTH="9" VPOS="1150" HPOS="568"/>
							<String ID="string_338" HPOS="577" VPOS="1150" WIDTH="37" HEIGHT="21" WC="0.93" CONTENT="vill"/><SP WIDTH="8" VPOS="1150" HPOS="614"/>
							<String ID="string_339" HPOS="622" VPOS="1149" WIDTH="66" HEIGHT="22" WC="0.92" CONTENT="tilläta"/><SP WIDTH="8" VPOS="1149" HPOS="688"/>
							<String ID="string_340" HPOS="696" VPOS="1149" WIDTH="133" HEIGHT="28" WC="0.92" CONTENT="ungdomens"/><SP WIDTH="10" VPOS="1149" HPOS="829"/>
							<String ID="string_341" HPOS="839" VPOS="1149" WIDTH="93" HEIGHT="21" WC="0.91" CONTENT="använd-"/>
						</TextLine>
						<TextLine ID="line_35" HPOS="113" VPOS="1178" WIDTH="820" HEIGHT="27">
							<String ID="string_342" HPOS="113" VPOS="1179" WIDTH="52" HEIGHT="26" WC="0.96" CONTENT="ning"/><SP WIDTH="22" VPOS="1179" HPOS="165"/>
							<String ID="string_343" HPOS="187" VPOS="1179" WIDTH="58" HEIGHT="21" WC="0.93" CONTENT="inom"/><SP WIDTH="19" VPOS="1179" HPOS="245"/>
							<String ID="string_344" HPOS="264" VPOS="1179" WIDTH="97" HEIGHT="26" WC="0.93" CONTENT="värdhus,"/><SP WIDTH="19" VPOS="1179" HPOS="361"/>
							<String ID="string_345" HPOS="380" VPOS="1179" WIDTH="53" HEIGHT="20" WC="0.96" CONTENT="dock"/><SP WIDTH="15" VPOS="1179" HPOS="433"/>
							<String ID="string_346" HPOS="448" VPOS="1179" WIDTH="46" HEIGHT="21" WC="0.96" CONTENT="icke"/><SP WIDTH="17" VPOS="1179" HPOS="494"/>
							<String ID="string_347" HPOS="511" VPOS="1179" WIDTH="34" HEIGHT="20" WC="0.93" CONTENT="vid"/><SP WIDTH="15" VPOS="1179" HPOS="545"/>
							<String ID="string_348" HPOS="560" VPOS="1179" WIDTH="141" HEIGHT="25" WC="0.95" CONTENT="serveringen."/><SP WIDTH="30" VPOS="1179" HPOS="701"/>
							<String ID="string_349" HPOS="731" VPOS="1178" WIDTH="41" HEIGHT="27" WC="0.96" CONTENT="Jag"/><SP WIDTH="15" VPOS="1178" HPOS="772"/>
							<String ID="string_350" HPOS="787" VPOS="1178" WIDTH="36" HEIGHT="21" WC="0.93" CONTENT="vill"/><SP WIDTH="15" VPOS="1178" HPOS="823"/>
							<String ID="string_351" HPOS="838" VPOS="1178" WIDTH="95" HEIGHT="21" WC="0.91" CONTENT="häremot"/>
						</TextLine>
						<TextLine ID="line_36" HPOS="112" VPOS="1207" WIDTH="820" HEIGHT="27">
							<String ID="string_352" HPOS="112" VPOS="1207" WIDTH="112" HEIGHT="22" WC="0.91" CONTENT="framhälla"/><SP WIDTH="20" VPOS="1207" HPOS="224"/>
							<String ID="string_353" HPOS="244" VPOS="1209" WIDTH="30" HEIGHT="19" WC="0.96" CONTENT="att"/><SP WIDTH="22" VPOS="1209" HPOS="274"/>
							<String ID="string_354" HPOS="296" VPOS="1207" WIDTH="36" HEIGHT="21" WC="0.95" CONTENT="det"/><SP WIDTH="20" VPOS="1207" HPOS="332"/>
							<String ID="string_355" HPOS="352" VPOS="1207" WIDTH="68" HEIGHT="21" WC="0.93" CONTENT="skulle"/><SP WIDTH="16" VPOS="1207" HPOS="420"/>
							<String ID="string_356" HPOS="436" VPOS="1207" WIDTH="65" HEIGHT="21" WC="0.92" CONTENT="blifva"/><SP WIDTH="14" VPOS="1207" HPOS="501"/>
							<String ID="string_357" HPOS="515" VPOS="1209" WIDTH="76" HEIGHT="25" WC="0.92" CONTENT="ytterst"/><SP WIDTH="14" VPOS="1209" HPOS="591"/>
							<String ID="string_358" HPOS="605" VPOS="1207" WIDTH="57" HEIGHT="21" WC="0.93" CONTENT="svärt"/><SP WIDTH="14" VPOS="1207" HPOS="662"/>
							<String ID="string_359" HPOS="676" VPOS="1209" WIDTH="30" HEIGHT="18" WC="0.93" CONTENT="att"/><SP WIDTH="14" VPOS="1209" HPOS="706"/>
							<String ID="string_360" HPOS="720" VPOS="1207" WIDTH="133" HEIGHT="26" WC="0.93" CONTENT="kontrollera,"/><SP WIDTH="15" VPOS="1207" HPOS="853"/>
							<String ID="string_361" HPOS="868" VPOS="1207" WIDTH="64" HEIGHT="20" WC="0.93" CONTENT="huru-"/>
						</TextLine>
						<TextLine ID="line_37" HPOS="113" VPOS="1235" WIDTH="819" HEIGHT="28">
							<String ID="string_362" HPOS="113" VPOS="1235" WIDTH="48" HEIGHT="22" WC="0.93" CONTENT="vida"/><SP WIDTH="18" VPOS="1235" HPOS="161"/>
							<String ID="string_363" HPOS="179" VPOS="1235" WIDTH="121" HEIGHT="28" WC="0.92" CONTENT="ungdomen"/><SP WIDTH="21" VPOS="1235" HPOS="300"/>
							<String ID="string_364" HPOS="321" VPOS="1235" WIDTH="107" HEIGHT="22" WC="0.92" CONTENT="användes"/><SP WIDTH="14" VPOS="1235" HPOS="428"/>
							<String ID="string_365" HPOS="442" VPOS="1236" WIDTH="33" HEIGHT="20" WC="0.90" CONTENT="för"/><SP WIDTH="15" VPOS="1236" HPOS="475"/>
							<String ID="string_366" HPOS="490" VPOS="1236" WIDTH="35" HEIGHT="21" WC="0.96" CONTENT="det"/><SP WIDTH="15" VPOS="1236" HPOS="525"/>
							<String ID="string_367" HPOS="540" VPOS="1242" WIDTH="40" HEIGHT="15" WC="0.96" CONTENT="ena"/><SP WIDTH="15" VPOS="1242" HPOS="580"/>
							<String ID="string_368" HPOS="595" VPOS="1235" WIDTH="52" HEIGHT="22" WC="0.96" CONTENT="eller"/><SP WIDTH="15" VPOS="1235" HPOS="647"/>
							<String ID="string_369" HPOS="662" VPOS="1235" WIDTH="65" HEIGHT="21" WC="0.93" CONTENT="andra"/><SP WIDTH="15" VPOS="1235" HPOS="727"/>
							<String ID="string_370" HPOS="742" VPOS="1235" WIDTH="125" HEIGHT="21" WC="0.92" CONTENT="ändamälet."/><SP WIDTH="30" VPOS="1235" HPOS="867"/>
							<String ID="string_371" HPOS="897" VPOS="1235" WIDTH="35" HEIGHT="20" WC="0.96" CONTENT="Ett"/>
						</TextLine>
						<TextLine ID="line_38" HPOS="112" VPOS="1263" WIDTH="819" HEIGHT="28">
							<String ID="string_372" HPOS="112" VPOS="1264" WIDTH="76" HEIGHT="22" WC="0.92" CONTENT="sädant"/><SP WIDTH="19" VPOS="1264" HPOS="188"/>
							<String ID="string_373" HPOS="207" VPOS="1265" WIDTH="115" HEIGHT="26" WC="0.91" CONTENT="stadgande"/><SP WIDTH="21" VPOS="1265" HPOS="322"/>
							<String ID="string_374" HPOS="343" VPOS="1264" WIDTH="68" HEIGHT="21" WC="0.96" CONTENT="skulle"/><SP WIDTH="21" VPOS="1264" HPOS="411"/>
							<String ID="string_375" HPOS="432" VPOS="1264" WIDTH="70" HEIGHT="21" WC="0.93" CONTENT="lämna"/><SP WIDTH="22" VPOS="1264" HPOS="502"/>
							<String ID="string_376" HPOS="524" VPOS="1264" WIDTH="81" HEIGHT="21" WC="0.89" CONTENT="tillfälle"/><SP WIDTH="16" VPOS="1264" HPOS="605"/>
							<String ID="string_377" HPOS="621" VPOS="1264" WIDTH="33" HEIGHT="20" WC="0.93" CONTENT="för"/><SP WIDTH="14" VPOS="1264" HPOS="654"/>
							<String ID="string_378" HPOS="668" VPOS="1264" WIDTH="137" HEIGHT="21" WC="0.91" CONTENT="samvetslösa"/><SP WIDTH="15" VPOS="1264" HPOS="805"/>
							<String ID="string_379" HPOS="820" VPOS="1263" WIDTH="111" HEIGHT="22" WC="0.93" CONTENT="värdshus-"/>
						</TextLine>
						<TextLine ID="line_39" HPOS="113" VPOS="1291" WIDTH="819" HEIGHT="28">
							<String ID="string_380" HPOS="113" VPOS="1293" WIDTH="75" HEIGHT="20" WC="0.91" CONTENT="värdar"/><SP WIDTH="19" VPOS="1293" HPOS="188"/>
							<String ID="string_381" HPOS="207" VPOS="1295" WIDTH="30" HEIGHT="18" WC="0.96" CONTENT="att"/><SP WIDTH="15" VPOS="1295" HPOS="237"/>
							<String ID="string_382" HPOS="252" VPOS="1293" WIDTH="53" HEIGHT="20" WC="0.96" CONTENT="dock"/><SP WIDTH="15" VPOS="1293" HPOS="305"/>
							<String ID="string_383" HPOS="320" VPOS="1292" WIDTH="96" HEIGHT="21" WC="0.96" CONTENT="använda"/><SP WIDTH="15" VPOS="1292" HPOS="416"/>
							<String ID="string_384" HPOS="431" VPOS="1293" WIDTH="26" HEIGHT="20" WC="0.96" CONTENT="de"/><SP WIDTH="18" VPOS="1293" HPOS="457"/>
							<String ID="string_385" HPOS="475" VPOS="1299" WIDTH="57" HEIGHT="20" WC="0.93" CONTENT="unga"/><SP WIDTH="15" VPOS="1299" HPOS="532"/>
							<String ID="string_386" HPOS="547" VPOS="1293" WIDTH="60" HEIGHT="20" WC="0.93" CONTENT="äfven"/><SP WIDTH="17" VPOS="1293" HPOS="607"/>
							<String ID="string_387" HPOS="624" VPOS="1293" WIDTH="33" HEIGHT="20" WC="0.93" CONTENT="för"/><SP WIDTH="13" VPOS="1293" HPOS="657"/>
							<String ID="string_388" HPOS="670" VPOS="1292" WIDTH="78" HEIGHT="21" WC="0.92" CONTENT="sädana"/><SP WIDTH="15" VPOS="1292" HPOS="748"/>
							<String ID="string_389" HPOS="763" VPOS="1292" WIDTH="82" HEIGHT="27" WC="0.92" CONTENT="platser,"/><SP WIDTH="16" VPOS="1292" HPOS="845"/>
							<String ID="string_390" HPOS="861" VPOS="1291" WIDTH="71" HEIGHT="22" WC="0.92" CONTENT="hvilka"/>
						</TextLine>
						<TextLine ID="line_40" HPOS="112" VPOS="1319" WIDTH="820" HEIGHT="28">
							<String ID="string_391" HPOS="112" VPOS="1321" WIDTH="34" HEIGHT="20" WC="0.96" CONTENT="för"/><SP WIDTH="21" VPOS="1321" HPOS="146"/>
							<String ID="string_392" HPOS="167" VPOS="1321" WIDTH="40" HEIGHT="21" WC="0.96" CONTENT="den"/><SP WIDTH="23" VPOS="1321" HPOS="207"/>
							<String ID="string_393" HPOS="230" VPOS="1321" WIDTH="68" HEIGHT="21" WC="0.93" CONTENT="skulle"/><SP WIDTH="23" VPOS="1321" HPOS="298"/>
							<String ID="string_394" HPOS="321" VPOS="1321" WIDTH="94" HEIGHT="21" WC="0.96" CONTENT="medföra"/><SP WIDTH="23" VPOS="1321" HPOS="415"/>
							<String ID="string_395" HPOS="438" VPOS="1323" WIDTH="55" HEIGHT="18" WC="0.93" CONTENT="stora"/><SP WIDTH="22" VPOS="1323" HPOS="493"/>
							<String ID="string_396" HPOS="515" VPOS="1321" WIDTH="111" HEIGHT="21" WC="0.92" CONTENT="frästelser."/><SP WIDTH="29" VPOS="1321" HPOS="626"/>
							<String ID="string_397" HPOS="655" VPOS="1320" WIDTH="42" HEIGHT="27" WC="0.96" CONTENT="Jag"/><SP WIDTH="21" VPOS="1320" HPOS="697"/>
							<String ID="string_398" HPOS="718" VPOS="1320" WIDTH="37" HEIGHT="21" WC="0.96" CONTENT="ber"/><SP WIDTH="20" VPOS="1320" HPOS="755"/>
							<String ID="string_399" HPOS="775" VPOS="1320" WIDTH="70" HEIGHT="21" WC="0.96" CONTENT="därför"/><SP WIDTH="21" VPOS="1320" HPOS="845"/>
							<String ID="string_400" HPOS="866" VPOS="1322" WIDTH="30" HEIGHT="19" WC="0.93" CONTENT="att"/><SP WIDTH="15" VPOS="1322" HPOS="896"/>
							<String ID="string_401" HPOS="911" VPOS="1319" WIDTH="21" HEIGHT="22" WC="0.96" CONTENT="få"/>
						</TextLine>
						<TextLine ID="line_41" HPOS="113" VPOS="1349" WIDTH="241" HEIGHT="22">
							<String ID="string_402" HPOS="113" VPOS="1349" WIDTH="83" HEIGHT="21" WC="0.92" CONTENT="förorda"/><SP WIDTH="11" VPOS="1349" HPOS="196"/>
							<String ID="string_403" HPOS="207" VPOS="1349" WIDTH="147" HEIGHT="22" WC="0.92" CONTENT="betänkandet."/>
						</TextLine>
					</TextBlock>
				</ComposedBlock>
				<ComposedBlock ID="cblock_4" HPOS="113" VPOS="1399" WIDTH="818" HEIGHT="118">
					<TextBlock ID="block_3" HPOS="113" VPOS="1399" WIDTH="818" HEIGHT="118">
						<TextLine ID="line_42" HPOS="180" VPOS="1399" WIDTH="751" HEIGHT="33">
							<String ID="string_404" HPOS="180" VPOS="1405" WIDTH="33" HEIGHT="22" WC="0.88" CONTENT="Hr"/><SP WIDTH="14" VPOS="1405" HPOS="213"/>
							<String ID="string_405" HPOS="227" VPOS="1399" WIDTH="151" HEIGHT="28" WC="0.88" CONTENT="Äkerman:"/><SP WIDTH="31" VPOS="1399" HPOS="378"/>
							<String ID="string_406" HPOS="409" VPOS="1405" WIDTH="45" HEIGHT="22" WC="0.95" CONTENT="Hra"/><SP WIDTH="20" VPOS="1405" HPOS="454"/>
							<String ID="string_407" HPOS="474" VPOS="1405" WIDTH="102" HEIGHT="22" WC="0.96" CONTENT="Sundvall"/><SP WIDTH="16" VPOS="1405" HPOS="576"/>
							<String ID="string_408" HPOS="592" VPOS="1411" WIDTH="26" HEIGHT="16" WC="0.96" CONTENT="on"/><SP WIDTH="15" VPOS="1411" HPOS="618"/>
							<String ID="string_409" HPOS="633" VPOS="1405" WIDTH="21" HEIGHT="27" WC="0.97" CONTENT="jo"/><SP WIDTH="16" VPOS="1405" HPOS="654"/>
							<String ID="string_410" HPOS="670" VPOS="1405" WIDTH="162" HEIGHT="21" WC="0.96" CONTENT="huomauttanut"/><SP WIDTH="21" VPOS="1405" HPOS="832"/>
							<String ID="string_411" HPOS="853" VPOS="1405" WIDTH="78" HEIGHT="21" WC="0.96" CONTENT="valtion"/>
						</TextLine>
						<TextLine ID="line_43" HPOS="113" VPOS="1433" WIDTH="818" HEIGHT="28">
							<String ID="string_412" HPOS="113" VPOS="1434" WIDTH="185" HEIGHT="21" WC="0.96" CONTENT="velvollisuudesta"/><SP WIDTH="15" VPOS="1434" HPOS="298"/>
							<String ID="string_413" HPOS="313" VPOS="1435" WIDTH="56" HEIGHT="26" WC="0.96" CONTENT="pitää"/><SP WIDTH="15" VPOS="1435" HPOS="369"/>
							<String ID="string_414" HPOS="384" VPOS="1435" WIDTH="72" HEIGHT="20" WC="0.96" CONTENT="huolta"/><SP WIDTH="14" VPOS="1435" HPOS="456"/>
							<String ID="string_415" HPOS="470" VPOS="1440" WIDTH="36" HEIGHT="15" WC="0.93" CONTENT="sen"/><SP WIDTH="17" VPOS="1440" HPOS="506"/>
							<String ID="string_416" HPOS="523" VPOS="1433" WIDTH="126" HEIGHT="22" WC="0.92" CONTENT="alaikäisistä"/><SP WIDTH="9" VPOS="1433" HPOS="649"/>
							<String ID="string_417" HPOS="658" VPOS="1433" WIDTH="104" HEIGHT="27" WC="0.96" CONTENT="jäsenistä."/><SP WIDTH="23" VPOS="1433" HPOS="762"/>
							<String ID="string_418" HPOS="785" VPOS="1433" WIDTH="71" HEIGHT="22" WC="0.96" CONTENT="Meillä"/><SP WIDTH="10" VPOS="1433" HPOS="856"/>
							<String ID="string_419" HPOS="866" VPOS="1434" WIDTH="65" HEIGHT="21" WC="0.96" CONTENT="onkin"/>
						</TextLine>
						<TextLine ID="line_44" HPOS="113" VPOS="1461" WIDTH="818" HEIGHT="22">
							<String ID="string_420" HPOS="113" VPOS="1463" WIDTH="53" HEIGHT="19" WC="0.96" CONTENT="tästä"/><SP WIDTH="15" VPOS="1463" HPOS="166"/>
							<String ID="string_421" HPOS="181" VPOS="1463" WIDTH="75" HEIGHT="20" WC="0.96" CONTENT="asiasta"/><SP WIDTH="15" VPOS="1463" HPOS="256"/>
							<String ID="string_422" HPOS="271" VPOS="1462" WIDTH="131" HEIGHT="21" WC="0.91" CONTENT="säännöksiä."/><SP WIDTH="29" VPOS="1462" HPOS="402"/>
							<String ID="string_423" HPOS="431" VPOS="1461" WIDTH="135" HEIGHT="21" WC="0.91" CONTENT="Koululaissa"/><SP WIDTH="22" VPOS="1461" HPOS="566"/>
							<String ID="string_424" HPOS="588" VPOS="1461" WIDTH="111" HEIGHT="21" WC="0.96" CONTENT="säädetään"/><SP WIDTH="15" VPOS="1461" HPOS="699"/>
							<String ID="string_425" HPOS="714" VPOS="1463" WIDTH="42" HEIGHT="19" WC="0.97" CONTENT="että"/><SP WIDTH="15" VPOS="1463" HPOS="756"/>
							<String ID="string_426" HPOS="771" VPOS="1461" WIDTH="126" HEIGHT="21" WC="0.96" CONTENT="koululaisia"/><SP WIDTH="15" VPOS="1461" HPOS="897"/>
							<String ID="string_427" HPOS="912" VPOS="1462" WIDTH="19" HEIGHT="21" WC="0.97" CONTENT="ei"/>
						</TextLine>
						<TextLine ID="line_45" HPOS="113" VPOS="1489" WIDTH="818" HEIGHT="28">
							<String ID="string_428" HPOS="113" VPOS="1496" WIDTH="36" HEIGHT="15" WC="0.95" CONTENT="saa"/><SP WIDTH="22" VPOS="1496" HPOS="149"/>
							<String ID="string_429" HPOS="171" VPOS="1490" WIDTH="50" HEIGHT="22" WC="0.96" CONTENT="edes"/><SP WIDTH="21" VPOS="1490" HPOS="221"/>
							<String ID="string_430" HPOS="242" VPOS="1490" WIDTH="60" HEIGHT="22" WC="0.96" CONTENT="viedä"/><SP WIDTH="22" VPOS="1490" HPOS="302"/>
							<String ID="string_431" HPOS="324" VPOS="1490" WIDTH="148" HEIGHT="21" WC="0.96" CONTENT="ravintoloihin"/><SP WIDTH="21" VPOS="1490" HPOS="472"/>
							<String ID="string_432" HPOS="493" VPOS="1490" WIDTH="64" HEIGHT="20" WC="0.95" CONTENT="ilman"/><SP WIDTH="25" VPOS="1490" HPOS="557"/>
							<String ID="string_433" HPOS="582" VPOS="1489" WIDTH="152" HEIGHT="21" WC="0.95" CONTENT="asianomaisen"/><SP WIDTH="25" VPOS="1489" HPOS="734"/>
							<String ID="string_434" HPOS="759" VPOS="1490" WIDTH="66" HEIGHT="27" WC="0.96" CONTENT="lupaa."/><SP WIDTH="31" VPOS="1490" HPOS="825"/>
							<String ID="string_435" HPOS="856" VPOS="1489" WIDTH="75" HEIGHT="22" WC="0.96" CONTENT="Miksei"/>
						</TextLine>
					</TextBlock>
				</ComposedBlock>
			</PrintSpace>
		</Page>
	</Layout>
</alto>
