1100 1809
186 142 41 21 800
407 145 249 21 Kommunalförvaltning
668 144 28 22 på
707 145 78 17 landet.
932 144 16 16 4
960 144 47 20 maj.

186 216 36 26 let,
240 215 45 21 ifall
300 222 49 14 man
365 214 68 20 skilde
448 214 22 20 åt
484 214 255 26 inkomstbeskattningen
755 213 38 21 och
809 212 198 28 fastighetsskatten.

186 244 50 21 Mitt
259 244 78 26 förslag
362 248 50 15 vore
436 242 70 21 därför
529 244 29 19 att
580 242 6 20 i
604 243 11 19 I
630 248 63 14 mom.
709 242 21 20 af
745 242 27 20 82
789 242 12 26 $
817 241 65 27 enligt
897 240 111 22 utskottets

186 273 79 25 förslag
279 272 69 21 skulle
363 271 121 21 framhållas
499 271 7 20 i
521 271 64 21 första
600 270 114 27 meningen
730 272 30 20 att
771 272 75 19 räntan
857 270 26 28 på
895 269 114 28 upplånadt

186 301 84 27 kapital,
293 299 123 22 intecknadt
436 300 52 20 eller
507 299 47 21 icke
568 299 130 26 intecknadt,
712 299 69 21 skulle
796 298 46 21 från
858 298 150 27 behållningen

187 330 102 20 afräknas.
319 328 101 22 Däremot
442 328 69 21 skulle
530 328 70 21 såsom
616 330 29 19 ett
666 328 6 20 2
687 334 63 14 mom.
766 328 96 26 tilläggas
876 334 27 15 en
919 327 90 21 bestäm-

188 358 57 28 ning,
268 356 177 28 hufvudsakligen
468 356 228 22 öfverensstämmande
711 356 49 21 med
777 357 10 20 1
804 362 62 15 mom.
882 357 7 20 i
904 355 105 28 professor

186 386 146 22 Hermansons
346 386 134 26 reservation,
496 386 21 20 af
531 385 94 21 innehåll
640 387 30 19 att
684 391 62 21 egare
762 385 21 21 af
792 384 217 28 jordbruksfastighet,

187 416 83 20 utöfver
292 415 41 20 den
354 413 107 22 skattbara
482 414 97 26 inkomst,
602 420 45 14 som
662 413 27 28 på
703 414 69 26 grund
789 414 21 20 af
824 414 126 26 föregående
965 420 44 14 mo-

187 446 58 19 ment
267 444 77 20 honom
367 443 88 27 påföres,
475 442 53 21 skall
544 442 108 21 tillräknas
668 442 69 21 såsom
752 442 93 21 skattbar
859 442 93 21 inkomst
967 442 42 20 viss

187 474 87 26 procent
295 472 22 20 af
337 472 137 26 fastighetens
496 471 179 27 taxeringsvärde.
712 470 63 22 Hvad
798 471 94 21 däremot
912 470 98 22 beträffar

187 501 158 21 reservationen
361 500 9 20 i
389 500 68 26 öfrigt,
473 500 48 20 ville
536 501 35 27 jag
585 500 70 20 lämna
670 500 42 20 den
727 499 64 27 åsido,
807 500 27 20 då
847 500 35 26 jag
896 500 70 20 finner
980 501 30 19 att

188 530 12 20 2
216 536 63 14 mom.
294 530 8 19 i
317 528 111 22 utskottets
443 528 83 28 förslag,
542 535 45 15 som
604 528 26 20 då
645 528 68 21 skulle
728 528 65 21 blifva
809 528 35 21 det
858 528 67 27 tredje
940 528 6 21 i
962 528 47 21 ord-

188 558 85 27 ningen,
295 557 89 21 innebär
404 564 26 14 en
452 557 48 21 fullt
519 557 111 27 tillräcklig
645 557 107 27 regulator
766 557 33 21 för
814 557 25 21 de
854 558 86 26 möjliga
955 556 55 22 orik-

188 587 89 27 tigheter
299 586 40 21 och
360 586 132 27 obilligheter
518 586 11 21 å
552 593 40 14 ena
607 586 60 20 sidan
683 586 38 21 och
737 586 41 20 den
793 586 33 21 för
839 586 48 27 låga
902 586 108 27 uppskatt-

187 616 52 26 ning
257 615 12 21 å
284 615 41 21 den
341 615 71 26 andra,
427 621 47 14 som
488 615 66 27 enligt
569 615 26 21 de
610 614 35 21 två
660 614 127 27 föregående
802 617 121 19 momenten
938 614 71 21 kunde

187 644 80 27 uppstå.
296 643 48 21 Mitt
366 643 78 27 förslag
466 643 37 26 går
522 643 89 21 sålunda
626 644 24 20 ut
664 643 26 27 på
706 650 25 14 en
749 643 118 21 återremiss
882 644 7 20 i
904 643 36 21 det
954 644 56 26 syfte

188 674 30 20 att
233 672 28 21 all
275 675 66 23 ränta,
357 672 89 21 sålunda
461 672 62 21 äfven
539 672 12 21 å
565 672 112 21 intecknad
694 672 61 21 skuld
769 672 56 28 finge
833 672 46 21 från
890 672 120 20 inkomsten

188 701 103 27 afdragas,
306 707 49 15 men
378 702 30 19 att
430 700 68 22 såsom
517 703 29 19 ett
561 702 12 20 2
589 707 62 15 mom.
666 701 9 20 i
689 702 27 19 82
732 701 12 27 $
761 700 94 28 tillägges
870 702 30 20 att
915 707 61 21 egare
989 700 21 21 af

187 730 104 27 fastighet,
312 730 84 20 utöfver
411 730 54 20 hvad
482 730 11 20 1
510 736 62 14 mom.
588 730 7 20 i
610 729 57 21 detta
682 730 99 20 afseende
796 730 94 26 innebär,
906 729 53 21 skall
974 729 35 27 på-

188 760 55 21 föras
258 759 69 21 såsom
343 758 94 21 skattbar
451 758 92 21 inkomst
558 758 42 21 viss
615 760 87 25 procent
716 758 22 21 af
753 758 135 26 fastighetens
901 758 107 28 uppskatt-

188 788 133 27 ningsvärde,
343 787 54 21 dock
419 787 46 21 icke
487 788 83 20 utöfver
590 788 54 25 49/,.
675 787 43 21 Min
741 787 98 21 anhållan
858 794 50 14 vore
924 789 35 25 att,
975 794 35 14 om

189 816 56 22 detta
260 816 47 21 mitt
321 816 84 27 förslag,
420 822 45 14 som
480 816 23 27 ju
518 816 8 28 i
540 816 42 21 viss
597 816 49 21 mån
662 816 86 27 afviker,
763 822 50 15 men
828 816 54 21 dock
896 816 8 21 i
919 816 91 20 hufvud-

188 846 38 20 sak
248 844 133 28 sammangår
403 845 47 20 med
473 845 25 20 hr
518 841 100 31 Öhmans,
639 844 68 22 skulle
730 845 22 21 af
772 845 82 21 ståndet
875 846 92 26 antagas,
983 851 27 14 en

188 874 119 21 återremiss
328 873 69 21 skulle
420 879 38 22 ega
480 880 47 14 rum
550 874 32 21 för
604 873 64 27 nödig
689 874 155 27 omredigering
858 874 7 20 i
881 874 35 21 det
931 874 21 20 af
967 874 43 26 mig

188 901 124 23 framhållna
327 902 62 27 syfte.

256 959 32 21 Hr
309 959 169 27 Holmberg,
500 960 84 20 Axel:
607 960 163 27 Ifrågavarande
785 960 97 28 paragraf
898 960 65 26 enligt
978 961 32 19 ut-

189 988 87 21 skottets
299 988 79 27 förslag
400 989 22 19 är
444 994 26 14 en
494 990 74 25 trogen
583 988 63 27 kopia
662 988 21 20 af
698 988 40 21 den
754 989 33 20 för
801 989 97 21 städerna
914 988 96 28 gällande

189 1017 161 27 bestämningen
373 1016 129 22 beträffande
518 1017 39 21 den
574 1016 136 22 kommunala
725 1019 130 25 taxeringen.
886 1017 40 21 Om
942 1017 68 21 denna

189 1045 132 27 bestämning
343 1046 8 20 i
371 1045 97 21 städerna
484 1046 40 20 kan
539 1045 71 21 lämna
624 1052 47 14 rum
686 1046 33 20 för
734 1046 121 27 godtycklig
870 1046 102 26 taxering,
987 1046 24 20 så

189 1074 95 21 kommer
306 1074 41 20 den
370 1074 26 27 på
419 1074 71 21 landet
512 1076 30 19 att
564 1076 50 25 göra
629 1074 35 21 det
679 1074 7 20 i
701 1076 58 19 ännu
774 1074 86 27 mycket
874 1075 64 27 högre
953 1074 57 27 grad,

189 1103 90 20 emedan
293 1102 343 28 hufvudbeskattningsföremålen
651 1103 7 20 i
673 1103 217 21 landskommunerna
904 1106 36 18 äro
954 1103 56 28 jord-

189 1132 126 26 lägenheter.
346 1132 124 20 Inkomsten
492 1132 47 20 från
562 1131 60 21 dessa
644 1131 171 28 jordlägenheter
836 1134 23 18 är
874 1134 74 25 ytterst
963 1132 48 20 svår

189 1162 30 18 att
234 1160 89 21 bedöma
337 1160 7 20 i
360 1160 50 20 våra
424 1160 152 22 förhållanden.
607 1160 29 21 På
652 1160 40 21 den
708 1160 68 26 grund
793 1163 29 19 att
836 1161 41 20 den
892 1162 56 20 stora
956 1167 54 15 mas-

189 1195 38 14 san
250 1189 22 20 af
289 1188 139 27 jordbrukare
450 1188 46 22 icke
518 1189 33 21 för
570 1189 69 27 någon
654 1189 93 27 egentlig
762 1189 41 21 bok
819 1190 58 20 öfver
892 1190 32 20 sin
940 1190 71 20 affärs-

190 1218 133 20 värksamhet
337 1217 82 20 känner
433 1217 152 27 jordbrukaren
601 1217 47 21 icke
663 1218 46 20 sina
724 1218 115 20 inkomster
854 1218 21 20 af
888 1218 123 20 densamma

190 1246 39 20 och
251 1246 95 20 kommer
368 1246 68 20 under
455 1245 78 21 sådana
547 1246 145 20 förhållanden
708 1246 43 20 ofta
766 1248 30 19 att
811 1246 99 28 uppgifva
925 1248 29 19 att
969 1247 41 19 han

192 1274 47 20 icke
254 1274 44 20 haft
312 1273 70 27 någon
398 1274 92 20 inkomst
505 1275 21 19 af
540 1275 33 19 sin
588 1274 104 27 lägenhet.
721 1274 74 21 Under
811 1275 77 20 sådana
898 1275 112 20 förhållan-

190 1302 41 20 den
254 1302 65 20 måste
338 1302 44 27 just
405 1302 5 20 2
426 1309 63 14 mom.
504 1303 22 20 af
540 1303 70 20 denna
624 1302 102 28 paragraf,
741 1309 45 14 som
802 1303 80 20 lämnar
897 1303 114 27 godtycket

190 1332 30 19 ett
240 1330 45 21 vidt
304 1330 99 27 spelrum,
422 1330 119 28 beständigt
560 1332 84 20 komma
659 1331 32 20 till
706 1331 140 27 användning.
876 1331 11 21 I
902 1338 27 14 en
944 1332 66 20 stads-

189 1358 103 20 kommun
314 1359 38 19 har
374 1364 50 14 man
446 1358 85 26 mycket
552 1359 39 20 lätt
611 1360 29 18 att
659 1360 112 25 uppskatta
786 1360 121 20 inkomsten
922 1359 46 20 från
984 1365 26 15 en

190 1386 103 26 fastighet,
314 1385 27 27 på
360 1386 72 20 landet
450 1388 23 18 är
494 1386 40 27 det,
550 1386 68 21 såsom
633 1386 35 27 jag
683 1387 66 20 redan
764 1387 82 28 nämde,
862 1387 61 27 svårt,
938 1388 26 26 ja,
979 1388 32 20 till

190 1414 40 21 och
252 1414 48 21 med
321 1414 44 21 ofta
387 1414 95 28 omöjligt
503 1416 31 20 att
557 1416 51 26 göra
630 1414 40 22 det.
702 1414 77 22 Därför
801 1417 22 19 är
851 1416 38 20 här
907 1422 26 14 en
956 1416 54 21 skild

190 1449 60 15 norm
266 1443 32 21 för
312 1442 162 29 beskattningen
490 1444 21 20 af
524 1444 149 27 jordegarenes
688 1443 127 22 årsinkomst
829 1444 96 28 behöflig.
948 1444 10 21 I
969 1444 41 22 den

190 1471 66 22 andra
274 1472 157 21 reservationen
447 1472 26 21 ha
488 1472 21 20 vi
524 1472 80 22 försökt
618 1474 30 19 att
662 1472 115 22 framställa
792 1479 27 15 en
834 1480 66 20 norm,
916 1480 45 14 som
976 1474 34 20 til-

190 1500 107 28 lämpades
319 1501 8 20 i
349 1500 78 28 Sverge
450 1501 126 21 åtminstone
596 1501 32 21 för
643 1507 26 15 en
685 1502 29 20 tid
730 1502 66 21 sedan
812 1502 39 21 och
866 1509 44 15 som
926 1502 62 22 äfven
1003 1503 7 20 i

191 1529 45 21 vårt
258 1529 49 21 land
327 1530 38 21 har
381 1530 68 20 blifvit
464 1530 51 28 följd
531 1530 126 21 åtminstone
671 1530 8 20 i
694 1536 26 15 en
736 1531 106 21 kommun.
872 1531 73 27 Enligt
960 1532 48 20 den-
