1114 1823
108 124 23 16 13
143 124 47 20 maj.
400 123 230 23 Järnvägsbyggnader.
871 118 53 21 1087

107 192 142 28 delsförening
270 193 39 21 har
330 193 122 28 visserligen
474 194 46 21 låtit
538 194 111 21 värkställa
664 201 26 14 en
707 194 116 27 beräkning
837 194 89 21 rörande

107 221 154 22 räntabiliteten
276 222 33 20 för
324 228 26 14 en
366 222 65 21 sådan
446 222 54 22 bana
516 223 39 21 och
570 223 37 21 har
622 223 88 21 kommit
724 222 31 22 till
771 222 93 27 ovanligt
873 229 53 20 gyn-

107 256 80 14 samma
209 250 92 21 resultat.
330 250 60 21 Efter
408 257 109 21 noggrann
532 251 159 27 undersökning
705 252 37 20 har
755 252 36 26 jag
806 252 121 26 uppskattat

106 278 143 21 inkomsterna
274 278 32 21 för
331 279 41 20 den
398 279 22 21 af
444 278 142 22 Lovisaborna
610 279 120 27 ifrågasatta
754 280 115 26 järnvägen
893 279 32 21 till

107 306 89 27 232,000
211 306 65 21 mark.
298 306 42 22 För
354 313 81 15 samma
450 307 61 21 trafik
525 308 39 20 har
577 307 71 27 Borgå
656 307 187 27 handelsförening
852 307 74 21 beräk-

106 337 36 19 nat
156 335 144 21 inkomsterna
314 335 32 21 till
361 335 90 27 462,000
467 336 59 20 mark
542 336 50 21 eller
607 336 32 20 till
650 336 77 21 dubbla
737 336 104 27 beloppet.
863 335 63 22 Detta

107 363 20 21 af
141 363 70 27 Borgå
226 364 186 27 handelsförening
427 365 117 27 uppgjorda
558 364 78 27 förslag
652 371 61 15 anser
727 364 34 28 jag
777 371 50 15 vara
841 364 86 27 mycket

106 392 40 21 löst
168 392 136 28 hopkommet
326 393 39 21 och
382 392 47 22 icke
444 400 50 14 vara
509 394 85 26 förtjänt
609 394 21 20 af
645 392 72 22 vidare
733 393 122 21 beaktande.
885 392 42 22 Det

106 423 23 19 är
144 420 122 28 visserligen
288 421 78 27 många
385 423 55 19 stora
454 422 104 21 intressen
573 422 32 21 för
620 422 75 26 Borgå,
710 428 45 15 som
770 422 42 21 tala
827 422 32 20 för
874 421 53 28 byg-

106 449 69 26 gande
197 450 21 20 af
240 456 26 14 en
287 449 55 22 bana
357 450 32 21 till
403 450 75 27 Borgå.
507 450 11 21 I
533 450 232 22 koncessionsvilkoren
780 451 33 20 för
827 450 100 28 Borgi—

106 477 70 22 Kervo
192 478 69 21 banan
276 478 61 28 ingår
351 478 106 28 nämligen
473 485 26 15 en
515 479 133 27 bestämning
662 486 35 14 om
710 481 29 19 att
749 479 176 21 koncessionären

107 513 48 20 eger
171 507 93 27 uppbära
279 513 26 15 en
320 510 88 24 procent
423 508 21 20 af
459 508 41 21 alla
512 508 35 20 vid
559 508 69 27 Borgå
641 508 147 21 tullkammare
799 508 126 27 journalise-

107 536 49 20 rade
171 536 32 20 in-
218 536 38 21 och
279 536 105 27 utgående
406 543 61 14 varor
490 537 38 21 och
550 538 35 26 jag
605 539 43 19 tror
666 539 29 19 att
710 536 57 22 detta
782 538 23 19 är
819 538 30 20 ett
863 537 21 20 af
899 536 26 21 de

106 563 134 28 hufvudskäl,
262 571 44 15 som
329 564 58 22 alltid
411 565 83 21 anföras
509 565 33 21 för
556 568 30 19 att
600 572 49 14 man
664 565 65 21 borde
744 566 70 27 bygga
830 571 27 15 en
872 565 54 21 bana

106 593 31 21 till
152 593 75 27 Borgå.
256 595 38 19 Att
309 594 88 26 pålägga
412 594 87 21 trafiken
516 600 26 15 en
558 594 59 26 dylik
631 594 41 27 hög
688 594 55 20 skatt
757 600 61 14 anser
829 594 35 26 jag
876 600 50 14 vara

106 622 7 20 i
128 622 73 27 högsta
223 622 50 27 grad
295 622 113 28 olämpligt.
438 622 41 28 Jag
501 622 32 22 får
548 623 74 26 därför,
638 624 50 19 utan
705 624 29 20 att
749 623 71 21 vidare
835 622 50 27 ingå
899 621 27 29 på

106 650 79 26 frågan,
208 650 87 21 hänvisa
311 651 31 21 till
358 650 26 21 de
399 650 7 21 i
420 651 210 27 järnvägsutskottets
652 651 133 21 betänkande
809 650 117 28 framlagda

106 679 92 20 motiven
215 679 39 20 och
269 679 87 21 föreslår
371 679 119 27 antagande
504 680 21 20 af
540 680 111 21 utskottets
666 679 61 21 kläm.

175 735 58 22 Efter
248 736 36 21 det
298 736 148 21 diskussionen
460 736 50 21 härå
527 736 111 21 förklarats
653 736 96 28 afslutad,
764 736 122 21 framstälde
901 736 26 20 hr

106 764 123 21 talmannen
244 771 26 15 en
286 764 116 28 sålydande
417 765 279 28 omröstningsproposition:

175 820 38 25 De,
235 820 74 22 hvilka
326 822 118 26 godkänna
466 822 112 21 utskottels
592 822 83 27 förslag
690 821 111 27 angående
816 821 110 21 Lovisa—

111 850 108 28 Vesijärvi
228 850 104 28 järnväg,
347 852 59 20 rösta
416 850 39 28 ja;
471 850 32 27 de,
518 850 44 22 icke
576 852 59 26 göra,
650 852 59 19 rösta
723 850 48 27 nej;

174 878 80 22 vinner
272 879 42 27 nej,
330 879 42 21 har
388 879 174 27 borgareståndet
576 879 104 28 omfattat
694 879 27 21 hr
735 878 86 22 Lindhs
836 878 89 28 förslag.

174 937 50 21 Med
245 937 154 28 öfvervägande
421 937 21 27 ja
456 937 44 21 blef
515 937 111 22 utskottets
641 937 78 28 förslag
733 937 90 21 rörande
838 937 89 21 berörda

105 966 88 27 järnväg
207 965 113 28 godkändt.

174 1023 11 20 I
201 1023 113 28 anledning
329 1023 21 21 af
360 1023 111 21 utskottets
481 1023 77 27 förslag
568 1022 110 29 angående
688 1022 157 21 Fredrikshams
856 1022 69 21 banan

106 1052 82 27 yttrade

175 1109 25 20 hr
214 1108 131 21 Boisman:
361 1108 71 22 Nekas
453 1108 41 21 kan
509 1109 46 21 icke
571 1110 29 20 att
615 1114 75 22 genom
707 1108 40 21 den
762 1108 127 21 subvention
905 1108 21 21 af

106 1137 90 26 400,000
211 1137 65 27 mark,
291 1144 45 14 som
346 1136 201 29 järnvägsutskottet
556 1136 107 28 föreslagit
674 1136 32 22 för
717 1143 26 15 en
751 1136 174 22 Fredrikshamns

107 1166 60 28 bana,
187 1166 70 27 någon
272 1166 110 27 möjlighet
396 1172 64 21 synes
474 1166 114 21 förefinnas
603 1166 32 21 för
650 1168 30 18 att
695 1165 73 21 staden
784 1165 52 21 skall
852 1165 74 22 kunna

106 1195 70 27 bygga
195 1202 25 14 en
235 1195 88 27 järnväg
338 1194 32 22 till
384 1194 104 22 Tavastila
503 1195 81 21 station.
614 1194 50 21 Men
679 1194 33 21 för
725 1200 26 15 en
767 1194 54 21 bana
837 1194 21 21 af
872 1194 54 21 blott

107 1224 27 20 14
149 1224 121 20 kilometers
284 1223 64 27 längd
364 1223 59 21 ställa
438 1224 32 26 sig
486 1223 25 21 de
527 1224 105 20 allmänna
645 1223 142 21 kostnaderna
793 1223 33 21 för
837 1222 88 22 affärens

106 1252 128 27 förvaltning
252 1252 152 27 jämförelsevis
423 1252 60 27 höga.
512 1251 41 22 Det
567 1254 24 18 är
605 1252 21 21 af
641 1252 65 20 sådan
722 1251 114 27 anledning
851 1251 74 21 staden

107 1281 73 20 staden
202 1280 74 21 främst
297 1281 87 27 hoppats
406 1283 30 18 att
457 1281 125 21 statsvärket
603 1280 69 21 skulle
691 1280 68 27 bygga
774 1280 39 21 och
828 1279 97 21 trafikera

105 1308 76 22 banan.
211 1308 32 21 Då
267 1309 74 21 staden
364 1309 64 21 utfäst
449 1309 32 27 sig
503 1309 31 20 till
557 1308 73 28 bidrag
651 1309 7 20 i
678 1309 55 20 form
748 1308 21 21 af
783 1308 142 27 räntegaranti

106 1338 68 20 under
197 1337 28 21 tio
248 1338 23 20 år
292 1337 31 21 till
346 1340 30 18 ett
397 1337 82 27 belopp,
502 1337 146 21 motsvarande
668 1337 78 27 3!/,9/,
761 1338 60 20 ränta
836 1336 27 28 pä
877 1336 48 21 hela

106 1366 244 28 anläggningskapitalet,
366 1366 50 21 eller
434 1366 44 27 just
492 1372 80 14 samma
587 1367 108 26 räntesats,
710 1366 31 20 för
756 1364 85 22 hvilken
857 1366 68 20 staten

106 1394 41 21 kan
170 1394 91 28 uppläna
283 1395 76 27 medel,
382 1394 39 22 och
442 1394 27 21 dä
492 1394 34 21 det
546 1394 49 22 med
610 1394 79 21 visshet
703 1394 41 21 kan
759 1394 122 21 förutsättas
895 1395 31 19 att

106 1423 53 21 efter
182 1423 69 21 denna
273 1423 152 27 tioärs-period,
448 1423 68 21 under
531 1423 85 21 hvilken
632 1423 149 21 trafikanterna
795 1422 7 21 i
817 1421 108 21 Fredriks-

105 1452 64 19 hamn
192 1451 104 26 själffallet
318 1452 43 19 helt
375 1452 52 19 visst
448 1451 59 20 skola
527 1451 107 27 uppbjuda
649 1451 28 19 all
692 1452 31 18 sin
738 1451 95 25 förmåga
848 1450 32 20 för
895 1452 30 18 att

106 1478 111 28 uppdrifva
232 1479 80 21 banans
327 1478 61 21 trafik
398 1479 32 20 för
446 1480 30 20 att
486 1478 121 27 därigenom
615 1478 117 27 nedbringa
739 1478 186 27 garantisumman,

106 1507 77 21 banan.
195 1507 52 21 skall
262 1507 71 22 lämna
348 1513 27 15 en
390 1507 120 26 nettovinst,
525 1512 45 16 som
585 1509 117 19 motsvarar
716 1506 126 22 åtminstone
858 1506 68 27 skälig
