1103 1814
83 132 14 16 4
109 130 46 22 maj.
308 131 247 21 Kommunalförvaltning
567 130 28 22 på
606 131 76 17 landet.
864 126 39 20 781

152 200 11 21 I
178 200 115 28 anledning
308 200 21 22 af
345 201 25 21 56
387 201 12 26 $
414 201 81 26 yttrade

151 258 25 20 hr
198 257 144 28 Nybergh,
364 258 118 26 August:
503 258 25 20 56
545 258 12 27 8
573 258 38 21 har
626 258 100 21 utskottet
740 258 163 27 omformulerat,

83 286 66 27 enligt
172 286 81 27 uppgift
274 286 7 20 i
304 286 159 26 motiveringen,
485 286 33 21 för
537 288 29 20 att
581 286 122 22 densamma
718 286 64 21 måtte
797 286 107 21 komma
891 282 16 36 i

83 315 135 21 konformitet
240 315 48 20 med
310 315 42 20 den
367 315 32 20 till
413 314 143 22 innevarande
571 315 99 26 landtdag
686 315 155 21 öfverlämnade
856 321 47 21 pro-

81 343 119 27 positionen
216 350 33 13 om
265 343 119 27 antagande
400 343 21 21 af
436 350 28 19 ny
479 344 34 26 lag
529 344 109 27 angående
653 344 180 26 förmynderskap.
860 343 42 21 En-

81 372 39 28 ligt
135 372 57 21 detta
205 372 114 26 lagförslag
334 372 109 27 angäende
453 372 180 28 förmynderskap,
643 372 79 21 hvilket
730 372 21 21 af
761 372 141 27 lagutskottet,

81 401 70 21 sävidt
173 401 115 21 detsamma
308 401 41 20 kan
369 403 46 18 röra
431 400 68 22 denna
514 401 102 27 paragraf,
631 401 117 27 föreslagits
763 401 33 21 till
810 401 92 27 godkän-

82 430 76 26 nande,
180 430 96 20 kommer
297 429 187 21 kommunalnämd
507 430 46 21 icke
575 432 29 19 att
623 430 62 20 hafva
700 430 68 26 någon
786 430 117 27 befattning

81 458 50 21 med
153 458 180 27 förmynderskap,
356 460 50 18 utan
429 458 40 21 den
488 458 78 28 tillsyn,
581 465 47 14 som
643 464 64 22 egnas
722 458 180 28 förmynderskap,

82 487 83 21 utöfvas
190 487 20 20 af
235 488 30 19 ett
289 486 98 21 särskildt
412 489 137 19 sammansatt
573 494 71 20 organ,
668 487 234 26 förmyndarenämden,

81 515 85 21 hvartill
182 515 141 21 ordföranden
338 517 57 20 utses
410 516 21 20 af
446 516 90 21 domstol
551 516 39 21 och
605 516 143 21 ledamöterna
758 516 21 20 af
789 516 41 21 den
841 522 61 21 myn-

81 545 77 26 dighet,
183 551 45 14 som
252 545 83 20 utöfvar
359 545 140 20 kommunens
520 545 170 21 beslutanderätt.
719 544 49 21 Med
787 545 114 27 anledning

81 573 60 21 häraf
162 573 38 21 och
221 573 33 27 då,
276 573 69 20 såsom
365 573 79 26 nämdt,
465 573 215 21 kommunalnämden
700 574 7 20 i
722 573 63 27 ingen
800 573 101 21 händelse

81 602 95 20 kommer
200 603 29 19 att
250 602 63 21 hafva
335 601 66 28 några
422 602 126 27 åligganden
571 602 127 21 beträffande
721 602 180 27 förmynderskap,

80 630 70 21 skulle
171 631 35 26 jag
228 630 76 21 föreslå
325 633 30 18 att
376 631 176 27 borgareståndet,
568 631 47 21 med
631 631 82 26 hänsyn
729 631 30 21 till
776 631 26 20 56
819 631 17 27 8,
852 631 49 20 ville

81 659 83 21 besluta
179 661 35 25 att,
229 659 44 21 ifall
288 659 135 27 lagförslaget
438 660 88 21 rörande
541 659 175 28 förmynderskap
726 660 75 20 vinner
808 659 93 27 godkän-

81 687 75 28 nande,
180 688 25 21 56
228 687 11 28 &
260 694 62 15 anses
345 687 164 22 äterremitterad
531 688 32 21 till
585 688 226 21 kommunalutskottet
825 687 32 22 för
872 689 30 20 att

80 716 108 22 eventuelt
206 717 101 20 uteslutas
323 715 52 22 eller
389 717 142 27 omredigeras
546 717 7 21 i
569 717 216 21 öfverensstämmelse
800 717 49 20 med
865 723 36 14 an-

80 745 59 28 gifna
154 745 174 22 sakförhällande.

148 808 33 21 Hr
195 808 142 28 Jusölius,
352 808 171 21 Ferdinand:
539 809 42 27 Jag
595 815 62 14 anser
671 809 43 26 mig
729 808 50 21 böra
791 807 109 22 framhålla

81 840 31 19 att
133 837 226 22 kommunalutskottot
380 837 46 21 icke
449 837 72 21 kunde
540 837 114 22 formulera
669 837 69 21 denna
753 837 97 28 paragraf
865 844 37 13 an-

80 866 112 27 norlunda,
214 866 26 21 dä
255 867 101 20 utskottet
370 866 46 21 icke
431 866 71 21 kunde
518 873 49 14 vara
582 866 111 21 förvissadt
708 872 34 15 om
758 868 30 19 att
803 866 41 21 den
859 872 42 20 nya

81 895 62 28 lagen
167 895 84 21 komme
275 895 32 21 till
329 895 97 27 gällande
448 895 55 21 kraft
525 895 52 21 eller
598 901 34 15 om
655 895 99 27 möjligen
770 894 131 28 förmynder-

81 924 221 28 skapslagstiftningen
325 924 68 21 skulle
415 924 98 21 förblifva
535 924 65 21 sädan
617 923 40 22 den
673 925 27 19 är.
730 923 50 22 Men
795 924 40 21 kan
851 930 49 14 man

81 953 84 21 komma
187 953 46 20 frän
256 953 64 21 saken
343 953 26 28 pä
390 955 40 19 sätt
450 953 25 20 hr
494 953 101 27 Nybergh
613 953 113 26 föreslagit,
742 953 23 20 sä
779 955 23 18 är
817 953 29 20 alt
861 952 39 21 väl.

149 1016 32 22 Hr
203 1016 130 21 Berneri:
356 1016 41 28 Jag
418 1022 61 15 anser
497 1018 29 19 att
541 1017 24 20 hr
579 1016 112 27 Nyberghs
706 1016 77 28 förslag
797 1016 46 21 icke
859 1016 41 20 kan

80 1045 129 28 godkännas.
238 1045 31 27 Ty
290 1046 61 20 äfven
367 1052 35 14 om
417 1044 82 22 ständet
514 1045 123 27 godkänner
652 1045 39 21 den
707 1045 35 27 lag
757 1045 88 21 rörande
859 1045 41 20 för-

80 1074 149 28 mynderskap,
244 1080 45 14 som
305 1080 34 14 oss
354 1076 23 18 är
392 1073 99 28 förelagd,
507 1074 37 20 har
559 1074 69 21 denna
642 1074 36 27 lag
692 1074 85 20 därmed
789 1074 48 20 icke
848 1073 52 21 und-

97 1102 29 22 ätt
149 1103 40 21 alla
215 1102 26 21 de
265 1102 114 27 blindskär,
401 1109 45 15 som
466 1102 75 27 finnas,
563 1103 39 21 och
621 1102 65 21 borde
702 1102 42 21 den
758 1102 81 21 således
854 1102 46 21 icke

91 1138 48 19 agas
161 1132 8 20 i
191 1130 136 22 betraktande
350 1131 35 21 vid
407 1131 164 27 formuleringen
590 1131 21 21 af
625 1131 159 27 ifrägavarande
799 1131 101 27 paragraf,

81 1162 52 18 utan
149 1160 67 21 skulle
231 1160 35 28 jag
281 1166 51 15 anse
347 1160 70 21 denna
432 1160 50 21 böra
497 1160 116 21 bibehällas
628 1160 64 21 sädan
708 1160 41 20 den
764 1160 21 20 af
800 1160 101 21 utskottet

79 1187 139 23 formulerats.

148 1251 33 21 Hr
202 1251 143 27 Nybergh,
365 1251 120 28 August:
509 1251 72 21 Sävidt
602 1252 35 26 jag
659 1252 40 20 kan
715 1252 52 26 inse,
781 1250 68 22 finnes
865 1251 35 21 det

80 1280 46 20 icke
141 1280 66 27 nägra
223 1280 43 21 skäl
283 1282 30 19 att
327 1282 76 25 antaga
418 1282 29 19 att
457 1280 134 27 lagförslaget
601 1280 109 27 angäende
720 1280 180 27 förmynderskap,

79 1314 48 14 som
150 1308 8 20 i
180 1308 136 27 lagutskottet
337 1308 47 21 icke
406 1308 38 21 har
465 1308 68 21 blifvit
547 1308 8 20 i
570 1308 115 27 väsentliga
700 1308 58 21 delar
772 1308 128 26 förändradt,

81 1336 46 21 icke
150 1336 68 22 skulle
238 1337 64 21 blifva
317 1336 99 27 slutligen
431 1338 89 26 antaget.
549 1336 42 21 Det
605 1343 63 20 synes
683 1337 44 27 mig
742 1336 114 28 oegentligt
871 1338 29 18 att

80 1371 50 14 man
151 1365 35 20 vid
201 1365 128 28 landtdagen
345 1367 101 25 upptager
460 1366 7 20 i
483 1372 26 14 en
524 1366 35 26 lag
573 1365 121 27 någonting,
710 1372 45 14 som
770 1364 43 21 står
826 1365 7 20 i
849 1364 50 21 strid

80 1393 49 21 med
145 1393 115 22 innehållet
273 1394 8 20 i
296 1400 27 15 en
339 1400 70 14 annan
425 1394 33 20 vid
475 1400 79 15 samma
569 1393 101 28 landtdag
686 1395 90 26 antagen
791 1393 40 27 lag.

149 1460 69 21 Sedan
237 1461 148 21 diskussionen
400 1461 110 21 förklarats
525 1461 97 27 afslutad,
637 1461 120 21 framstälde
771 1461 26 20 hr
811 1460 88 21 talman-

79 1495 43 15 nen
138 1495 26 15 en
180 1489 115 26 sålydande
311 1490 280 27 omröstningsproposition:
