1100 1820
70 133 14 16 4
96 132 47 21 maj.
293 133 250 21 Kommunalförvaltning
554 133 28 21 på
594 134 75 16 landet.
851 128 40 20 789

137 200 33 21 Hr
189 200 140 28 Nybergh,
346 200 123 28 August:
493 200 72 22 Sävidt
579 201 35 27 jag
629 201 38 21 har
681 201 82 21 kunnat
777 201 50 27 följa
843 201 48 21 med

69 230 25 20 hr
116 228 55 22 Ecks
194 229 141 27 andragande,
357 236 64 20 synes
444 230 41 20 den
507 230 21 20 af
542 230 77 20 honom
635 230 73 26 gjorda
723 230 168 27 anmärkningen

69 257 96 27 befogad,
178 258 69 20 därest
262 258 41 20 den
318 257 47 21 icke
380 258 41 20 kan
436 258 21 20 af
472 258 70 26 någon
557 258 183 20 utskottsledamot
754 258 73 26 jäfvas.
849 258 43 20 Det

69 292 64 20 synes
154 286 44 26 mig
221 286 81 27 framgå
323 286 21 20 af
365 286 27 20 99
408 286 18 27 $,
441 286 68 27 punkt
526 286 17 27 1,
558 288 30 19 att
604 286 35 20 det
653 286 121 21 förutsättes
790 288 31 18 att
836 286 26 20 72
879 286 12 27 $

69 314 54 20 skall
145 314 106 20 innehålla
271 314 115 26 stadgande
409 321 35 14 om
463 314 113 21 huruledes
591 314 70 21 beslut
676 314 105 27 kungöras
795 314 8 20 i
819 314 72 26 kyrka.

69 342 70 27 Något
154 342 75 21 sådant
243 342 98 28 framgår,
356 342 68 21 såsom
440 343 25 20 hr
479 342 45 22 Eck
538 343 66 21 redan
619 342 95 28 påpekat,
729 342 46 22 icke
792 349 25 14 ur
831 349 60 21 para-

69 371 78 27 grafen.
176 370 42 22 Det
239 371 108 21 förefaller
368 371 43 27 mig
434 371 76 27 därför,
532 372 69 20 såsom
622 371 66 27 sagdt,
708 378 47 14 som
776 378 34 14 om
829 372 25 20 de
870 371 21 21 af

68 400 77 20 honom
163 400 112 20 omnämda
291 400 66 21 orden
371 400 66 21 borde
452 400 55 27 utgå.

137 456 70 21 Sedan
223 457 148 21 diskussionen
391 457 86 20 härmed
492 457 110 21 förklarats
617 456 96 27 afslutad,
728 457 122 21 framstälde
865 457 25 20 hr

68 485 121 21 talmannen
205 492 26 14 en
247 485 115 27 sälydande
378 485 281 28 omröstningsproposition
649 481 14 38 :

137 541 39 27 De,
192 542 75 21 hvilka
280 542 118 28 godkänna
412 542 113 21 utskottets
539 542 83 28 förslag
638 542 35 21 till
688 542 79 28 lydelse
781 542 36 27 för
831 543 29 20 72
869 543 20 26 $,

68 572 59 19 rösta
136 571 39 27 ja;
191 571 32 26 de,
238 571 35 20 det
287 571 45 20 icke
345 573 62 25 göra,
422 573 60 19 rösta
497 571 47 27 nej;

137 599 80 21 vinner
236 599 43 28 nej,
301 599 42 21 har
366 599 175 27 borgareständet
562 599 87 27 förenat
671 598 33 28 sig
726 605 36 15 om
785 598 27 21 hr
835 598 55 22 Ecks

68 627 89 28 förslag.

136 685 161 27 Propositionen
312 685 126 21 besvarades
453 685 48 21 med
517 685 156 27 öfvervägande
685 685 41 27 nej,
738 684 85 22 hvarför
833 684 56 21 stän-

68 713 36 21 det
118 714 87 20 beslutit
220 716 29 18 att
264 720 26 14 ur
305 714 123 27 paragrafen
439 714 92 21 utesluta
541 714 65 21 orden
619 714 113 20 »försävidt
743 714 36 20 det
788 716 35 18 rör
833 714 56 20 frän-

68 742 92 21 varande
175 749 76 21 person
267 742 109 22 enskildt.»

137 800 82 20 73—76
236 800 26 27 $$
277 800 123 28 godkändes
415 801 50 19 utan
482 799 124 21 diskussion.

136 856 134 22 Beträffande
286 858 25 20 77
330 858 11 26 8
357 857 82 27 yttrade

137 915 24 19 hr
175 914 136 27 Nybergh,
326 914 121 26 August:
470 913 10 21 I
495 913 92 27 enlighet
603 913 48 20 med
667 915 29 18 ott
710 913 89 27 tidigare
814 913 75 20 fattadt

69 942 68 21 beslut
152 942 51 21 böra
219 943 62 20 ocksä
294 943 38 20 här
347 943 8 20 i
370 942 79 21 midten
465 942 21 21 af
500 941 123 28 paragrafen
639 941 65 21 orden
722 941 52 21 »och
789 948 49 14 vare
854 941 34 20 vid

67 971 136 21 fördubbladt
218 971 42 21 vite
275 971 21 21 af
311 971 13 20 6
339 971 73 20 mark»
428 971 51 26 lyda
496 971 51 20 »och
563 976 49 15 vare
625 970 35 20 vid
673 970 98 27 äfventyr
786 972 30 19 att
829 970 59 27 afgif-

68 1002 36 19 ten
118 1000 135 21 fördubblas»
268 1006 18 15 o.
301 1006 16 14 s.
333 1007 19 13 v.

135 1057 33 21 Hr
186 1050 150 27 Åkerman:
360 1056 210 20 Johdonmukaisesti
585 1057 74 25 täytyy
675 1055 78 21 kaiketi
769 1057 60 24 myös
843 1055 46 20 lau-

68 1092 50 15 seen
134 1085 120 21 edellisessä
269 1091 71 15 osassa
354 1085 96 26 löytyvät
465 1087 60 18 sanat
541 1084 142 20 »maksakoon
698 1083 79 21 sakkoa
793 1084 12 20 3
820 1084 69 20 mark-

67 1114 52 20 kaa»
142 1116 97 18 muuttaa
260 1114 43 20 niin
326 1115 42 19 että
398 1119 25 15 ne
447 1113 80 21 tulevat
548 1112 131 21 kuulumaan
702 1112 157 20 »suorittakoon
875 1112 13 20 3

68 1142 121 26 markkaa»,
204 1142 99 21 ruotsiksi
321 1142 96 27 »erlägge
433 1148 26 14 en
475 1142 60 26 afgift
550 1141 21 21 af
587 1142 12 20 3
614 1140 77 21 mark.»

135 1198 13 21 I
163 1199 93 27 enlighet
269 1199 48 21 med
333 1199 26 21 de
370 1198 22 21 af
401 1199 35 20 hrr
446 1198 101 27 Nybergh
557 1198 40 20 och
608 1190 108 28 Åkerman
727 1196 74 22 väckta
811 1196 78 28 förslag

68 1227 67 21 beslöt
150 1227 173 27 borgareståndet
342 1230 50 18 utan
407 1227 70 27 yppad
492 1226 177 27 meningsolikhet
683 1228 29 18 att
727 1226 66 20 andra
808 1226 81 20 menin-

68 1262 41 21 gen
124 1256 7 20 i
147 1256 25 20 77
189 1257 12 26 &
217 1256 68 21 skulle
301 1256 79 21 erhålla
395 1255 94 27 följande
504 1254 124 22 förändrade
643 1254 90 26 lydelse:
759 1253 130 21 »Uteblifver

68 1285 42 19 han
133 1284 39 21 och
192 1285 83 26 styrker
294 1285 18 27 ej
328 1284 48 28 laga
390 1284 75 23 förfall,
481 1284 83 27 erlägge
579 1283 31 21 till
626 1283 141 20 kommunens
783 1282 106 20 allmänna

67 1313 62 21 kassa
143 1315 32 19 tre
189 1313 66 25 mark,
271 1313 38 21 och
325 1319 55 21 vare,
396 1312 34 21 vid
446 1312 97 26 äfventyr
555 1314 29 19 att
595 1311 87 28 afgiften
692 1310 129 28 fördubblas,
832 1310 57 27 skyl-

68 1341 36 28 dig
118 1342 30 20 att
163 1341 12 21 ä
190 1348 69 14 annan
275 1343 66 19 utsatt
355 1341 41 27 dag
411 1341 205 21 tillstädeskomma.»

136 1397 41 21 Vid
195 1399 25 20 78
237 1399 11 26 $
264 1397 69 22 anhöll

136 1455 25 19 hr
183 1454 161 26 Holmberg,
366 1453 77 26 Axel,
466 1460 34 13 om
521 1454 60 19 ordet
596 1453 38 20 och
649 1453 93 25 yttrade:
765 1452 73 20 Ehuru
853 1452 35 26 jag

67 1482 47 21 icke
129 1482 38 20 har
181 1481 153 21 undertecknat
349 1481 43 20 den
406 1481 66 26 fjärde
487 1481 162 25 reservationen,
664 1481 36 19 har
715 1480 36 27 jag
765 1480 7 20 i
788 1479 100 21 utskottet

68 1510 66 21 likväl
156 1510 96 21 omfattat
269 1516 81 14 samma
365 1509 59 28 åsikt,
440 1511 29 19 att
482 1509 104 27 nämligen
603 1508 35 21 det
652 1507 175 28 inkomstbelopp,
842 1514 46 14 som
