1078 1809
233 130 13 20 4

203 193 15 19 4
233 192 59 24 tåget.
322 192 56 20 Hvad
400 192 63 24 öfriga
483 192 130 24 anordningar
627 192 60 24 angår
702 192 34 20 ber
749 194 34 23 jag
798 195 29 18 att
842 192 19 21 få
876 194 80 19 hänvisa

204 222 32 19 till
250 221 77 23 bilagda
340 221 99 24 broschyr,
451 221 74 23 kartor,
537 222 148 24 situationsplan
696 221 37 20 och
746 222 107 24 långprofil.

274 250 38 19 Det
334 250 109 23 föreslagna
466 252 102 22 systemets
593 250 185 24 ändamålsenlighet
793 250 36 20 och
844 252 110 23 transport-

205 278 89 23 förmåga
313 278 75 24 belyses
407 278 21 19 af
446 281 29 17 att
489 279 7 19 i
511 279 143 24 konungariket
670 278 91 24 Sachsen,
776 280 78 19 hvarest
868 280 88 23 samtliga

206 307 166 25 smalspår-banor
389 306 57 21 hafva
461 308 62 18 denna
538 308 91 24 spårvidd
645 306 21 20 af
680 307 26 20 75
722 308 121 23 centimeter,
857 308 63 19 under
934 308 23 19 år

206 336 55 20 1894
276 336 12 19 &
302 337 58 19 dessa
374 336 61 20 banor
450 336 125 20 befordrades
591 335 111 25 2,313,289
712 342 93 18 personer
816 338 36 18 och
864 336 92 26 571,990

203 367 36 17 ton
254 365 54 24 gods.

274 393 31 20 En
327 394 43 19 med
392 396 41 17 stor
453 394 126 23 försiktighet
599 394 99 19 verkstäld
718 394 238 24 rentabilitetsberäkning

207 423 57 23 visar,
284 424 29 18 att
334 428 43 14 man
392 422 38 20 kan
446 425 72 17 emotse
533 428 23 14 en
571 423 87 19 inkomst
673 423 21 19 af
708 422 76 24 63,872
799 423 55 20 mark
868 428 31 14 om
914 423 43 19 året

207 450 42 20 från
264 451 187 25 passageraretrafik
471 452 36 19 och
531 451 89 24 169,104
635 451 55 19 mark
704 452 32 18 för
751 452 108 23 godstrafik
874 452 48 19 eller
937 452 20 19 in

205 485 74 14 summa
294 480 91 24 232,976
400 480 60 20 mark.

274 508 77 20 Banans
374 508 245 25 exploitationskostnader
641 511 34 17 äro
697 508 113 20 beräknade
833 511 28 17 att
882 508 75 24 årligen

207 537 50 23 stiga
272 538 29 18 till
318 537 90 23 138,789
424 538 59 24 mark,
498 538 79 19 hvarför
592 538 75 19 således
682 540 29 16 ett
726 538 109 19 öfverskott
849 537 21 19 af
879 537 77 23 94,189

206 566 56 19 mark
277 566 47 19 eller
340 566 12 19 3
361 564 29 28 9/,
404 568 56 17 ränta
475 566 25 24 pä
515 566 221 24 anläggningskapitalet
750 566 90 19 erbålles.

264 594 53 19 Fullt
338 594 125 24 öfvertygade
483 600 30 14 om
532 595 105 23 företagets
660 595 126 23 rentabilitet,
808 595 24 19 ha
847 594 111 20 förstärkta

206 623 176 23 stadsfullmäktige
402 624 7 18 i
427 623 70 19 Lovisa
512 624 44 19 stad
571 624 32 18 vid
618 624 147 22 sammanträde,
781 624 37 19 den
834 622 26 20 11
875 623 82 19 Januari

207 652 55 19 detta
276 652 22 19 är
313 652 92 24 enhälligt
420 652 90 19 beslutit:

275 681 24 19 A.
329 680 28 20 att
376 681 7 19 i
403 680 91 20 händelse
517 683 28 17 ett
567 680 111 24 aktiebolag
698 680 38 20 kan
755 680 77 20 komma
851 682 28 17 att
894 680 64 20 bildas

208 708 31 21 för
257 709 104 20 utförande
380 709 21 19 af
418 715 23 13 en
457 710 113 24 smalspärig
583 710 81 23 jernväg
682 710 81 18 emellan
778 709 71 19 Lovisa
862 709 43 19 stad
921 709 37 20 och

208 738 96 24 Vesijärvi
329 738 29 24 sjö
379 738 7 19 i
406 738 134 24 hufvudsaklig
561 738 198 20 öfverensstämmelse
779 738 43 19 med
843 738 38 18 den
896 738 62 19 under

207 768 89 23 ingeniör
317 767 115 23 Holmbergs
455 767 76 24 ledning
553 767 111 19 verkstälda
684 766 146 20 instrumentala
849 766 108 20 undersök-

208 797 70 23 niogen
293 796 37 19 och
345 796 26 24 pä
386 796 62 18 denna
463 796 99 23 grundade
577 796 90 18 tekniska
683 796 142 23 bestämningar
835 795 36 19 och
882 796 74 24 planer,

209 825 21 19 sä
244 824 100 20 förbinder
360 825 28 23 sig
404 824 74 25 staden,
493 825 30 19 för
538 826 29 17 att
583 824 110 19 underlätta
708 824 134 19 anskaffandet
857 823 20 19 af
888 827 29 16 ett
926 824 32 19 län

206 859 33 14 om
259 853 56 23 högst
335 852 111 24 1,550,000
465 854 62 22 mark,
545 855 29 17 att
596 858 31 14 om
649 853 22 19 sä
685 852 103 24 päfordras
804 855 102 21 garantera
921 853 38 19 den

208 882 62 24 årliga
288 884 70 17 räntan
378 882 37 18 och
435 883 140 22 amorteringen
595 881 21 20 af
634 882 54 18 detta
706 881 31 19 län
752 882 42 18 med
810 883 29 17 ett
854 880 70 26 belopp
940 881 20 19 af

209 911 56 24 högst
280 909 49 28 49%
344 911 48 19 eller
408 910 76 24 62,000
499 911 54 19 mark
566 910 80 24 årligen,
657 910 74 20 hvilket
741 910 70 24 belopp
822 909 30 20 får
862 911 97 19 användas

206 941 24 19 sä
245 940 53 23 långt
314 942 106 17 detsamma
433 940 72 20 räcker
519 940 30 19 till
565 939 129 20 betäckandet
708 939 21 19 af
743 940 57 23 högst
813 939 12 19 5
834 938 28 27 %/,
872 940 88 20 annuitet

206 970 15 18 4
234 969 60 19 länet.

278 997 67 21 Såsom
361 998 63 19 vilkor
440 997 31 19 för
485 994 63 22 denna
563 997 117 20 förbindelse
696 998 60 19 borde
772 997 116 20 fastställas:

279 1026 31 20 1:o
340 1029 29 17 att
388 1028 63 18 staten
469 1026 6 18 i
495 1026 78 23 bolaget
593 1027 81 19 tecknar
688 1026 64 20 aktier
766 1026 30 19 till
811 1028 29 18 ett
855 1026 70 24 belopp
940 1025 22 20 af

210 1054 90 24 750,000
324 1055 56 20 mark
404 1056 47 19 eller
471 1055 159 20 subventionerar
650 1055 98 24 företaget
767 1055 42 19 med
826 1054 134 21 motsvarande

207 1089 83 19 summa;

279 1113 33 19 2:0
341 1115 29 17 att
385 1113 29 19 till
430 1112 91 20 säkerhet
536 1112 31 20 för
581 1113 62 19 länets
658 1113 75 25 kapital
749 1113 37 20 och
801 1114 87 18 annuitet
899 1112 62 20 första

209 1140 113 25 inteckning
337 1141 80 23 beviljas
427 1142 7 18 i
441 1142 116 23 jernvägen;

278 1170 34 19 3:o
341 1172 29 17 att
384 1170 59 23 lånet,
458 1169 59 20 sedan
533 1176 23 13 en
567 1170 95 23 tredjedel
674 1170 22 20 af
706 1170 95 25 kapitalet
813 1170 65 20 blifvit
888 1169 72 25 guldet,

208 1198 52 20 skall
276 1198 21 20 få
311 1198 136 24 konverteras;

279 1227 32 19 4:0
341 1229 29 17 att
389 1229 69 17 räntan
473 1227 12 19 å
499 1227 53 20 lånet
568 1227 104 20 fastställes
688 1228 29 18 till
733 1229 30 17 ett
778 1228 148 23 maximibelopp
941 1227 21 20 af

211 1254 43 25 fyra
268 1255 37 19 och
320 1261 24 14 en
359 1254 105 25 fjerdedels
483 1258 88 22 procent,
587 1256 36 20 och
638 1259 65 17 resten
718 1256 22 19 af
754 1257 112 19 annuiteten
880 1256 36 19 bör
931 1259 30 17 ut-

209 1286 49 21 göra
273 1284 126 25 amortering;
416 1284 35 20 och

280 1312 32 20 5:o
342 1313 89 23 garantin
451 1313 88 23 vidtager
563 1313 43 19 från
628 1313 36 19 den
686 1313 38 23 dag
742 1313 62 19 banan
819 1312 86 25 afsynats
924 1313 38 20 och

209 1342 85 23 öppnats
310 1340 30 20 för
355 1342 131 22 regelbunden
502 1342 67 22 trafik;
585 1344 48 16 samt

280 1369 22 19 B.
332 1371 30 17 att
377 1369 68 19 staden
459 1368 82 20 tecknar
556 1369 65 19 aktier
635 1370 7 18 i
656 1369 79 23 bolaget
749 1368 31 20 för
796 1368 89 25 500,000
900 1370 61 20 mark.

279 1397 10 19 I
304 1397 24 19 de
343 1397 117 23 landsdelar,
475 1402 68 18 genom
559 1398 65 18 hvilka
637 1398 107 24 jernvägen
760 1397 87 20 kommer
861 1399 29 17 att
902 1398 60 23 ledas,

209 1427 25 18 är
256 1426 92 19 intresset
373 1426 32 20 för
427 1425 96 25 företaget
545 1426 56 20 äfven
624 1428 56 21 stort,
699 1426 21 20 så
738 1428 29 18 att
782 1426 101 20 afstående
897 1426 22 21 af
932 1426 32 20 för
