1106 1814
197 129 55 21 1168
423 134 123 17 Folkskolor
558 134 6 16 i
577 134 213 16 landskommunerna.
934 134 22 16 15
969 133 46 21 maj.

196 203 132 26 päättämään
351 202 81 20 asiasta.
462 201 125 22 Ehdottelen
610 201 116 21 sentähden
748 201 159 21 määrättäväksi
923 203 41 19 että
979 203 36 19 tuo

196 230 93 21 ilmoitus
312 230 46 20 olisi
381 229 189 21 kuntakokouksen
593 229 128 21 esimiehelle
744 232 117 18 annettava.
891 229 52 21 Mitä
961 229 55 21 tulee

197 258 144 21 ehdotukseen
364 260 42 19 että
426 258 127 27 vapaaherra
572 264 41 14 von
628 258 80 20 Bornin
724 258 164 21 vastalauseesta
903 258 113 21 otettaisiin

197 288 60 20 sanat
280 287 33 26 oja
334 286 51 28 joita
408 286 88 21 voidaan
518 286 76 22 olettaa
615 286 97 21 kouluun
732 286 119 28 tuleviksi»,
872 286 43 21 niin
931 286 86 28 pyydän

196 316 65 20 saada
284 316 40 20 sitä
349 316 111 26 vastustaa,
483 315 46 21 sillä
551 322 26 14 en
598 317 106 25 ymmärrä
726 315 117 21 millaiselle
864 315 153 27 perustukselle

196 344 101 21 tällainen
312 344 136 20 olettaminen
464 344 178 21 rakennettaisiin.
664 343 38 21 Jos
718 344 75 20 kerran
809 344 96 20 kouluun
920 343 98 28 pyrkivät

196 372 67 27 lapset
285 374 102 25 täyttävät
408 372 280 27 sisäänpääsövaatimukset,
702 372 45 20 niin
762 372 69 27 pitäisi
846 378 38 15 sen
899 372 42 21 olla
956 372 61 21 aivan

197 401 99 21 riittävää.
327 400 106 27 Yhdistyn
449 401 36 20 siis
500 401 36 21 hra
551 400 101 22 Heikelin
665 400 144 22 ehdotukseen
825 402 55 20 tässä
895 402 84 20 asiassa.

265 457 32 21 Hr
315 457 116 21 Heikel:
460 457 12 21 I
487 457 115 27 anledning
616 457 22 21 af
652 457 24 21 hr
691 456 63 22 Lilles
770 459 82 19 senaste
867 458 98 26 yttrande
981 457 36 21 ber

196 487 36 26 jag
246 485 53 23 blott
313 488 31 19 att
355 486 22 20 fä
391 488 78 19 nämna
490 488 28 19 att
532 486 36 28 jag
582 486 46 21 icke
643 486 43 20 kan
700 486 46 21 inse
762 488 29 19 att
806 486 69 27 nägon
888 486 65 21 skada
963 486 54 21 däri-

197 521 76 21 genom
289 521 50 15 vore
355 514 72 28 skedd,
443 521 41 20 om,
499 514 27 22 dä
541 517 29 19 ett
584 515 101 21 trettiotal
700 515 70 21 elever
782 515 79 22 anmält
873 515 36 28 sig,
921 522 26 14 en
959 515 58 21 skola

197 544 87 21 inrättas
305 544 39 21 och
367 544 64 21 sedan
451 544 74 21 endast
541 544 26 21 15
582 545 13 20 ä
610 544 26 21 20
652 543 70 22 elever
737 543 80 22 infinna
831 544 37 27 sig.
897 543 33 22 Dä
945 551 30 14 nu
990 551 27 14 en

197 573 56 27 gäng
275 579 26 14 en
323 572 60 21 skola
402 572 75 28 finnes,
493 573 52 20 skall
560 573 41 21 den
617 579 42 21 nog
674 573 58 20 inom
747 573 47 21 kort
808 573 97 28 tilldraga
920 574 32 26 sig
967 573 50 22 flere

197 601 75 22 elever.

265 658 33 21 Hr
322 659 151 21 Relander:
503 659 73 21 Koska
600 659 95 21 unohdin
717 659 147 21 nimenomaan
886 660 68 21 vaatia
977 661 41 20 että

198 688 63 21 tähän
281 687 105 28 pykälään
408 688 111 21 otettaisiin
535 689 96 26 määräys
646 687 48 22 siitä
708 689 43 20 että
765 688 93 21 ilmoitus
874 688 46 21 olisi
936 688 83 21 tehtävä

198 716 190 21 kuntakokouksen
405 716 133 27 esimiehelle,
554 717 43 20 niin
613 717 79 20 tahdon
707 716 98 21 ehdottaa
820 719 42 18 että
877 719 56 18 tämä
943 717 76 27 pykälä

197 744 130 27 lykättäisiin
348 745 90 20 takaisin
455 745 148 21 valiokuntaan
618 745 53 20 siinä
686 745 163 21 tarkoituksessa
865 747 42 19 että
921 745 98 21 semmoi-

198 779 41 15 nen
254 773 65 27 lisäys
334 773 58 21 tulisi
407 773 73 21 siihen.

266 829 35 21 Hr
322 829 82 22 Lille:
425 830 42 27 Jag
482 830 48 21 ville
546 831 74 20 endast
634 832 45 19 mot
694 831 24 20 hr
732 830 78 21 Heikel
825 831 100 20 anmärka
940 832 29 20 att
985 831 35 21 det

198 860 23 19 är
241 859 22 20 af
284 859 80 26 ganska
386 861 43 19 stor
449 859 45 21 vikt
515 861 30 19 att
560 859 74 21 skolan
650 859 87 21 besökes
753 860 21 20 af
789 861 30 19 ett
833 859 121 28 tillräckligt
969 861 51 20 stort

198 887 58 21 antal
277 887 76 22 elever.
383 887 11 21 I
416 889 85 20 motsatt
521 888 37 21 fall
574 888 41 21 kan
640 887 41 22 den
706 888 46 21 icke
777 889 65 20 räkna
867 888 27 28 pä
918 888 101 22 statssub-

198 916 91 21 vention.

266 973 70 21 Sedan
359 973 147 21 diskussionen
528 973 51 21 härä
599 973 111 21 förklarats
733 973 96 27 afslutad,
852 973 121 22 framstälde
996 973 25 22 hr

197 1001 123 21 talmannen
337 1002 92 26 följande
445 1002 303 27 omröstningspropositioner:

268 1030 18 26 1)
312 1029 135 22 Beträffande
466 1030 25 21 hr
505 1030 63 21 Lilles
584 1030 78 27 förslag
677 1036 34 15 om
727 1030 118 21 äterremiss
860 1031 21 20 af
896 1032 124 26 paragrafen

198 1058 32 21 till
248 1058 101 21 utskottet
368 1058 33 21 för
419 1059 111 21 införande
548 1059 21 20 af
584 1060 30 20 ett
628 1059 122 26 stadgande,
766 1060 145 20 motsvarande
927 1060 42 20 den
986 1060 33 20 be-

198 1087 111 26 stämning,
331 1093 46 15 som
399 1087 103 21 förordats
523 1087 31 21 uti
573 1088 13 20 3
608 1088 12 26 $
635 1088 7 20 i
657 1087 88 21 friherre
761 1094 41 14 von
817 1087 68 21 Borns
901 1088 32 20 till
948 1088 71 21 betän-

198 1115 79 21 kandet
291 1115 76 27 fogade
382 1116 137 20 reservation:

267 1172 39 26 De,
326 1172 75 21 hvilka
418 1173 116 27 godkänna
555 1173 112 21 utskottets
684 1172 82 28 förslag
782 1173 35 21 till
832 1173 78 28 lydelse
925 1173 36 27 för
976 1174 15 20 3
1005 1174 16 27 $

197 1201 10 20 i
221 1201 36 21 det
270 1200 29 28 af
310 1201 27 21 hr
351 1200 58 22 Lille
424 1201 117 21 anmärkta
556 1202 126 26 hänseende,
698 1204 58 18 rösta
766 1202 40 27 ja;
818 1202 31 26 de,
860 1202 35 21 det
904 1202 45 21 icke
959 1204 60 26 göra,

197 1230 60 20 rösta
271 1229 47 27 nej;

267 1258 79 20 vinner
366 1258 42 26 nej,
430 1258 41 20 har
487 1258 174 27 borgareständet
676 1258 88 21 beslutit
778 1258 158 22 återremittera
947 1265 71 21 para-

197 1286 80 27 grafen
291 1286 36 21 till
341 1286 102 21 utskottet
457 1286 9 20 i
481 1286 33 21 det
528 1286 57 28 syfte
600 1287 27 21 hr
641 1286 58 21 Lille
714 1286 119 28 föreslagit.

267 1342 159 27 Propositionen
442 1342 125 22 besvarades
582 1342 48 22 med
646 1342 154 27 öfvervägande
814 1344 26 25 ja.

267 1398 21 26 2)
303 1398 11 20 I
337 1398 114 27 anledning
474 1398 21 21 af
509 1399 25 19 hr
548 1398 116 22 Relanders
679 1398 78 28 förslag
772 1400 31 20 att
817 1399 124 28 paragrafen
956 1399 64 22 måtte

199 1426 162 22 äterremitteras
376 1426 33 21 för
423 1426 110 22 införande
548 1427 22 22 af
585 1427 133 28 bestämning
733 1427 73 22 därom
821 1429 35 26 att,
871 1428 35 21 vid
923 1428 98 22 bildande

198 1455 23 22 af
243 1457 46 26 nytt
311 1455 136 29 skoldistrikt,
469 1456 97 21 anmälan
589 1463 34 14 om
639 1457 81 21 inträde
735 1457 7 20 i
758 1457 73 21 skolan
847 1457 68 22 skulle
931 1458 36 21 ske
983 1458 38 22 hos

197 1485 240 21 kommunalstämmans
453 1485 135 22 ordförande:
