1064 1784
107 222 65 20 vande
192 224 116 24 emigration
338 224 30 19 till
390 224 78 20 förenta
487 226 92 24 staterna,
598 224 102 21 meddelas
718 226 36 19 här
772 226 87 20 hufvud-

106 251 75 25 dragen
195 252 21 18 af
229 251 121 20 densamma.
414 256 4 2 N

174 280 46 18 Alla
234 280 55 19 öfver
304 281 26 19 16
346 280 22 19 är
382 280 65 25 gamla
461 286 99 20 personer,
575 286 43 14 som
633 281 44 19 icke
691 281 69 20 kunna
769 282 42 19 läsa
821 282 37 20 och

106 307 76 20 skrifva
203 308 93 25 engelska
316 308 81 26 spräket
415 308 49 20 eller
483 309 35 19 sitt
537 309 124 25 modersmäl,
683 312 111 22 emottagas
808 310 50 20 icke.

106 336 106 25 Undantag
226 338 58 24 göras
298 337 32 19 för
344 337 54 19 öfver
413 337 27 19 50
456 336 22 20 är
493 338 64 24 gamla
571 338 124 24 invandrare,
706 338 82 20 säframt
798 338 60 20 dessa

105 364 114 26 bevisligen
241 365 60 19 hafva
322 367 30 17 att
369 365 88 25 päräkna
472 365 103 20 underhäll
590 366 5 19 i
615 366 75 20 faders-
705 366 48 20 eller
762 366 96 20 farfaders

105 392 46 20 hus.
172 392 74 26 Hvarje
260 393 114 26 immigrant
384 394 79 25 pröfvas
476 394 30 20 till
515 394 39 20 läs-
564 394 37 20 och
612 394 186 26 skrifkunnigheten
808 395 51 20 efter

104 422 7 19 i
130 421 59 26 lagen
203 422 126 20 föreskrifvet
344 424 45 18 sätt.
418 422 44 20 Den
477 422 35 20 där
526 423 17 25 ej
559 422 68 20 bestär
641 423 85 25 profvet,
741 424 116 19 ätersändes

105 449 30 20 till
150 449 114 21 hemlandet
278 449 27 26 pä
319 450 111 20 bekostnad
445 451 20 18 af
479 451 24 20 de
517 457 52 20 resp.
584 451 165 26 transportbolag,
764 457 44 14 som
820 451 37 20 för-

104 478 76 20 medlat
194 479 117 19 öfverfarten
327 478 30 20 till
372 479 97 20 Amerika.

172 507 127 25 Invandrare,
321 513 43 14 som
386 507 43 20 icke
448 508 75 19 anmält
541 508 77 19 önskan
636 509 30 18 att
680 507 61 20 blifva
756 509 101 24 upptagen

105 534 67 21 såsom
192 535 125 20 amerikansk
331 535 113 26 undersåte,
459 535 30 20 får
504 537 43 19 icke
562 536 130 25 sysselsättas
708 537 34 18 vid
756 537 101 24 offentliga

104 564 87 20 arbeten.
221 564 43 19 Den
282 570 43 13 som
340 565 104 19 använder
458 565 7 18 i
480 565 32 19 sin
527 565 60 25 tjänst
602 565 125 24 invandrare,
741 565 68 19 hvilka
823 565 33 20 be-

104 592 65 20 finnas
184 593 60 19 hafva
258 593 46 19 med
318 593 135 25 kringgående
467 593 20 20 af
501 593 58 26 lagen
572 593 83 20 kommit
665 593 30 20 till
706 594 98 23 Amerika,
812 593 45 20 böte

103 622 30 19 för
152 621 68 25 hvarje
240 621 61 20 skildt
319 621 35 20 fall
373 622 41 19 500
429 621 80 21 dollars.
539 622 114 25 Utländing,
669 628 43 13 som
727 622 7 19 i
750 622 50 20 strid
815 625 41 17 mot

104 650 66 19 denna
184 650 33 25 lag
233 656 72 19 genom
320 650 89 25 misstag,
423 651 133 25 förespegling
567 651 64 20 under
641 651 51 19 form
702 651 21 19 af
732 651 63 19 falska
804 657 52 19 upp-

103 678 60 26 gifter
182 678 48 20 eller
246 685 71 19 genom
336 679 103 25 bedrägeri
454 679 71 20 skaffat
539 680 31 24 sig
584 679 78 20 inträde
676 679 7 20 i
698 679 93 25 unionen,
806 679 50 20 skall

103 707 20 19 af
137 707 290 26 invandringstjänstemannen
442 707 63 20 hållas
517 709 28 19 40
555 708 71 25 dagars
637 707 29 20 tid
676 708 50 19 efter
734 707 122 26 upptäckten

103 735 20 20 af
138 736 110 24 sanningen
263 736 79 25 häktad,
357 737 100 19 hvarefter
471 736 38 20 den
524 737 91 24 skyldige
630 735 26 27 på
671 737 109 19 bekostnad
792 736 19 20 af
823 736 33 20 det

103 764 167 25 transportbolag,
286 770 44 15 som
345 765 99 20 befordrat
459 765 118 20 öfverfarten
591 765 30 19 till
633 765 97 24 Amerika,
741 765 115 20 återsändes

102 792 32 20 till
148 792 119 20 hemlandet.

171 821 147 26 Kärnpunkten
332 821 8 20 i
354 821 67 20 denna
439 828 40 19 nya
493 821 34 27 lag
540 824 23 17 är
577 821 85 20 sålunda
676 821 44 26 den,
736 823 30 18 att
780 822 25 19 de
820 827 35 14 na-

102 849 71 25 tioner,
193 855 43 14 som
255 849 71 20 hittills
345 850 96 19 levererat
463 850 39 20 den
523 850 73 25 högsta
614 850 120 25 kontingent
748 850 20 19 af
782 850 74 19 analfa-

101 878 62 25 beter,
183 878 19 20 d.
222 884 19 13 v.
261 884 16 14 s.
293 884 101 20 personer,
417 884 43 14 som
483 879 42 20 icke
547 881 34 18 äro
603 879 40 20 läs-
658 879 38 19 och
711 879 143 25 skrifkunniga,

101 906 83 20 hindras
200 909 30 17 att
243 907 93 20 nedsätta
351 908 31 24 sig
396 908 7 19 i
418 908 97 24 Amerika.

170 935 89 20 Emedan
277 936 33 25 jag
328 942 59 14 anser
406 938 30 17 att
450 936 65 20 utsikt
529 936 17 26 ej
561 936 107 20 förefinnes
684 936 30 19 till
728 937 30 19 att
772 936 89 25 emigra-'

102 965 68 19 tionen
184 964 44 20 frän
242 964 85 20 Finland
340 964 32 20 till
386 964 85 20 Förenta
486 964 95 26 Staterna,
592 964 81 20 oaktadt
684 964 39 20 den
732 964 124 24 förebädade,

102 994 82 24 stränga
198 993 58 25 lagen
271 993 38 19 blir
322 993 99 25 gällande,
436 993 51 19 skall
498 994 97 23 afstanna,
607 993 38 20 och
655 992 73 26 mänga
739 995 67 18 ömma
816 994 38 19 för-

101 1020 107 21 hällanden
227 1022 59 19 bland
305 1021 48 20 vära
370 1022 8 18 i
396 1022 92 19 Amerika
506 1022 38 19 och
557 1022 132 20 annorstädes
704 1023 56 18 utom
775 1021 80 26 Europa

101 1050 77 19 boende
196 1050 106 20 landsmän
320 1049 79 26 päkalla
413 1050 69 25 andlig
496 1050 37 20 och
547 1050 89 20 materiel
650 1050 53 26 hjälp
718 1050 44 20 frän
778 1050 76 20 moder-

101 1078 79 20 landets
200 1078 47 25 sida,
266 1078 89 20 anhäller
372 1078 34 25 jag
425 1078 101 20 vördsamt
544 1085 32 13 om
594 1080 29 18 att
645 1078 100 25 vällofliga
763 1079 91 24 borgare-

102 1106 82 20 ständet
198 1106 48 20 ville
261 1106 106 21 medvärka
382 1106 31 20 till
428 1112 25 14 en
471 1107 125 25 underdänig
610 1107 85 25 petition
710 1107 77 19 därom:

306 1159 28 18 att
352 1157 57 20 Hans
427 1157 107 27 Kejserliga
552 1158 89 26 Majestät
659 1158 92 25 behagade
768 1158 87 20 nedsätia

238 1192 24 14 en
276 1186 72 20 komite
361 1186 9 19 i
384 1186 91 25 syftemäl
488 1189 28 17 att
527 1187 73 25 pröfva
614 1186 34 20 och
663 1186 107 26 öfverlägga
784 1186 10 20 i
805 1186 50 20 hvad

238 1214 49 20 män
308 1214 86 20 Finland
415 1215 70 24 kunde,
505 1215 86 26 följande
612 1215 62 19 andra
692 1214 10 20 i
715 1215 139 25 emigrationen

238 1243 109 25 deltagande
370 1243 83 25 länders,
468 1243 67 21 såsom
553 1244 84 25 Belgien,
652 1243 98 26 England,
768 1243 86 20 Schweix

238 1272 34 19 och
289 1271 100 26 Tyskland,
404 1272 103 24 föredöme,
523 1272 78 25 ingripa
615 1272 29 20 till
658 1272 60 25 skydd
731 1272 33 25 för
775 1272 22 20 de
806 1272 48 24 frän

237 1300 87 20 Finland
338 1300 136 24 emigrerande,
488 1301 99 25 äfvensom
597 1302 27 18 att
634 1300 9 20 i
653 1300 143 26 sammanhang
807 1300 45 20 här-

239 1329 43 19 med
295 1328 111 25 framställa
419 1328 74 25 förslag
508 1330 29 18 till
550 1328 93 26 åtgärder,
658 1329 70 24 egnade
738 1330 28 18 att
775 1328 79 20 minska

237 1357 145 25 utvandringen.

170 1401 132 26 Helsingfors,
316 1402 39 19 den
370 1403 13 18 8
398 1402 85 19 februari
499 1403 61 19 1897.

603 1451 64 23 Victor
682 1450 103 24 Forselius.
