1106 1825
199 128 54 20 1152
425 133 123 17 Folkskolor
560 133 8 16 i
579 133 212 17 landskommunerna.
932 132 22 15 15
966 131 47 21 maj.

197 201 57 21 Tällä
276 200 127 22 asetuksella
423 201 47 20 olisi
485 201 60 20 sekin
559 202 57 26 hyvä
630 200 120 28 puolellaan
772 202 42 19 että
828 200 81 21 kunnat
923 200 92 21 tulisivat

197 230 120 26 tajuamaan
341 230 136 20 varattomain
500 229 66 21 lasten
590 229 75 21 olevan
687 230 50 25 yhtä
758 229 137 27 oikeutettuja
910 228 70 28 oppiin
995 229 21 26 ja

199 258 138 26 sivistykseen
353 257 51 21 kuin
421 258 155 21 varallistenkin
592 258 73 20 lasten.
691 258 44 20 Tuo
752 259 95 25 määräys
857 257 87 21 kuntien
955 263 61 15 avus-

199 286 107 21 tamisesta
329 293 26 14 on
379 286 92 20 minusta
494 288 107 26 tarpeeton
624 286 62 21 tähän
706 286 65 20 lakiin
797 285 129 28 pantavaksi,
951 286 66 20 koska

199 315 75 20 kerran
297 321 27 14 on
347 314 85 21 tekeillä
453 315 73 20 toinen
547 317 75 24 asetus,
641 315 56 26 jossa
712 315 101 20 esitetään
829 314 77 27 lainoja
921 314 96 21 kunnille

198 343 146 27 annettaviksi,
360 343 43 21 niin
420 343 49 21 ettei
485 343 83 21 mikään
579 343 66 20 kunta
654 343 44 20 tule
708 343 124 27 joutumaan
843 343 174 20 neuvottomaksi.

266 399 33 22 Hr
317 399 120 25 Genetz,
459 399 75 22 Atle:
564 400 41 21 För
619 400 44 20 min
680 399 33 21 del
728 400 72 21 ställer
814 401 34 26 jag
864 400 42 26 mig
921 399 44 21 helt
980 399 39 21 och

198 428 65 21 hållet
289 428 27 27 pä
343 427 242 22 utskottsbetänkandets
608 428 45 21 sida
675 429 38 20 och
733 430 74 19 ämnar
825 428 46 21 icke
893 428 67 21 häller
982 428 37 21 här

199 457 93 27 andraga
314 456 65 28 nägot
399 459 57 18 emot
471 457 120 21 detsamma.
620 457 42 27 Jag
677 457 36 20 vill
729 457 53 20 blott
797 457 53 20 hvad
865 457 154 26 motiveringen

199 485 98 21 beträffar
318 487 50 26 göra
391 491 25 15 en
439 485 52 21 liten
506 485 145 27 anmärkning.
680 485 42 28 Jag
736 485 109 21 fördristar
859 485 44 28 mig
917 485 52 27 yrka
990 487 30 20 att

199 514 97 27 tabellen,
312 520 44 15 som
372 514 141 21 förekommer
528 514 25 27 pä
568 515 46 20 sida
629 515 19 26 8,
663 514 88 21 likasom
766 514 107 27 styckena,
889 520 45 15 som
949 514 71 27 föregå

200 543 39 20 och
262 543 103 26 efterfölja
388 543 126 26 densamma,
534 543 65 21 måtte
621 549 25 14 ur
662 543 142 21 betänkandet
818 543 56 27 utgå.
904 543 41 27 Jag
960 549 61 14 anser

199 571 108 27 nämligen
329 573 30 19 att
381 571 26 21 de
429 571 73 27 siffror,
522 572 71 20 hvilka
612 572 38 20 här
665 571 89 26 anföras,
770 572 38 20 alls
824 571 45 21 icke
885 571 72 21 kunna
971 571 49 21 med

200 600 117 21 hvarandra
339 599 167 22 sammanställas
529 600 39 22 och
590 602 30 19 att
640 600 26 20 de
684 600 7 20 i
706 600 77 27 onödig
798 600 50 27 grad
864 600 155 21 misskreditera

200 629 49 21 våra
265 635 54 21 egna
333 628 152 21 förhållanden.
515 629 11 20 I
540 630 56 20 huru
610 629 60 27 ringa
685 629 50 27 grad
752 629 61 21 dessa
828 629 105 27 uppgifter
948 629 72 20 kunna

200 658 48 20 med
270 658 118 20 hvarandra
411 658 166 20 sammanställas
599 657 92 27 framgår
713 664 25 14 ur
754 658 35 20 det
804 657 79 27 stycke,
899 664 45 14 som
960 657 61 27 följer

200 688 59 18 strax
278 686 54 20 efter
351 685 91 21 tabellen
465 686 38 20 och
523 686 44 21 däri
587 686 100 21 utskottet
709 686 122 20 framhåller
846 688 29 19 att
889 686 92 21 tabellen
998 688 23 18 är

200 714 111 28 upprättad
333 714 27 27 på
382 714 131 26 grundvalen
536 715 21 20 af
579 715 39 20 den
640 715 139 27 uppfattning,
794 721 44 14 som
854 715 7 19 i
877 714 26 21 de
918 714 103 21 särskilda

200 743 101 21 länderna
321 743 39 21 har
382 743 54 27 gjort
457 743 34 27 sig
506 743 97 27 gällande
621 743 129 21 beträffande
765 743 124 21 skolåldern.
920 743 78 21 Senare
1013 744 7 20 i

201 772 82 26 stycket
296 771 21 21 få
333 772 20 20 vi
368 772 44 20 läsa
427 773 30 19 att
471 772 120 20 skolåldern
606 772 102 20 beräknas
720 771 121 21 utomlands
853 771 31 21 till
896 772 10 20 7
919 772 38 20 och
968 772 13 20 8
992 771 28 27 år,

200 800 7 20 i
222 800 89 21 Finland
327 800 33 20 till
371 800 14 20 4
395 800 28 20 år.
438 800 62 20 Huru
511 800 122 21 varierande
644 800 42 21 den
697 800 114 27 tidsperiod
824 802 27 25 är,
861 800 48 21 med
921 800 99 21 afseende

201 828 12 21 å
223 829 85 21 hvilken
319 829 116 21 tabellerna
445 830 35 20 äro
492 830 121 26 uppgjorda,
623 829 92 27 framgår
724 829 46 21 icke
782 829 8 20 i
800 828 63 28 öfrigt
873 836 26 13 ur
908 829 112 21 utskottets

203 857 138 27 betänkande,
363 864 50 14 men
435 858 65 20 redan
523 858 21 20 af
565 858 41 20 den
629 858 99 26 antydan,
749 864 46 14 som
810 858 101 20 utskottet
925 860 38 24 gör
977 858 43 25 här,

202 892 49 15 vore
273 892 49 15 man
345 885 116 27 berättigad
483 886 64 27 draga
568 886 40 21 den
632 886 112 21 slutsatsen
762 888 30 19 att
813 886 95 20 siffrorna
923 887 46 20 icke
984 888 35 19 äro

201 914 49 21 med
269 914 118 21 hvarandra
402 914 130 27 jämförbara.
562 914 53 22 Häri
630 914 82 27 styrker
726 915 44 27 mig
786 915 40 21 den
841 915 50 21 sista
907 915 113 27 meningen

201 943 27 27 på
243 949 80 15 samma
338 943 45 21 sida
398 944 19 26 8,
429 943 106 27 nämligen
546 944 41 21 den
598 945 29 20 att
639 950 47 14 »om
697 943 119 21 skolåldern
827 944 8 20 i
844 943 89 21 Finland
944 944 76 21 räknas

201 971 47 21 från
271 972 76 27 7—15,
369 972 42 21 blir
424 975 113 24 procenten
554 972 61 27 18,4».
645 971 25 22 D.
687 979 17 14 v.
720 979 22 20 s.,
756 973 8 20 i
779 972 116 21 tabellerna
909 973 110 26 uppgifves

201 1000 79 21 antalet
295 1001 7 20 i
317 1000 120 21 skolåldern
452 1001 92 21 varande
559 1001 57 26 barn,
632 1007 45 15 som
692 1001 74 21 besökt
776 1001 97 21 skolorna
883 1001 7 20 i
899 1001 120 26 Frankrike,

203 1029 31 20 till
258 1029 53 26 99,54
332 1029 34 27 %,
387 1029 8 20 i
417 1029 105 21 Preussen
543 1029 31 21 till
592 1030 54 26 99,98
660 1029 28 28 %/,
703 1030 39 20 och
756 1030 8 19 i
779 1029 88 21 Finland
884 1030 23 20 är
922 1030 54 20 1896
993 1029 30 21 till

203 1057 44 27 29,4
262 1058 27 26 9/,
311 1057 45 21 ifall
377 1057 119 22 skolåldern
518 1058 120 21 utomlands
660 1058 102 21 beräknas
785 1058 31 20 till
841 1059 11 19 7
870 1059 12 19 ä
897 1059 12 19 8
925 1057 23 22 är
963 1059 37 20 och
1016 1059 7 19 i

203 1085 89 22 Finland
305 1086 29 21 till
350 1087 14 20 4
379 1087 28 26 år,
423 1086 26 21 då
465 1086 99 27 däremot,
580 1093 33 14 om
629 1086 120 21 skolåldern
764 1087 7 20 i
786 1086 89 21 Finland
887 1087 76 20 räknas
976 1087 46 20 från

204 1115 75 26 7—15,
301 1117 115 24 procenten
441 1115 86 26 sjunker
549 1115 46 21 från
620 1115 44 26 294
684 1115 32 20 till
738 1115 48 21 184.
816 1115 41 26 Jag
877 1121 62 14 anser
954 1115 69 20 denna

203 1143 90 21 statistik
315 1143 23 21 så
352 1149 48 21 pass
415 1143 101 26 värdelös,
537 1146 30 19 att
582 1143 40 22 den
637 1143 38 21 bör
692 1143 53 28 utgå,
760 1143 24 21 så
798 1144 84 26 mycket
897 1143 65 21 hällre
978 1150 45 14 som

204 1172 122 20 densamma
341 1171 46 22 icke
403 1172 38 20 har
456 1171 63 28 något
534 1179 44 14 som
594 1172 54 21 hälst
663 1171 116 27 inflytande
794 1172 27 27 på
835 1172 84 27 frågans
933 1172 89 27 lösning.

272 1228 33 20 Hr
319 1228 160 27 Wegelius:
509 1228 42 21 Vid
566 1229 101 20 remissen
684 1228 21 21 af
720 1228 40 21 den
776 1228 77 28 nådiga
867 1228 156 28 propositionen

204 1256 54 21 tillät
272 1257 35 26 jag
321 1257 44 27 mig
379 1256 111 21 framhålla
505 1259 29 18 att
550 1257 39 21 den
606 1256 108 22 medförde
729 1263 27 14 en
766 1257 23 21 så
799 1257 103 27 väsentlig
911 1257 112 27 förökning

205 1284 20 21 af
240 1284 218 28 folkskolebudgeten,
473 1287 29 19 att
518 1286 34 20 det
560 1292 50 14 vore
620 1285 95 27 riktigast
725 1287 35 25 att,
770 1286 65 20 innan
846 1286 73 26 frågan
930 1286 93 20 behand-

204 1312 59 21 lades
281 1313 21 21 af
317 1313 118 27 ständerna,
450 1314 153 20 statsutskottet
618 1313 68 21 skulle
701 1314 88 20 beredas
804 1314 81 20 tillfälle
901 1316 29 18 att
945 1314 78 27 afgifva

205 1342 98 25 yttrande
329 1341 108 27 angående
461 1342 48 20 dess
532 1342 118 21 finansiella
676 1342 50 20 sida.
756 1342 123 21 Emellertid
904 1342 39 20 har
967 1342 56 21 detta

204 1370 133 20 betänkande
360 1370 23 19 så
403 1372 47 18 sent
471 1370 116 23 inkommit,
603 1372 29 18 att
650 1371 30 19 ett
694 1370 75 20 sådant
784 1370 155 26 procederande
954 1370 68 20 skulle

204 1397 101 21 innebära
326 1399 29 19 ett
375 1398 150 25 äfventyrande
542 1398 21 20 af
580 1398 139 26 lagförslaget,
735 1398 83 20 hvartill
832 1398 35 26 jag
882 1398 33 20 för
929 1398 44 20 min
989 1398 34 20 del

204 1426 115 26 ingalunda
341 1425 49 21 ville
414 1425 90 28 bidraga.
539 1426 159 27 Ovedersägligt
719 1428 23 18 är
764 1428 30 19 att
809 1426 69 21 denna
900 1426 122 28 förordning

205 1454 95 21 kommer
322 1456 29 19 att
373 1454 107 22 föranleda
502 1454 102 28 betydligt
626 1454 67 22 ökade
714 1455 87 27 utgifter
822 1455 32 21 för
874 1455 148 21 folkskolorna.

205 1482 107 22 Utskottet
333 1484 38 20 har
393 1483 6 21 i
423 1483 55 22 detta
500 1484 98 20 afseende
620 1484 47 21 icke
689 1486 69 19 ansett
775 1484 32 27 sig
822 1484 71 21 kunna
908 1484 114 21 framställa

205 1512 66 27 några
282 1512 61 21 säkra
358 1512 73 21 siffror.
452 1512 107 22 Utskoitet
574 1514 60 26 säger
649 1514 35 26 att,
700 1512 69 22 därest
778 1519 49 15 man
835 1513 92 21 önskade
937 1513 85 22 komma
