1109 1809
112 128 31 19 28
153 128 48 21 maj.
439 122 170 33 Expropriation.
881 123 55 21 1463

113 197 45 28 der,
180 197 39 22 har
238 197 35 28 jag
295 197 45 22 haft
361 196 78 29 lyckan
454 199 30 21 att
498 200 105 26 emottaga
618 199 31 21 ett
662 198 77 21 härhos
753 197 8 21 i
775 197 83 22 afskrift
872 197 64 27 jämte

112 226 80 21 svensk
214 226 153 28 öfversättning
388 226 81 28 bilagdt
490 226 73 28 nådigt
583 227 106 26 telegram,
709 227 63 20 hvars
792 226 94 21 innehåll
900 226 36 28 jag

110 254 97 22 anhäller
229 256 30 20 att
280 255 49 21 herr
350 255 122 21 talmannen
495 255 49 21 ville
571 255 98 21 meddela
697 255 32 21 till
753 254 183 28 borgareständets

113 282 128 22 kännedom.

182 339 99 21 Undert.:
307 341 14 19 t.
345 339 15 21 f.
384 339 193 28 generalguvernör
601 339 7 21 i
632 338 95 28 Finland,
759 338 177 28 generallöjtnant

116 367 162 28 Gontscharoff.

181 424 143 29 Kontrasign.:
339 426 14 20 t.
366 425 14 21 f.
393 424 162 22 kanslidirektor
569 424 26 22 A.
610 432 43 15 von
668 424 124 22 Minkuwitz.

181 478 106 26 Öfversatt
301 482 30 21 af:
347 482 24 21 P.
385 481 140 22 Jamalainen.

181 538 42 23 Det
245 539 125 22 skrifvelsen
392 539 84 28 bilagda
497 540 147 27 telegrammet
659 545 38 15 var
710 539 8 21 i
733 539 77 21 svensk
825 538 111 22 öfversätt-

112 568 52 28 ning
179 568 22 22 af
215 568 94 28 följande
323 568 92 28 lydelse:

183 625 152 27 »Kejsarinnan
351 625 39 21 och
405 625 41 28 Jag
461 625 61 21 tacka
537 625 93 28 hjärtligt
645 625 117 27 ständerna,
777 627 93 25 senaten,
885 626 50 20 uni-

112 654 114 25 versitetet,
243 656 115 26 trupperna
373 654 40 21 och
427 654 26 21 de
469 654 62 21 civila
545 654 177 28 myndigheterna
737 654 32 21 för
783 654 152 28 lyckönsknin-

110 689 67 21 garna
193 683 39 21 och
247 682 26 22 de
288 683 22 20 af
325 683 48 21 dem
388 682 93 22 uttalade
497 683 118 21 känslorna.

723 710 141 22 NIKOLAI»

179 854 119 27 Föredrogs
319 854 40 22 och
380 854 123 28 godkändes
525 854 147 28 lagutskottets
691 854 35 21 vid
747 856 83 20 senaste
845 854 88 28 plenum

110 883 118 28 bordlagda
242 883 79 28 förslag
335 882 32 22 till
382 883 206 28 sammanjämkning
603 883 21 22 af
639 883 26 21 de
680 883 67 21 delvis
762 883 120 27 skiljaktiga
897 883 36 21 be-

109 912 51 28 slut,
181 912 60 22 hvari
263 912 90 21 stånden
375 914 85 19 stannat
475 912 35 21 vid
526 912 156 28 behandlingen
697 912 22 21 af
734 912 111 22 utskottets
860 911 73 22 betän-

111 941 70 21 kande
199 948 36 13 n:o
251 942 11 20 7
278 941 8 20 i
301 940 114 28 anledning
431 940 21 21 af
467 941 76 27 nådiga
557 940 157 28 propositionen
730 947 35 15 n:o
781 941 27 20 23
823 940 110 28 angående

109 969 190 29 expropriation
314 968 29 24 af
354 969 49 23 fast
417 969 119 27 egendom
550 969 41 23 för
605 968 104 23 allmänt
723 968 83 23 behof.

179 1112 117 28 Föredrogs
311 1112 147 28 lagutskottets
473 1113 35 21 vid
524 1115 82 19 senaste
621 1113 86 28 plenum
723 1112 117 28 bordlagda
854 1112 78 28 förslag

108 1142 34 21 till
163 1142 206 27 sammanjämkning
384 1142 21 20 af
421 1142 25 20 de
461 1142 69 21 delvis
544 1142 120 27 skiljaktiga
679 1141 75 28 beslut,
768 1142 60 21 hvari
843 1141 89 22 stånden

108 1172 87 19 stannat
215 1170 36 20 vid
271 1170 156 28 behandlingen
448 1170 21 21 af
484 1171 111 21 utskottets
611 1170 132 21 betänkande
758 1176 35 14 n:o
809 1170 13 21 8
837 1170 7 20 i
859 1170 73 21 anled-

110 1199 52 27 ning
183 1198 21 21 af
219 1200 29 20 ett
263 1199 32 20 till
311 1198 173 28 borgareständet
498 1198 118 22 inlämnadt
629 1198 177 28 petitionsförslag
822 1198 110 28 angäende

109 1226 111 22 ordnande
235 1227 21 21 af
267 1227 119 27 judarnas
401 1227 10 22 i
425 1227 85 23 landet
525 1227 113 28 rättsliga
652 1227 129 27 ställning.

179 1283 66 22 Ordet
266 1283 103 28 begärdes
383 1284 22 21 af
418 1284 25 20 hr
457 1284 88 27 Lille,
561 1290 45 15 som
621 1284 92 27 yttrade:
728 1284 43 27 Jag
785 1290 62 15 anser
862 1284 43 27 mig
920 1284 13 20 &

109 1312 184 28 borgareständets
315 1312 148 22 medlemmars
484 1312 8 21 i
512 1312 101 22 utskottet
633 1314 80 26 vägnar
727 1313 51 21 böra
792 1312 90 28 upplysa
897 1319 35 14 om

108 1343 32 19 att
159 1340 66 29 enligt
244 1340 37 22 vår
295 1341 134 28 uppfattning
445 1341 57 21 detta
516 1342 79 26 förslag
609 1341 32 22 till
656 1341 206 27 sammanjämkning
877 1340 54 22 hade

109 1370 47 20 bort
175 1371 105 26 uppgöras
301 1370 26 27 pä
343 1370 64 21 basen
423 1370 21 21 af
459 1370 42 21 den
516 1370 65 22 första
595 1370 163 22 reservationen.
787 1369 42 22 Det
844 1376 37 14 var
896 1376 36 14 en-

108 1398 48 21 dast
177 1398 48 22 med
240 1398 82 27 hänsyn
339 1398 69 22 därtill
429 1400 30 20 att
473 1405 51 15 man
538 1405 76 22 genom
631 1400 30 20 att
675 1398 68 22 sävidt
757 1398 84 28 möjligt
854 1398 8 21 i
877 1404 55 15 sam-

108 1427 273 27 manjämkningsförslaget
395 1429 74 18 närma
479 1428 32 26 sig
522 1428 111 20 utskottets
643 1427 133 21 betänkande
786 1427 73 21 kunde
869 1426 63 22 hafva

109 1453 72 29 någon
196 1454 66 22 utsikt
276 1455 33 20 för
323 1456 30 20 att
368 1455 46 21 från
429 1455 165 27 prästeståndets
608 1454 45 22 sida
666 1454 64 22 vinna
740 1454 65 28 något
816 1454 116 22 understöd

108 1482 34 23 för
162 1482 123 28 detsamma,
303 1489 45 15 som
363 1489 50 15 man
429 1483 75 21 endast
518 1483 38 21 har
570 1482 147 28 kompletterat
731 1482 113 22 utskottets
858 1482 74 21 betän-

108 1511 71 21 kande
198 1518 78 21 genom
290 1514 30 19 att
335 1511 68 21 införa
417 1511 162 28 bestämningen
594 1518 34 14 om
643 1513 31 19 att
687 1511 91 27 judarna
792 1510 65 22 borde
872 1511 8 21 i
895 1510 37 22 nå-
