1095 1709
97 138 10 16 1
117 138 51 20 juni.
398 132 219 33 Afskedshälsningar.
861 133 54 21 1573

97 206 71 28 frägor
188 207 128 21 fortfarande
339 214 49 20 eger
411 214 53 17 rum,
479 208 39 21 och
540 208 62 21 äfven
623 214 34 14 om
675 214 26 14 en
718 207 34 21 del
767 207 21 21 af
802 207 26 21 de
841 207 75 28 frägor,

98 242 45 14 som
163 238 67 18 varmt
249 236 111 21 intressera
380 236 64 21 första
459 237 39 20 och
520 237 66 26 tredje
608 236 96 27 ständen,
721 236 47 21 icke
784 236 76 20 vunnit
875 236 40 21 den

98 263 88 27 lösning,
202 270 46 14 som
267 264 22 20 af
307 264 48 21 dem
370 264 68 21 skulle
453 264 115 27 ästundats,
582 264 24 22 sä
620 265 65 20 mäste
701 265 21 20 vi
737 271 49 14 vara
801 264 115 21 förvissade

99 298 34 14 om
151 294 30 18 att
202 292 123 21 uttalanden
346 293 21 20 af
387 293 60 21 dessa
467 293 60 21 ständ
543 293 62 21 äfven
620 293 35 20 vid
671 292 69 22 denna
755 292 100 28 landtdag
869 292 47 21 icke

98 320 73 21 kunna
192 320 81 22 lämnas
295 323 50 19 utan
362 321 104 21 afseende.
495 321 177 27 Borgareständet
693 321 94 21 anhäller
806 323 29 19 att
853 321 63 21 äfven

98 348 33 22 för
145 349 112 21 framtiden
272 349 20 21 få
308 356 50 14 vara
372 350 131 21 inneslutet
496 344 10 38 i
516 350 35 21 det
565 350 112 27 höglofliga
691 350 25 21 R.
732 356 17 15 o.
765 350 37 21 A:s
819 350 98 27 vänskap,

98 377 119 22 förtroende
233 378 39 21 och
287 378 134 28 högaktning.

166 571 46 21 Den
230 572 127 28 deputation,
372 579 44 15 som
436 573 95 21 framfört
552 572 181 28 borgareständets
755 570 162 24 afskedshäls-

98 600 60 28 ning
172 600 42 22 till
228 600 169 28 medständen,
412 602 54 20 hade
481 608 30 14 nu
526 601 113 26 ätervändt,
655 601 38 21 och
708 600 71 22 anhöll

165 658 25 20 hr
212 657 157 28 Holmberg,
387 658 72 26 Axel,
480 665 33 14 om
530 658 58 22 ordet
604 658 38 21 och
657 657 92 28 yttrade:
779 657 40 27 Jag
834 657 38 21 ber
886 658 31 19 att

97 686 22 20 få
141 686 97 21 meddela
260 688 30 20 att
310 686 41 22 den
373 687 213 27 afskedsdeputation,
608 693 45 14 som
668 686 171 27 borgareständet
854 684 62 22 sändt

97 714 32 21 till
151 714 23 21 R.
190 721 18 14 o.
224 715 30 27 A.
269 715 96 21 framfört
387 715 181 27 borgareständets
586 715 182 27 aiskedshälsning
789 714 39 21 och
850 715 29 20 att
894 714 21 20 vi

97 742 39 22 fått
157 743 7 20 i
186 743 95 27 uppdrag
304 746 29 18 att
354 744 33 20 för
407 744 83 21 ståndet
512 745 104 20 frambära
637 744 112 26 uttrycken
770 743 20 21 af
804 742 24 22 R.
844 749 18 15 o.
877 743 38 20 A:s

97 771 85 22 fullaste
197 772 91 27 sympati
304 774 38 19 och
356 772 146 28 tillgifvenhet.

164 829 33 20 Hr
212 828 147 22 Sundvall:
385 826 69 25 Äfven
470 830 234 28 afskedsdeputationen
720 829 31 21 till
763 828 153 28 prästeständet

97 858 38 20 har
149 857 95 28 fullgjort
258 858 36 21 sitt
310 858 99 28 uppdrag,
425 858 39 21 och
479 859 40 20 bad
535 858 162 28 prästeständets
713 858 77 21 talman
806 864 34 14 oss
851 858 64 20 fram-

97 886 44 22 föra
156 886 94 22 ständets
265 887 84 27 vänliga
365 887 97 27 hälsning
477 887 31 21 till
523 887 175 27 borgareständet.

165 943 33 21 Hr
212 943 98 22 Erkko:
330 944 97 26 Myöskin
443 944 218 28 talonpoikaissäädyn
676 944 109 26 puhemeis
804 950 26 14 on
841 944 75 26 pyytä-

97 973 39 25 nyt
145 972 117 26 lähetystöä
272 972 121 21 esittämään
407 972 187 28 porvarissäädylle
604 971 218 29 talonpoikaissäädyn
834 971 81 21 terveh-

98 1000 88 27 dyksen,
208 1000 89 22 lausuen
316 1001 87 21 samalla
418 1007 37 15 sen
471 1002 146 20 toivomuksen
633 1002 42 20 että
689 1002 63 19 nämä
766 1000 59 21 kaksi
840 1000 75 27 veljes-

97 1031 71 25 säätyä
177 1030 168 21 vastaisuudessa
355 1030 93 21 tulisivat
457 1030 192 27 työskentelemään
657 1031 111 19 enemmän
777 1029 139 27 yhteistyössä

97 1058 50 20 kuin
164 1058 63 21 tähän
242 1058 45 21 asti.

165 1235 33 21 Hr
212 1236 143 21 talmannen
387 1236 81 21 riktade
476 1236 50 21 härä
534 1236 92 27 följande
634 1235 143 23 afskedsord
785 1235 30 21 till
824 1235 93 21 ständet:

165 1292 68 21 Sedan
256 1293 26 20 de
300 1293 67 21 skilda
382 1293 88 21 ständen
486 1294 94 20 framfört
595 1293 46 20 sina
656 1292 205 28 afskedshälsningar
875 1292 40 21 och

97 1321 182 25 borgareständets
295 1321 120 26 deputation
432 1322 132 21 äterkommit
578 1323 54 19 samt
647 1321 106 27 redogjort
767 1321 32 21 för
813 1321 36 21 sitt
863 1326 52 22 upp-

97 1348 52 27 drag
170 1348 7 20 i
200 1348 56 21 detta
278 1348 126 27 hänseende,
426 1349 41 21 kan
490 1350 56 20 detta
567 1349 182 25 borgareständets
764 1350 49 19 sista
827 1349 88 26 plenum

97 1376 36 20 vid
156 1376 40 21 den
220 1383 28 14 nu
271 1377 171 27 tilländagängna
457 1377 126 27 landtdagen
599 1376 102 22 förklaras
713 1376 104 22 afslutadt.
847 1376 68 20 Innan

96 1405 36 27 jag
154 1404 90 22 afträder
264 1405 47 21 frän
333 1406 69 21 denna
423 1406 60 27 plats,
501 1406 37 20 ber
552 1406 36 27 jag
602 1405 115 21 emellertid
733 1407 31 19 att
778 1404 32 22 tili
823 1404 57 22 Eder
895 1404 22 22 fä

97 1434 67 21 uttala
185 1434 44 21 min
251 1436 104 20 varmaste
379 1434 187 27 afskedshälsning.
602 1434 88 21 Arbetet
712 1434 35 20 vid
770 1434 40 21 den
831 1434 85 27 gängna

98 1462 126 28 landtdagen
246 1464 38 20 har
306 1463 54 21 varit
380 1470 58 14 mera
460 1463 153 27 ansträngande
633 1465 25 19 än
675 1463 86 27 vanligt,
775 1462 142 27 synnerligast

97 1491 33 21 för
150 1491 26 21 de
197 1494 173 25 representanter,
388 1498 45 15 som
449 1492 44 21 haft
508 1492 30 27 sig
554 1492 117 21 ombetrodt
686 1494 30 18 att
730 1492 7 20 i
754 1492 105 20 utskotten
875 1492 41 20 för-

97 1520 77 22 bereda
197 1521 111 21 ärendena.
337 1520 87 22 Antalet
446 1520 98 28 ärenden,
566 1527 46 14 som
627 1520 22 22 af
663 1521 107 21 utskotten
786 1520 131 27 behandlats,
