1106 1795
203 133 55 20 1210
428 139 133 31 Arbetstiden
574 138 32 16 för
618 131 176 42 bageriarbetare.
941 138 22 16 17
975 138 46 19 maj.

202 206 91 26 afhjälpa
316 206 26 20 de
364 206 203 25 missförhållanden,
589 212 45 14 som
658 206 52 20 hade
733 206 54 20 visat
809 205 32 27 sig
859 205 34 20 vid
910 205 111 20 desamma.

202 234 137 26 Småningom
362 234 81 20 införde
466 240 48 14 man
534 234 67 20 under
616 234 68 20 denna
699 234 132 26 lagstiftning
846 233 29 20 alt
889 232 51 21 flere
955 232 67 28 yrken

202 262 39 21 och
263 262 115 21 industrier
392 261 42 21 tills
450 269 48 13 man
514 262 33 21 för
561 269 37 21 par
612 262 110 20 årtionden
738 262 64 20 sedan
819 261 127 21 kodifierade
961 262 60 20 dessa

201 291 7 20 i
231 297 26 15 en
280 296 122 27 gemensam
421 290 35 34 lag
470 291 89 20 rörande
574 290 92 22 fabriker
682 291 39 20 och
736 290 127 25 värkstäder,
879 296 25 15 en
921 290 40 26 lag,
976 296 45 14 som

202 319 36 27 går
257 319 21 21 in
298 319 8 20 i
326 319 79 27 ganska
420 320 77 26 många
512 319 93 27 detaljer,
620 325 48 15 men
685 325 75 21 genom
777 318 102 21 särskilda
895 318 126 27 undantags-

201 347 109 22 klausuler
331 350 60 24 tager
412 336 82 37 hänsyn
517 348 31 20 till
572 348 25 21 de
616 348 54 20 olika
685 334 73 40 yrken,
774 347 82 21 hvilkas
872 347 62 21 behof
950 347 71 21 kräfva

201 376 65 21 andra
290 376 135 26 stadganden.
455 369 80 28 Sociala
563 376 196 21 missförhållanden
785 376 66 20 måste
876 376 6 20 i
909 376 112 20 allmänhet

202 404 104 27 afhjälpas
321 410 77 21 genom
413 405 141 27 speciallagar.
570 406 38 20 Att
622 404 91 28 påbjuda
729 410 26 15 en
771 404 77 20 allmän
865 404 90 21 normal-
971 404 50 20 eller

201 432 125 21 tiotimmars
352 433 111 26 arbetsdag
488 433 68 21 skulle
581 433 87 20 invärka
692 433 61 26 högst
778 432 97 21 störande
898 432 26 27 på
946 432 75 27 många

200 461 115 21 industrier
335 461 38 21 och
390 461 151 27 arbetsgrenar,
556 461 27 20 dä
598 461 26 20 de
640 461 71 20 arbeta
726 461 69 20 under
810 461 84 26 mycket
909 461 56 20 olika
980 460 41 21 för-

201 489 120 27 hållanden,
337 495 48 15 men
402 489 36 21 där
454 489 120 27 uppenbara
588 489 197 21 missförhållanden
801 489 7 20 i
822 489 95 20 enskilda
929 489 93 26 närings-

200 524 77 21 grenar
296 518 62 21 hafva
380 518 54 21 visat
456 519 37 26 sig,
514 518 38 21 där
573 518 41 21 kan
632 518 35 20 det
690 525 47 14 vara
752 517 142 27 lagstiftarens
909 517 58 21 såväl
982 519 40 19 rätt

200 553 46 14 som
261 546 120 27 skyldighet
396 549 29 18 att
440 547 81 26 ingripa
537 547 32 20 för
584 549 30 18 att
628 547 91 26 afhjälpa
735 546 113 27 desamma,
864 549 51 18 utan
933 549 29 18 att
972 553 48 14 man

200 575 71 21 därför
286 575 100 21 behöfver
401 575 59 21 kasta
476 575 173 28 näringsfriheten
666 575 116 20 öfverbord.

269 631 33 22 Hr
315 632 161 27 Holmberg,
492 632 79 21 Emil:
593 632 42 27 Jag
651 632 36 21 ber
701 632 33 20 för
749 632 42 20 min
809 632 34 20 del
858 634 30 19 att
903 631 20 22 fä
939 632 82 21 förorda

201 661 35 20 det
258 661 20 20 af
300 661 25 20 hr
346 661 91 20 Jansson
461 661 120 21 framstälda
604 661 98 26 förslaget
724 663 30 18 att
773 661 57 21 detta
845 661 177 27 petitionsförslag

200 689 68 22 skulle
283 689 82 21 lämnas
384 692 50 18 utan
450 690 105 21 afseende.
584 689 41 27 Jag
640 696 62 14 anser
717 690 107 26 nämligen
839 693 30 18 att
883 696 80 15 samma
979 690 42 20 olä-

200 719 106 26 genheter,
326 724 45 15 som
392 718 82 21 vidläda
490 718 138 27 bageriyrket,
644 718 61 21 äfven
722 718 83 21 vidläda
822 725 25 14 en
864 718 76 27 mängd
957 719 64 20 andra

200 747 73 26 yrken.
302 746 42 21 Det
366 749 23 18 är
409 753 27 14 nu
460 747 58 26 fråga
541 754 34 14 om
591 750 30 18 att
635 747 114 20 inskränka
765 747 179 26 bageriarbetares
959 747 63 20 frihet

200 777 30 19 att
245 775 72 21 arbeta
331 777 38 19 när
384 775 26 21 de
425 775 71 26 önska,
511 777 59 19 nästa
586 776 55 26 gäng
657 775 39 21 blir
711 775 35 21 det
760 775 58 27 fräga
835 782 32 14 om
884 775 65 21 andra
962 775 58 21 arbe-

201 806 49 18 tare.
280 803 42 21 Det
337 805 23 19 är
375 803 104 27 själffallet
494 807 30 17 att
538 804 59 20 inom
612 804 76 26 mänga
703 803 133 21 industriella
851 803 100 21 omräden
968 806 53 18 natt-

200 832 72 20 arbete
294 832 142 20 förekommer
456 833 38 19 och
516 832 66 21 mäste
605 832 20 21 fä
648 832 135 20 förekomma.
812 832 42 20 Det
875 831 69 22 finnes
960 834 12 19 t.
989 838 31 14 ex.

199 860 77 28 mänga
291 860 92 22 fabriker
398 861 7 19 i
419 860 78 23 landet,
508 867 45 15 som
568 861 68 21 under
651 860 55 21 vissa
721 860 64 21 bräda
800 860 54 22 tider
868 861 67 21 mäste
950 860 71 22 arbeta

200 891 46 19 natt
268 890 38 19 och
328 889 46 26 dag.
404 888 41 27 Jag
468 896 61 14 anser
551 889 99 27 slutligen
672 891 30 18 att
724 896 25 13 en
766 889 65 20 sädan
847 889 174 27 inskränkning
1010 884 16 37 i

200 917 41 21 den
263 917 120 27 personliga
407 917 95 27 friheten,
525 924 45 15 som
593 918 69 21 denna
683 917 34 28 lag
739 916 69 22 skulle
830 917 101 23 medföra,
953 917 68 21 skulle

200 946 64 21 värka
286 946 62 20 äfven
372 945 78 21 därhän
474 949 30 18 att
524 946 78 21 sädana
624 952 105 21 personer,
751 953 44 14 som
819 946 66 21 önska
900 946 71 21 arbeta
987 953 34 13 om

200 977 78 23 natten,
294 975 40 20 och
349 974 35 21 det
399 974 67 21 finnes
482 975 22 26 ja
520 975 82 27 mänga,
617 981 45 14 som
677 974 33 21 för
724 975 65 26 högre
804 974 93 27 aflöning
910 974 49 27 vilja
971 977 49 24 göra

200 1003 41 26 det,
256 1002 68 21 skulle
344 1003 117 20 förhindras
477 1003 6 20 i
500 1003 69 20 denna
584 1003 32 21 sin
631 1005 45 18 rätt.
706 1003 33 20 Dä
754 1004 34 25 jag
804 1005 23 18 är
842 1006 57 18 emot
914 1009 25 14 en
956 1003 64 20 sädan

199 1031 159 27 inskränkning,
373 1031 37 21 ber
424 1031 35 27 jag
474 1031 21 21 fä
510 1032 72 21 förena
598 1032 43 27 mig
656 1037 33 15 om
706 1032 24 20 hr
744 1031 104 21 Janssons
863 1031 83 27 förslag.

268 1087 33 22 Hr
315 1088 127 21 Stenroth:
473 1087 128 22 Keskustelu
616 1089 55 20 tässä
686 1088 77 20 asiassa
780 1087 70 21 niiden
867 1087 82 25 kanssa,
963 1088 57 27 jotka

200 1118 104 19 asettuvat
325 1116 46 20 sille
390 1116 98 20 kannalle
503 1117 52 20 kuin
570 1117 46 20 hrat
631 1116 97 27 Jansson,
744 1116 103 26 Federley
861 1116 21 27 ja
898 1115 122 28 Holmberg,

200 1151 28 14 on
244 1144 73 21 minun
333 1145 129 25 käsitykseni
476 1145 93 20 mukaan
584 1145 61 20 aivan
660 1145 80 20 turhaa.
767 1144 111 27 Jokainen,
888 1145 49 27 joka
953 1145 19 20 ei
987 1145 32 20 ole

201 1172 212 21 talousvaliokunnan
437 1173 115 20 mietinnön
574 1173 21 27 ja
618 1173 73 20 minun
714 1173 140 20 anomukseni
869 1173 73 20 kautta
957 1173 64 20 tullut

200 1201 150 21 vakuutetuksi
372 1201 48 20 siitä
442 1203 42 19 että
505 1201 213 27 leipurinammatissa
740 1201 99 27 nykyään
862 1201 115 21 todellakin
993 1208 26 14 on

200 1229 152 22 vallitsemassa
376 1229 90 22 sellaisia
492 1230 132 26 olosuhteita,
643 1231 43 19 että
707 1230 158 25 yhteiskunnan
887 1229 133 22 rauhallinen

200 1258 83 27 kehitys
300 1265 97 20 pannaan
415 1259 181 26 vaaranalaiseksi,
610 1258 58 27 jollei
685 1258 121 27 lainsäätäjä
820 1259 85 26 johonkin
938 1258 81 21 toimiin

199 1289 56 18 tässä
277 1287 79 20 asiassa
377 1287 75 26 ryhdy,
475 1287 82 21 häneen
575 1287 19 21 ei
614 1287 128 20 luullakseni
757 1287 85 20 vaikuta
857 1287 93 20 mitkään
966 1290 54 23 syyt.

199 1315 27 20 Ja
242 1321 26 14 ne
284 1315 55 20 eivät
354 1315 86 20 vaikuta
454 1321 37 15 sen
507 1315 56 21 takia
577 1317 43 20 että
636 1315 63 21 näillä
714 1315 98 21 herroilla
828 1315 19 20 ei
859 1315 161 21 taloudellisissa

201 1343 86 20 asioissa
303 1343 33 20 ole
350 1345 74 17 muuta
440 1343 52 19 kuin
507 1344 45 24 yksi
570 1344 62 19 ainoa
646 1344 98 25 periaate,
759 1349 23 14 se
798 1349 26 13 on
841 1345 36 18 tuo
893 1343 68 20 vanha
973 1346 48 17 tun-

200 1372 60 18 nettu
277 1370 86 21 »laissez
378 1370 58 26 faire,
452 1370 74 20 laissez
541 1376 91 20 passer»,
647 1377 15 13 s.
676 1372 13 19 t.
701 1376 14 14 s.
728 1370 57 21 olkot
795 1371 44 20 olot
848 1371 79 20 kuinka
938 1371 83 21 vaikeat

200 1398 101 27 hyvänsä,
324 1398 71 21 olkoot
417 1398 83 21 suhteet
521 1398 130 28 työntekijän
666 1398 21 27 ja
702 1399 137 27 työnantajan
856 1399 69 21 välillä
940 1399 81 21 minkä-

199 1426 61 22 laiset
276 1427 93 27 tahansa,
384 1426 122 28 lainsäätäjä
522 1427 18 21 ei
555 1427 121 21 mitenkään
692 1433 35 15 saa
743 1427 80 21 oloihin
838 1428 85 21 koskea.
953 1427 68 22 Mutta

200 1455 89 21 onneksi
305 1462 26 14 on
347 1458 37 19 tuo
400 1455 61 22 aivan
477 1456 71 20 väärin
564 1457 138 26 ymmärretty
718 1456 176 28 vapaamielisyys
910 1457 110 21 kuitenkin

198 1484 22 27 jo
236 1484 112 21 kaikkialla
364 1485 92 20 suurissa
472 1485 163 26 sivistysmaissa
649 1485 80 27 jätetty.
752 1484 42 22 Sen
808 1485 79 26 lisäksi,
898 1485 51 22 mitä
964 1486 57 20 minä

199 1513 55 21 siinä
276 1513 108 22 suhteessa
406 1513 48 22 olen
478 1513 99 28 esittänyt
597 1514 238 28 pyyntöesityksessäni,
856 1515 86 28 pyydän
957 1515 64 21 saada
