1103 1809
71 129 14 16 4
97 129 47 20 maj.
297 130 248 21 Kommunalförvaltning
556 130 28 21 pä
596 130 75 17 landet.
851 124 41 21 813

139 198 50 21 Med
205 198 154 28 godkännande
375 199 21 21 af
411 199 25 20 hr
449 199 94 21 Jusölius
555 200 78 27 förslag
644 200 66 20 beslöt
720 199 173 28 borgareständet

71 228 30 20 att
116 227 59 20 ordet
192 227 193 27 »landsförsamlig»
401 228 28 26 pä
443 228 65 20 andra
522 228 65 21 raden
603 228 68 21 skulle
682 228 84 27 utbytas
779 230 44 19 mot
833 229 59 21 ordet

73 255 194 21 »landskommun.»

140 312 111 21 104—106
267 312 25 27 $$
307 312 128 28 godkändes.

139 367 11 22 I
166 368 113 27 anledning
295 369 21 20 af
331 369 40 20 107
387 369 12 26 8
415 369 69 20 anhöll

139 426 26 20 hr
184 425 139 28 Nyberhg,
341 426 117 32 August,
474 433 33 14 om
523 426 59 21 ordet
597 426 40 21 och
652 426 91 27 yttrade:
773 425 41 22 För
829 428 29 19 att
872 426 21 21 få

71 453 115 28 någonting
201 454 84 27 igenom
300 454 38 21 ber
352 454 35 27 jag
402 456 29 19 att
445 454 21 21 få
481 454 75 21 föreslå
572 456 29 19 att
614 448 59 27 ordet
689 455 81 20 »viten»
789 454 25 27 pä
829 455 64 21 första

70 483 66 20 raden
152 483 76 20 ändras
245 482 30 21 till
293 482 115 28 »afgifter».

141 540 158 21 Godkännande
313 540 26 20 hr
353 539 97 28 Nybergs
466 540 82 27 förslag,
560 540 67 21 beslöt
638 539 171 28 borgareständet
819 540 74 27 utbyta

71 568 60 21 ordet
147 569 82 20 »viten»
247 569 26 27 pä
287 569 65 20 första
367 569 64 20 raden
445 569 8 20 i
468 569 122 27 paragrafen
606 570 45 19 mot
665 569 60 20 ordet
741 569 115 26 »afgifter».

140 626 41 21 108
197 626 39 21 och
252 626 40 21 109
309 627 26 26 $$
349 626 127 27 godkändes.

140 683 134 22 Beträffande
290 684 40 20 110
347 683 12 27 &
375 684 70 21 anhöll

140 741 25 20 hr
179 740 132 21 Boisman
327 747 34 15 om
377 741 60 21 ordet
451 741 39 21 och
504 741 91 27 yttrade:
626 741 41 27 Jag
682 741 37 21 ber
734 742 29 20 att
781 741 32 21 för
824 741 70 21 denna

71 769 97 28 paragraf
189 769 22 21 få
231 769 77 21 föreslå
328 769 42 22 den
390 769 87 28 lydelse,
498 777 45 14 som
565 769 141 22 förekommer
726 769 6 20 i
748 769 64 22 första
827 775 66 16 reser-

71 798 106 21 vationen.
206 798 143 21 Reservanten
372 799 38 20 har
425 799 114 20 framhållit
561 800 29 19 att
613 798 199 28 omformuleringen
828 799 65 26 gjorts

71 827 8 20 i
105 827 41 20 den
171 827 136 20 kommunala
333 827 163 27 själfstyrelsens
521 828 88 21 intresse
635 827 39 21 och
698 827 35 27 jag
757 827 69 21 finner
850 827 41 20 den

72 855 96 27 befogad.

139 912 34 21 Dä
195 913 64 27 ingen
281 919 71 15 annan
374 913 22 20 af
416 912 93 22 ständets
524 913 139 22 medlemmar
677 912 93 22 önskade
785 915 55 24 yttra
855 913 37 27 sig,

71 928 130 34 förklarades
218 928 150 35 diskussionen
391 941 96 28 afslutad,
509 941 65 21 hvarå
596 942 24 20 hr
635 941 122 22 talmannen
772 935 121 28 framstälde

72 969 93 28 följande
181 970 279 28 omröstningsproposition:

141 1026 39 28 De,
199 1027 75 21 hvilka
291 1027 117 28 godkänna
428 1027 112 22 utskottets
561 1027 83 28 förslag
660 1027 35 20 till
710 1027 78 28 lydelse
803 1027 35 27 för
853 1027 40 21 110

70 1055 23 28 $,
109 1057 59 19 rösta
177 1055 41 28 ja;
233 1055 32 28 de,
281 1057 34 20 det
329 1056 45 21 icke
387 1058 60 25 göra,
462 1058 59 19 rösta
536 1057 47 26 nej;

140 1085 80 20 vinner
241 1084 42 28 nej,
304 1085 41 20 har
361 1085 173 26 borgareståndet
548 1085 89 21 beslutit
651 1084 157 21 återremittera
820 1091 71 21 para-

69 1113 82 28 grafen
165 1113 10 20 i
189 1113 35 21 det
238 1113 57 28 syfte
309 1113 28 22 hr
351 1113 107 22 Boisman
473 1113 118 29 föreslagit.

141 1171 49 21 Med
205 1170 156 28 öfvervägande
375 1171 22 26 ja
411 1171 43 21 blef
469 1171 111 22 utskottets
595 1171 78 27 förslag
688 1159 118 40 godkändt.

141 1227 32 22 Då
200 1227 244 28 författningsförslagets
473 1228 73 21 rubrik
575 1227 51 22 härä
653 1228 113 27 föredrogs,
792 1227 102 28 begärdes

72 1256 61 21 ordet
148 1257 21 20 af

141 1314 26 19 hr
184 1302 147 43 Åkerman,
355 1319 45 15 som
421 1313 93 27 yttrade:
544 1313 86 21 Tuntuu
644 1313 52 20 kuin
711 1313 182 21 suomenkielinen

73 1341 104 22 rubriikki
197 1341 20 21 ei
239 1342 47 20 olisi
301 1341 70 21 oikein
387 1342 65 26 hyvin
468 1343 76 25 osattu,
558 1342 44 20 kun
618 1341 54 21 siinä
686 1343 110 19 sanotaan:
829 1341 64 21 »Ase-

73 1371 34 20 tus
122 1370 177 21 maalaiskuntien
313 1370 251 21 kunnallishallinnosta.»
596 1369 64 22 Miksi
674 1370 98 21 ei-vaan:
804 1370 89 21 »Asetus

74 1398 190 21 »maalaiskuntien
278 1398 145 21 hallinnosta.»

141 1453 34 21 Hr
193 1453 146 22 Kerttula:
369 1454 65 27 Kyllä
456 1454 92 21 minusta
568 1461 27 14 on
611 1453 116 28 sopivampi
741 1455 56 19 tämä
812 1453 82 21 mietin-

74 1483 63 20 nössä
157 1482 93 21 luettava
270 1483 128 20 stiliseeraus
420 1482 52 21 kuin
494 1489 28 21 se,
544 1482 49 27 joka
614 1489 28 14 on
658 1483 112 20 ehdotettu.
801 1482 40 20 Kai
856 1488 38 15 sen

75 1510 55 28 pitää
145 1510 42 21 olla
203 1510 228 22 »kunnallishallintos.
