1103 1798
206 129 53 20 1006
479 128 273 33 Kommunikationsfonden.
941 135 22 16 12
976 135 46 19 maj.

204 209 65 20 garna
284 203 79 20 härtills
379 203 94 25 afkastat,
488 203 46 20 icke
549 203 62 21 altför
626 203 85 26 mycket
726 202 84 27 nedgär.
832 201 42 22 Det
884 203 22 19 är
916 203 24 26 ju
952 203 71 19 natur-

204 231 38 26 ligt
257 233 29 18 att
300 237 64 20 svaga
385 231 66 20 banor
465 231 66 20 mäste
547 231 79 27 byggas
641 231 7 20 i
664 231 45 20 värt
724 231 55 20 land.
808 230 120 26 Järnvägar
942 232 36 18 äro
994 232 30 19 ett

204 259 74 20 sädant
299 259 104 20 lifsvilkor
422 259 32 20 för
469 259 26 20 de
511 259 55 20 olika
582 259 85 20 delarna
683 259 21 20 af
718 259 77 26 landet,
810 261 30 18 att
855 265 49 14 man
919 258 47 21 icke
981 258 42 20 kan

206 287 68 26 undgä
297 289 30 18 att
346 287 69 26 bygga
431 287 52 27 dem,
499 287 61 21 äfven
577 287 37 20 där
629 287 26 20 de
669 287 47 21 icke
732 289 34 18 äro
782 286 161 28 vinstgifvande.
973 285 50 22 Men

205 315 34 21 det
261 317 22 19 är
306 315 74 21 endast
401 321 76 21 genom
493 317 29 19 att
537 315 34 21 vid
588 315 69 21 beslut
672 321 33 15 om
721 321 41 20 nya
778 315 66 20 banor
859 315 54 20 tillse
929 317 31 18 att
974 321 49 14 man

204 343 60 22 ernär
279 344 64 27 sagda
359 343 115 28 blandning
489 343 21 21 af
525 350 44 15 mer
585 344 38 21 och
639 343 81 22 mindre
731 343 95 21 räntabla
836 343 70 25 banor,
918 349 45 15 som
974 349 49 14 man

204 373 47 20 med
267 373 98 26 trygghet
379 372 41 21 kan
435 372 68 27 fortgå
518 375 30 18 att
563 372 11 21 &
589 372 221 27 järnvägsbyggnader
825 371 96 21 använda
934 371 23 21 sä
968 373 56 19 stora

204 401 81 27 belopp,
300 407 46 14 som
361 401 38 20 här
416 401 92 21 föresläs.
530 401 33 20 En
579 407 70 15 annan
665 401 132 21 konsekvens
812 401 21 20 af
848 400 35 21 det
898 400 87 21 anförda
1001 402 23 19 är

204 431 34 22 att,
253 431 38 19 när
306 435 49 15 man
371 429 79 28 bygger
465 435 64 21 svaga
545 430 71 26 banor,
630 436 50 14 man
696 429 38 22 bör
748 429 51 21 söka
814 429 84 21 komma
913 429 32 20 till
960 430 29 19 ett
999 429 23 20 sä

204 457 67 28 billigt
285 458 120 27 byggnads-
421 458 37 21 och
473 457 211 29 trafikeringssystem
700 464 46 15 som
761 458 86 27 möjligt.

271 515 32 21 Hr
325 515 205 27 Schybergson:
567 514 42 22 Det
634 515 137 27 betänkande,
798 521 45 15 som
866 521 29 14 nu
910 514 112 28 föreligger

204 543 30 21 till
257 544 134 27 behandling,
413 546 22 18 är
456 544 8 20 i
487 544 76 27 mänga
582 544 114 20 afseenden
714 544 23 20 sä
752 543 116 27 märkeligt,
883 545 30 19 att
927 544 35 26 jag
976 543 46 21 icke

204 572 40 20 kan
267 572 111 20 underläta
400 574 29 19 att
450 572 7 20 i
479 572 115 27 anledning
613 572 59 20 däraf
687 572 25 27 pä
727 572 32 20 sin
775 572 50 26 höjd
840 572 32 20 för
886 572 29 20 tio
931 572 91 20 minuter

202 602 48 25 taga
272 600 93 21 ständets
381 601 184 27 uppmärksamhet
579 600 8 20 i
603 600 94 28 anspräk.
726 600 33 21 Dä
774 601 35 19 vid
825 602 81 19 senaste
922 600 100 26 landtdag

202 628 185 22 finansrelationen
413 629 38 21 och
473 630 162 20 statsutskottets
661 628 132 22 betänkande
818 628 72 21 därom
913 628 109 27 förelades,

203 658 72 26 gjorde
291 664 26 14 en
333 658 21 20 af
370 657 163 21 statsutskottets
545 657 137 21 medlemmar
692 657 40 21 den
744 658 167 26 anmärkningen
922 659 30 19 att
961 659 61 19 stats-

203 686 162 26 hushällningen
388 686 71 27 gjorde
482 686 105 27 intrycket
605 686 21 20 af
641 692 27 14 en
682 686 109 27 förmögen
806 692 60 15 mans
880 685 141 27 hushällning.

203 714 43 21 När
260 721 49 14 man
325 715 43 21 äter
383 715 55 21 läser
449 722 30 13 nu
491 714 158 28 ifrägavarande
660 715 137 26 betänkande,
806 721 50 14 vore
867 721 47 14 man
926 714 96 28 benägen

202 746 30 18 att
253 743 65 21 ändra
341 743 112 27 adjektivet
476 744 38 20 och
537 746 49 25 säga
609 745 29 19 att
653 743 141 21 betänkandet
809 744 77 20 vittnar
901 749 35 15 om
952 745 30 19 att
995 743 27 27 pä

201 772 150 26 järnvägarnas
373 772 84 20 område
480 772 7 20 i
509 772 46 21 vårt
576 772 50 20 land
647 772 161 27 hushållningen
830 774 23 18 är
872 778 26 14 en
914 772 32 20 rik
961 778 61 14 mans

202 800 140 27 hushållning.
371 800 42 22 Det
435 803 28 23 är,
485 800 68 22 såsom
577 800 26 21 de
625 800 126 26 föregående
773 800 94 22 talarena
881 801 63 20 hafva
958 800 64 21 fram-

202 828 65 27 hållit,
282 829 85 26 mycket
382 829 111 27 glädjande
509 831 29 19 att
554 830 20 20 vi
590 828 82 22 befinna
689 835 33 15 oss
737 830 7 20 i
760 829 40 21 den
811 829 100 21 situation
921 831 31 19 att
961 831 61 19 stats-

202 857 100 21 utskottet
316 858 7 20 i
340 858 46 20 sina
397 857 138 26 beräkningar
545 857 82 22 kunnat
637 857 107 27 kalkylera
755 858 48 20 med
814 857 95 27 tiofaldig
919 858 101 20 säkerhet.

200 886 30 26 Ty
247 885 34 22 det
296 888 23 18 är
334 888 73 19 nästan
423 886 27 24 så,
467 886 26 21 då
508 886 101 21 utskottet
624 886 102 21 beräknat
741 888 29 19 att
784 886 89 21 trafiken
888 886 32 21 till
935 886 52 27 följd
1000 886 22 21 af

201 914 161 28 nedsättningen
378 915 8 20 i
400 915 149 20 fraktsatserna
564 915 52 20 skall
632 915 52 26 stiga
700 915 74 21 endast
788 915 48 20 med
853 915 18 24 1,
886 915 13 20 2
915 915 40 20 och
971 915 12 20 3
994 915 27 26 %

202 943 67 20 under
291 943 41 21 den
354 945 104 19 närmaste
480 943 107 28 perioden,
605 949 48 14 men
670 943 93 21 däremot
778 943 11 21 &
805 943 65 21 andra
884 943 60 21 sidan
960 949 61 15 anser

202 973 29 19 att
253 971 40 22 den
317 971 40 21 blir
379 971 23 21 sä
423 971 59 28 liflig,
502 973 29 20 att
554 972 40 21 den
610 972 81 21 fordrar
706 978 26 15 en
748 972 85 27 mycket
847 971 57 21 stark
920 971 78 27 ökning
1013 971 7 21 i

200 1000 59 28 fräga
279 1007 35 14 om
336 1000 40 21 den
397 1000 75 28 rörliga
491 1001 127 21 materielen.
648 1000 41 21 Det
704 1002 22 20 är
741 1007 26 15 en
783 1001 84 26 mycket
882 1001 41 27 god
938 1001 38 20 sak
991 1002 29 19 att

201 1029 70 21 kunna
287 1029 26 27 pä
328 1029 57 21 detta
399 1031 41 19 sätt
453 1031 50 25 göra
519 1029 100 27 kalkylen
633 1029 46 21 icke
696 1029 52 22 blott
762 1030 95 26 försiktig
873 1032 49 18 utan
938 1031 47 18 rent
1000 1029 21 21 af

200 1057 139 27 pessimistisk
362 1058 54 20 hvad
439 1058 142 21 inkomsterna
598 1058 96 20 beträffar
708 1058 40 21 och
763 1058 53 21 dock
832 1064 22 15 se
870 1058 32 27 sig
916 1058 8 20 i
939 1057 81 21 tillfälle

200 1088 31 18 att
245 1086 26 27 pä
286 1088 35 24 ett,
338 1086 70 20 såsom
423 1086 25 21 hr
461 1086 100 26 Tallgvist
576 1086 105 26 uttryckte
697 1086 40 26 det,
752 1088 97 26 generöst
864 1088 40 19 sätt
916 1086 105 21 behandla

200 1114 70 27 frägor
292 1121 34 14 om
349 1114 119 28 utgifterna.
497 1115 30 25 Ty
549 1115 75 20 medan
647 1115 152 21 statsutskottet
813 1117 14 18 t.
843 1121 33 15 ex.
890 1115 7 20 i
912 1114 59 27 fräga
986 1121 34 14 om

201 1142 178 27 militiebudgeten
397 1142 51 22 hade
463 1143 80 27 ganska
559 1143 84 27 mycket
658 1145 30 19 att
703 1143 100 21 anmärka
818 1150 33 13 om
867 1142 153 28 nybyggnader

200 1171 39 21 veh
262 1170 104 28 åtskilliga
389 1171 57 21 delar
463 1171 22 21 af
501 1171 111 27 budgeten,
627 1170 23 21 sä
664 1173 24 18 är
703 1172 35 20 det
752 1172 101 20 starkaste
869 1171 91 26 uttryck,
975 1177 46 14 som

200 1199 141 21 förekommer
363 1199 6 20 i
392 1199 57 21 detta
471 1199 137 26 betänkande,
631 1200 35 19 det
687 1201 29 19 att
731 1199 140 21 kostnaderna
886 1200 32 20 för
933 1206 27 14 en
976 1205 44 15 om-

200 1228 99 26 byggnad
319 1228 21 20 af
353 1228 113 26 järnvägen
482 1228 7 19 i
505 1228 101 20 närheten
621 1228 21 20 af
657 1227 31 21 S:t
702 1228 128 26 Petersburg
845 1230 22 18 är
882 1234 26 14 en
926 1227 94 21 »mindre

200 1256 116 21 tilltalande
331 1256 82 26 utgift».
443 1256 44 26 Mig
501 1256 106 21 förefaller
623 1256 35 21 det
672 1256 116 21 emellertid
804 1263 44 13 som
865 1262 34 14 om
914 1256 63 20 äfven
991 1255 29 21 ät-

200 1284 82 27 skilliga
302 1284 21 21 af
338 1284 26 20 de
380 1284 66 28 öfriga
460 1284 113 27 utgifterna
589 1290 49 15 vore
653 1284 82 22 mindre
750 1284 121 22 tilltalande.
901 1284 41 27 Jag
957 1284 63 21 fram-

200 1312 66 22 häller
286 1313 6 20 i
313 1313 55 21 detta
384 1313 98 21 afseende
497 1313 74 21 endast
586 1313 25 21 de
627 1315 77 19 tvänne
720 1320 41 20 nya
776 1313 129 21 stationerna
920 1314 21 20 af
956 1313 64 20 femte

199 1341 90 26 klassen,
308 1341 71 19 hvilka
400 1343 47 25 taga
465 1342 7 18 i
488 1341 95 26 anspräk,
599 1342 41 18 den
656 1347 39 15 ena
710 1342 81 25 85,000,
807 1342 40 20 den
863 1342 66 20 andra
944 1341 75 26 89,500

199 1369 65 26 mark,
280 1369 71 20 vidare
366 1369 155 20 stationshusen
537 1369 8 19 i
563 1368 80 27 Viborg
664 1370 39 19 och
719 1369 142 27 Valkeasaari,
871 1370 21 19 af
902 1369 72 20 hvilka
985 1368 35 21 det

200 1403 73 15 senare
295 1397 48 20 med
359 1396 35 22 sitt
408 1396 178 28 kostnadsförslag
601 1396 26 28 pä
643 1397 89 27 300,000
748 1398 60 21 mark
823 1403 63 21 synes
901 1398 73 20 kunna
990 1397 30 21 ät-

199 1426 105 21 minstone
319 1425 84 28 päkalla
417 1426 68 27 nägon
501 1426 165 21 betänksamhet.

267 1454 41 28 Jag
330 1457 35 25 tog
388 1455 52 20 dock
463 1454 120 28 egentligen
606 1455 32 21 till
661 1455 59 21 ordet
735 1455 32 21 för
782 1457 30 20 att
826 1455 7 21 i
847 1455 120 22 hufvudsak
983 1462 36 15 an-

200 1483 55 22 sluta
266 1484 44 27 mig
322 1483 31 21 till
364 1483 25 21 hr
398 1483 110 28 Tallgvists
520 1483 170 22 betraktelsesätt.
716 1483 47 22 Den
773 1486 101 26 generösa
884 1485 135 28 uppfattning

199 1513 21 20 af
235 1513 201 27 statsjärnvägarnas
453 1512 133 28 förvaltning,
601 1513 84 21 hvartill
700 1513 101 22 utskottet
816 1514 88 21 kommit
919 1513 32 21 till
966 1513 52 28 följd
