1106 1820
194 131 54 21 1166
419 137 123 16 Folkskolor
554 138 6 16 i
572 137 213 17 landskommunerna.
932 138 21 16 15
966 137 49 20 maj.

193 205 106 20 lärarinna
321 205 100 20 anställes
444 205 38 20 och
497 205 87 27 lämplig
602 205 220 26 undervisningslokal
837 205 105 21 anskaffas
963 205 53 21 eller

194 233 39 21 ock
251 235 29 19 att
298 233 105 21 distriktet
416 234 8 19 i
439 233 35 21 två
489 233 51 22 eller
554 233 52 22 flere
622 233 82 21 distrikt
718 233 49 20 med
782 233 53 21 hvar
849 234 32 20 sin
897 233 59 21 skola
973 234 43 21 för-

194 261 63 22 delas.
286 261 50 22 Men
358 268 80 14 samma
461 262 42 21 mål
526 263 40 20 kan
588 262 80 26 vinnas,
687 262 27 27 på
732 264 42 19 sätt
794 262 87 21 friherre
901 269 40 14 von
957 262 56 21 Born

193 290 113 28 föreslagit,
322 291 121 25 därigenom
459 292 30 19 att
504 297 26 14 en
546 291 34 21 del
596 291 51 20 barn
658 290 114 21 öfverföras
782 291 32 20 till
824 291 60 20 skola
893 291 8 20 i
911 293 30 19 ett
952 293 64 19 annat

194 319 88 21 distrikt.
311 319 41 27 Jag
371 319 37 20 ber
422 319 70 20 därför
507 321 29 20 att
551 320 21 20 få
588 319 127 21 understöda
731 319 35 21 det
782 319 74 21 väckta
871 319 100 28 förslaget
985 321 31 20 att

194 347 52 22 efter
268 347 65 22 orden
358 347 50 21 »bör
430 348 114 21 kommun»
568 347 69 22 skulle
655 348 49 27 ingå
721 347 99 22 »såframt
834 348 47 21 icke
897 348 35 21 det
947 348 68 21 öfver-

193 376 112 27 skjutande
328 376 78 21 antalet
425 376 114 27 lämpligen
555 377 41 20 kan
611 376 82 28 intagas
714 376 8 21 i
740 383 70 14 annan
826 376 95 27 befintlig
936 376 78 22 skola».

193 404 50 21 Men
266 405 107 21 dessutom
396 405 41 21 kan
459 411 48 15 man
530 406 64 21 tänka
608 405 32 27 sig
656 407 56 19 ännu
728 407 29 19 ett
771 405 68 28 fjärde
854 407 41 20 sätt
909 406 32 21 för
956 405 59 21 kom-

193 440 78 15 munen
291 436 31 19 att
336 434 26 26 gå
378 433 30 22 till
423 436 58 24 väga,
498 433 25 22 dä
538 441 26 14 en
580 434 59 21 skola
656 434 67 21 blifvit
738 434 105 21 öfverfull.
872 434 42 21 Det
935 434 41 21 kan
991 435 24 26 ju

193 462 69 21 hända
285 464 30 19 att
336 462 7 20 i
366 463 35 20 två
416 462 88 28 distrikt,
519 469 45 15 som
580 462 56 28 ligga
651 462 87 21 bredvid
753 462 124 27 hvarandra,
893 463 123 21 hvartderas

193 490 59 22 skola
272 491 54 21 hade
348 493 30 19 ett
400 491 57 21 antal
472 492 21 20 af
508 492 26 20 50
550 492 71 20 elever
635 491 52 21 eller
702 492 125 20 därutöfver.
858 491 72 28 Enligt
945 491 70 21 denna

192 520 98 27 paragraf
310 520 52 20 skall
383 520 26 21 då
424 520 101 27 antingen
540 527 30 20 ny
584 520 68 21 lärare
667 522 86 25 antagas
769 520 51 21 eller
832 520 63 21 också
911 521 104 20 distriktet

194 548 62 21 delas.
286 548 42 22 Det
346 551 23 18 är
384 549 53 20 dock
452 548 46 21 icke
514 549 60 27 sagdt
589 551 30 19 att
634 548 114 28 någotdera
764 549 21 20 af
800 549 60 21 dessa
875 549 84 21 distrikt
973 548 41 21 kan

193 578 83 20 ensamt
296 577 32 21 för
348 578 33 26 sig
401 578 58 20 delas
481 578 7 20 i
506 578 34 20 två
556 578 52 20 eller
622 580 31 18 tre
668 584 42 20 nya
726 577 88 27 distrikt,
830 584 49 14 men
894 578 34 20 väl
943 577 72 21 kunde

193 605 36 21 det
250 606 70 27 lämpa
341 606 32 27 sig
394 608 30 19 att
444 606 26 20 de
489 606 34 20 två
544 606 110 22 distrikten
670 606 67 20 skulle
756 606 57 21 delas
828 606 7 20 i
851 608 37 24 tre,
903 606 23 21 så
941 608 30 19 att
985 612 28 15 en

194 634 34 21 del
249 634 45 21 från
319 635 35 20 det
376 641 40 14 ena
438 635 39 21 och
497 641 26 15 en
539 635 45 21 från
601 635 35 21 det
650 635 66 21 andra
730 634 69 22 skulle
814 635 152 21 sammanföras
981 634 32 21 till

194 665 29 19 ett
238 665 46 25 nytt
300 663 88 21 distrikt.
417 663 41 22 Det
474 670 63 20 synes
552 664 44 27 mig
611 664 70 21 därför
696 670 45 14 som
756 670 34 15 om
806 664 61 20 äfven
881 664 69 21 denna
960 664 53 27 möj-

193 691 65 28 lighet
281 692 64 21 borde
368 692 84 21 beaktas
475 693 7 20 i
500 693 129 27 paragrafen.
658 692 41 28 Jag
720 692 70 21 skulle
808 693 70 20 därför
892 692 77 21 föreslå
983 695 30 18 att

193 720 64 22 slutet
279 721 21 20 af
322 721 122 27 paragrafen
466 721 68 21 skulle
554 721 78 22 erhålla
647 721 93 27 följande
755 721 92 27 lydelse:
863 721 52 21 eller
930 721 39 21 ock
984 723 30 19 att

194 749 96 21 distriket
304 749 6 21 i
326 749 35 21 två
376 749 52 22 eller
442 750 51 21 flere
509 750 82 21 distrikt
606 750 48 21 med
669 750 52 20 hvar
736 750 31 20 sin
784 751 59 20 skola
855 750 90 21 fördelas
962 750 52 21 eller

193 780 48 25 nytt
256 778 83 21 distrikt
354 785 76 20 genom
445 778 106 28 reglering
561 779 21 20 af
592 779 230 26 distriktsindelningen
832 779 72 20 bildas.
920 778 94 21 Sålunda

194 806 68 21 skulle
284 807 101 21 kommun
410 807 112 27 berättigas
545 809 29 20 att
593 807 77 21 förfara
692 807 52 21 efter
760 807 211 28 omständigheterna,
987 807 27 21 dä

194 841 24 15 en
236 835 58 21 skola
308 835 33 21 får
356 838 29 19 ett
400 838 65 19 större
480 837 56 20 antal
552 836 70 21 elever
636 837 27 19 än
678 836 41 21 den
735 836 91 27 lagligen
842 836 39 20 bör
892 836 68 21 hafva.
981 835 34 22 Hr

192 863 54 21 Lille
261 864 95 21 förordar
376 866 30 19 att
421 865 7 20 i
448 864 65 21 första
532 865 114 26 meningen
661 864 69 21 skulle
744 865 83 26 intagas
842 864 36 21 det
892 865 123 26 stadgande,

193 899 46 13 som
261 892 59 26 ingår
342 893 7 19 i
371 893 88 21 friherre
482 899 41 14 von
545 893 69 20 Borns
636 893 83 26 förslag,
742 893 22 20 så
786 895 30 18 att
832 893 35 20 det
882 893 69 20 skulle
966 893 49 20 heta

195 920 64 20 »barn
282 926 45 15 som
350 920 114 22 innehafva
486 921 127 21 föreskrifna
634 921 120 27 kunskaper
776 921 39 21 och
837 921 72 20 kunna
927 923 88 25 antagas

193 949 85 21 komma
293 951 30 19 att
338 949 78 21 besöka
430 950 95 20 skolan».
555 950 43 27 Mig
613 950 107 20 förefaller
735 950 35 20 det
785 956 43 14 som
846 956 33 14 om
895 950 57 20 detta
964 950 50 20 sista

194 977 92 27 uttryck:
304 978 52 21 »och
375 978 72 21 kunna
465 980 87 26 antagas
566 978 85 21 komma
666 981 30 18 att
711 978 77 21 besöka
804 978 86 21 skolan»
907 978 107 27 lätteligen

192 1006 72 21 kunde
287 1008 51 25 göra
359 1006 47 22 hela
426 1007 148 27 skyldigheten
596 1008 33 20 för
651 1007 131 21 kommunen
802 1009 30 19 att
853 1007 76 21 inrätta
945 1007 71 21 skolor

193 1034 112 22 illusorisk.
335 1035 70 21 Hvem
425 1036 53 21 skall
501 1036 73 27 pröfva
594 1042 33 14 om
643 1035 98 21 anmälda
756 1036 70 21 elever
841 1036 72 20 kunna
928 1039 88 24 antagas

193 1063 86 21 komma
290 1067 30 19 att
333 1064 77 21 besöka
420 1064 89 22 skolan?
532 1064 109 28 Själffallet
651 1064 26 21 de
688 1064 136 21 kommunala
834 1064 182 28 myndigheterna.

194 1092 49 20 Men
266 1093 49 27 vilja
338 1093 26 21 de
379 1093 45 21 icke
447 1094 77 20 inrätta
546 1093 76 27 skolor,
637 1092 23 22 sä
676 1093 96 21 använda
787 1093 26 21 de
829 1099 45 15 som
895 1093 72 21 ursäkt
983 1095 29 19 att

194 1120 78 22 barnen
294 1122 46 20 icke
356 1122 71 20 kunna
443 1124 86 26 antagas
545 1122 84 21 komma
644 1124 30 18 att
689 1121 77 21 besöka
781 1122 104 20 skolorna.
915 1121 101 21 Däremot

193 1150 42 21 kan
257 1150 56 21 förra
336 1150 61 21 delen
421 1150 21 21 af
466 1150 87 22 friherre
578 1157 40 14 von
640 1150 68 21 Borns
731 1150 77 27 förslag
831 1150 63 21 hafva
916 1150 45 21 skäl
983 1150 33 20 för

193 1178 37 28 sig.
260 1178 41 28 Jag
323 1185 50 15 vore
394 1179 70 21 därför
483 1180 32 20 för
530 1180 43 20 min
595 1179 33 21 del
647 1178 49 28 böjd
712 1181 30 19 att
756 1180 109 26 acceptera
880 1180 30 20 ett
925 1179 91 26 uttryck,

194 1213 44 15 som
262 1208 141 20 förekommer
422 1208 8 20 i
450 1208 201 27 ständerpetitionen
671 1207 34 21 vid
724 1209 82 19 senaste
821 1207 110 27 landtdag:
956 1207 58 21 »frän

194 1236 104 21 distriktet
316 1236 177 20 hemmahörande
514 1236 57 27 barn,
586 1242 44 15 som
646 1235 96 27 uppfylla
756 1236 259 27 inträdesfordringarna».

194 1264 62 21 Detta
280 1264 83 27 uttryck
384 1264 113 22 innefattar
516 1265 57 21 såväl
588 1266 30 20 att
633 1264 79 21 barnen
728 1264 59 21 skola
802 1271 51 14 vara
867 1264 7 21 i
889 1264 126 27 skolåldern,

194 1299 46 15 som
261 1295 29 19 att
310 1293 26 21 de
351 1293 50 21 böra
416 1294 63 20 hafva
494 1294 77 27 nödiga
586 1293 158 27 förkunskaper.
774 1292 41 28 Jag
830 1299 61 15 anser
914 1292 54 22 dock
986 1295 30 19 att

194 1321 57 21 detta
266 1321 77 28 förslag
364 1322 38 20 bör
416 1317 123 37 behandlas:
547 1322 87 21 alldeles
650 1322 118 21 oberoende
784 1321 21 21 af
820 1321 35 21 det
870 1322 21 20 af
905 1322 44 27 mig
963 1322 53 20 först

193 1350 127 21 framstälda.

262 1405 32 21 Hr
313 1405 146 21 Sundvall:
490 1405 41 27 Jag
552 1405 90 28 begärde
665 1405 59 22 ordet
746 1406 33 20 för
801 1407 30 20 att
848 1405 21 21 fä
883 1406 74 21 förena
972 1406 44 27 mig

193 1433 49 22 med
258 1434 24 21 hr
296 1441 42 14 von
353 1433 71 22 Pfaler
438 1441 33 14 om
489 1437 29 19 att
533 1435 6 19 i
556 1440 72 16 senare
644 1434 62 22 delen
721 1434 21 22 af
757 1435 124 27 paragrafen
889 1435 69 21 skulle
966 1435 49 27 ingä

194 1463 64 21 orden
276 1470 58 14 »som
352 1463 113 21 innehafva
479 1463 125 21 föreskrifna
620 1463 172 28 förkunskaper».
821 1464 41 26 Jag
877 1470 62 15 anser
955 1464 60 21 dessa

194 1492 38 21 ord
258 1492 46 22 icke
330 1492 52 21 blott
408 1492 100 28 lämpliga
535 1494 51 20 utan
614 1492 87 22 alldeles
723 1492 134 28 nödvändiga
875 1492 33 21 för
921 1494 29 20 att
962 1492 53 28 icke,
