1103 1792
200 132 40 20 982
500 129 213 33 Rättegångsbalken.
935 136 22 17 10
970 136 48 21 maj.

199 205 105 21 allmänna
327 204 98 27 syftemål
447 204 106 28 påkalladt
576 204 51 22 eller
649 204 48 20 med
720 204 151 20 ombudsmans
893 204 100 27 ställning
1012 204 7 20 i

198 234 136 26 rättegången
358 233 40 20 och
420 233 67 20 vilkor
507 232 197 27 öfverhufvudtaget
726 232 94 26 skäligen
842 232 103 28 förenligt,
966 235 54 18 samt

199 264 30 19 att
248 262 41 20 den
311 262 54 20 våda
383 262 33 20 för
437 261 185 21 hufvudmannens
643 263 45 24 rätt,
706 261 86 20 hvilken
813 260 150 22 ombudsmans
978 261 41 21 för-

199 290 114 21 summelse
336 290 21 20 af
378 290 140 27 processuella
543 289 125 28 åligganden
691 290 69 20 städse
783 290 114 25 medförde,
918 290 39 20 och
979 290 39 20 den

199 319 126 21 sistnämdes
348 319 132 26 ansvarighet
501 319 70 20 härför
592 320 107 25 gentemot
723 318 175 21 hufvudmannen
924 318 95 27 utgjorde

199 349 30 20 ett
246 347 90 21 »därhän
353 347 106 21 värksamt
473 347 106 21 korrektiv
595 350 43 17 mot
653 347 71 26 dylika
740 347 162 25 försummelser,
918 350 30 18 att
957 349 62 19 rätte-

199 376 93 28 gängens
315 376 93 27 oskäliga
428 376 152 27 uppehällande
602 376 20 20 af
645 375 182 22 ombudsmannen
849 376 58 20 torde
923 375 20 22 fä
959 382 60 15 anses

199 405 66 21 redan
284 411 77 21 genom
384 405 96 26 gällande
504 405 149 27 lagstadgande
670 405 126 20 härutinnan
811 404 139 27 tillräekligen
966 406 53 19 före-

201 434 85 27 bygdt».
315 433 41 21 För
370 434 45 19 min
432 433 32 21 del
481 440 62 14 anser
556 434 35 27 jag
606 435 29 19 att
650 433 159 26 ifrågavarande
825 433 138 28 bestämning,
974 440 44 14 som

199 462 55 21 afser
280 464 30 19 att
330 462 114 27 förebygga
471 462 86 27 onödigt
580 462 89 27 uppskof
693 463 7 19 i
723 462 135 26 rättegången
880 468 75 21 genom
979 462 40 21 för-

200 491 113 21 summelse
334 491 46 20 från
400 491 193 20 ombudsmannens
613 491 51 20 sida.
679 490 129 27 fullkomligt
824 491 196 20 öfverensstämmer

200 520 48 20 med
269 519 145 27 lagförslagets
438 519 105 20 allmänna
565 519 103 26 syftemäl,
690 525 44 14 som
756 519 22 26 ju
794 521 23 18 är
832 521 29 18 att
876 519 144 21 ästadkomma

201 554 24 15 en
247 549 65 20 större
334 547 152 27 skyndsamhet
505 548 7 20 i
531 547 133 22 förfarandet.
696 547 63 21 Hvad
779 547 63 21 sedan
867 547 96 21 beträffar
985 547 34 28 pä-

201 576 95 21 stäendet
306 578 30 19 att
344 576 192 21 ombudsmannens
545 577 133 26 ansvarighet
688 578 108 25 gentemot
808 577 52 19 hans
868 582 52 19 egen
930 576 90 21 hufvud-

201 611 49 14 man
266 605 40 20 och
320 605 80 20 dennes
416 605 109 26 äliggande
542 607 29 18 att
585 605 54 20 hålla
655 607 116 24 motparten
792 605 107 20 skadeslös
914 605 33 20 för
961 605 57 20 såväl

200 633 186 21 hufvudmannens
408 639 51 20 egen
483 639 45 14 som
551 633 52 21 hans
625 633 150 20 ombudsmans
798 633 146 21 försummelse
971 639 47 15 vore

201 664 29 19 ett
252 662 22 21 sä
297 662 106 21 värksamt
421 661 104 21 korrektiv
548 662 6 20 i
575 662 56 21 detta
651 662 106 25 afseende,
772 664 30 18 att
817 662 70 20 vidare
903 662 115 27 stadgande

200 691 46 20 icke
269 690 106 27 behöfdes,
396 691 38 20 ber
451 691 36 26 jag
509 692 29 19 att
559 690 20 21 fä
600 690 68 21 erinra
688 691 106 25 hurusom,
810 691 68 20 därest
893 691 6 20 i
915 697 26 14 en
958 693 61 18 rätte-

200 719 55 27 gäng
275 719 175 21 hufvudmannen
471 719 61 20 räkar
547 725 50 15 vara
615 725 25 14 en
655 719 61 26 fattig
731 719 51 26 karl,
798 725 44 14 som
854 720 51 26 jämt
921 719 38 21 och
975 721 44 18 nätt

202 754 48 21 eger
266 747 22 22 sä
303 748 85 26 mycket
403 754 44 14 som
464 747 34 21 det
514 747 80 28 belopp.
609 748 86 20 hvarom
708 748 77 20 tvisten
801 750 34 18 rör
845 748 37 27 sig,
896 747 39 22 och
946 748 73 27 ingen-

201 777 44 26 ting
270 776 126 23 därutöfver,
418 778 117 25 motparten
557 777 7 19 i
583 776 56 21 detta
660 776 37 20 fall
714 776 47 20 icke
777 782 49 15 vore
842 776 97 27 betjänad
955 776 20 21 af
991 779 29 18 att

202 804 74 21 endast
296 805 21 20 fä
338 804 55 21 hälla
412 805 30 26 sig
462 804 32 21 till
514 805 179 20 hufvudmannen.
722 804 53 23 Den,
796 811 44 14 som
858 805 64 26 nägot
940 805 79 20 känner

203 833 30 20 till
256 833 164 26 förhällandena,
441 833 41 20 kan
503 833 46 20 icke
567 833 66 20 häller
651 839 48 14 vara
718 833 94 26 okunnig
831 833 71 21 därom
924 836 29 17 att
969 839 50 22 upp-

203 861 47 21 skof
264 861 47 22 icke
326 861 67 21 sällan
408 861 89 28 päyrkas
513 862 20 20 af
549 861 145 26 ombudsman,
707 867 45 14 som
762 861 47 21 icke
820 861 75 21 hunnit
906 862 113 26 behörigen

202 890 110 21 förbereda
334 890 32 26 sig
384 890 27 26 pä
432 896 26 14 en
476 890 43 26 sak,
541 891 39 19 och
596 890 37 20 där
648 890 139 20 ombudsman
802 890 63 20 ocksä
880 890 140 21 förekommer

201 918 27 27 pä
242 920 98 20 motsatta
355 918 66 26 sidan,
432 920 107 19 motsätter
549 919 32 26 sig
591 918 69 21 denna
671 918 45 21 icke
727 918 58 20 alltid
797 921 29 17 ett
836 918 74 21 sädant
919 919 100 26 yrkande,

202 947 88 21 emedan
311 949 30 19 ett
360 946 123 22 undseende
502 947 5 20 i
531 947 110 21 enahanda
661 947 54 26 syfte
735 947 99 27 möjligen
851 947 38 21 kan
906 947 35 21 vid
957 947 64 27 nägot

201 978 65 18 annat
288 976 81 20 tillfälle
392 982 49 14 vara
463 976 33 20 för
513 976 76 20 honom
613 975 105 26 behöfligt.
753 975 95 27 Onödiga
873 975 90 28 uppskof
985 976 34 20 vid

202 1004 75 27 antydt
294 1004 130 21 förhällande
444 1004 129 21 förekomma
591 1004 62 21 äfven
672 1004 88 21 allmänt
779 1004 35 20 vid
835 1004 111 21 utländska
963 1004 57 20 dom-

201 1033 69 20 stolar.
300 1032 102 21 Särskildt
425 1036 33 17 vet
480 1033 35 27 jag
534 1034 29 20 att
585 1032 35 21 det
642 1034 23 19 är
686 1032 59 21 fallet
766 1032 7 20 i
796 1032 110 26 Tyskland.
925 1045 27 3 —
971 1032 49 22 Icke

201 1061 67 21 häller
289 1062 41 20 kan
352 1062 36 26 jag
402 1062 45 20 inse
469 1061 36 21 det
518 1061 119 28 principielt
651 1061 89 27 oriktiga
758 1062 3 19 i
776 1061 193 21 ombudsmannens
985 1068 36 14 an-

201 1089 246 27 svarighetsförhällande
467 1090 31 21 till
518 1092 122 25 motparten.
669 1089 12 21 1
696 1090 57 21 detta
767 1090 37 20 fall
820 1090 120 21 förutsättes
954 1090 22 27 ju
993 1092 29 19 ett

203 1118 68 21 direkt
285 1118 98 21 vällande
398 1118 46 20 frän
460 1118 193 21 ombudsmannens
668 1118 50 27 sida,
734 1125 45 13 som
794 1118 68 21 skulle
874 1118 63 21 hafva
949 1120 73 19 ersätt-

201 1146 183 28 ningsskyldighet
407 1146 30 21 till
459 1146 84 28 påföljd.
578 1147 40 21 För
637 1149 69 19 resten
726 1148 23 19 är
769 1149 29 18 att
821 1147 71 21 märka
915 1149 30 19 att
966 1147 55 21 stad-

201 1175 78 27 gandet
301 1176 43 20 helt
367 1175 69 21 säkert
457 1175 46 21 icke
528 1176 68 20 skulle
619 1176 83 20 komma
717 1178 30 18 att
762 1176 104 26 tillämpas
881 1176 7 20 i
903 1176 66 20 andra
984 1176 36 20 fall

202 1206 26 18 än
250 1204 26 20 dä
297 1204 36 20 det
352 1206 23 18 är
395 1203 86 21 alldeles
501 1204 118 28 uppenbart
633 1206 30 18 att
678 1204 160 20 försummelsen
855 1204 68 21 berott
937 1204 22 21 af
974 1210 46 15 om-

201 1232 153 21 budsmannen.
373 1232 75 27 Nägon
463 1232 142 28 oegentlighet
623 1238 63 21 synes
701 1233 48 27 mig,
764 1232 69 21 säsom
849 1232 62 22 ocksä
923 1232 99 22 utskottet

201 1260 120 27 framhällit,
342 1261 46 21 icke
408 1260 65 22 häller
492 1261 56 27 ligga
568 1261 44 21 däri
632 1263 30 19 att
682 1261 190 26 ombudsmannen,
892 1261 26 21 dä
937 1262 41 20 han
1000 1263 23 19 är

203 1289 41 22 den
264 1290 102 27 skyldige,
385 1296 50 14 vore
453 1290 107 21 nödsakad
581 1292 29 19 att
625 1291 73 26 genast
713 1290 59 20 träda
786 1290 7 20 i
809 1290 104 21 svaromäl
927 1290 8 20 i
951 1290 71 20 anled-

202 1318 51 26 ning
276 1318 21 20 af
317 1318 148 26 vederpartens
485 1318 119 26 påstående.
634 1318 10 20 I
660 1318 26 20 de
701 1318 42 24 fall,
759 1318 26 20 dä
800 1318 65 20 sådan
882 1319 56 19 talan
954 1318 67 20 skulle

201 1346 84 26 päkalla
304 1345 22 21 sä
342 1346 98 26 vidlyftig
454 1346 119 26 utredning,
589 1347 29 19 att
633 1346 89 26 uppskof
738 1345 70 21 blefve
823 1346 21 20 af
858 1346 76 24 nöden,
950 1348 23 18 är
988 1346 35 20 det

201 1374 55 20 klart
278 1376 30 18 att
329 1374 138 26 vederparten
489 1374 66 20 mäste
577 1374 7 20 i
600 1374 70 26 vanlig
685 1374 90 26 ordning
793 1374 98 20 särskildt
907 1374 68 20 utföra
990 1374 31 20 sin

203 1402 55 20 talan
274 1404 57 19 emot
345 1402 106 20 ombudet.
480 1401 41 28 Jag
536 1402 37 21 ber
588 1402 71 20 därför
673 1404 30 19 att
717 1402 21 21 fä
753 1402 104 27 tillstyrka
868 1402 154 28 godkännande

201 1430 21 22 af
237 1431 111 21 utskottets
362 1430 83 28 förslag.

270 1488 32 21 Hr
316 1488 141 22 Brofeldt:
488 1488 31 21 På
533 1488 26 21 de
575 1488 20 21 af
609 1488 25 21 hr
648 1488 92 21 Jansson
756 1488 124 21 framhällna
896 1488 72 21 skälen
983 1489 39 21 och

203 1517 26 21 dä
248 1517 35 28 jag
304 1524 61 15 anser
381 1517 35 22 det
430 1524 49 14 vara
495 1517 108 28 olämpligt
617 1519 30 19 att
661 1517 7 20 i
684 1524 26 14 en
726 1523 84 21 process
825 1517 89 22 emellan
931 1517 91 22 hufvud-
