1109 1781
102 128 24 16 21
138 127 47 21 maj.
353 128 113 17 Storskifte
483 129 3 15 i
498 129 104 16 Kuusamo
615 134 24 11 m.
652 133 25 12 m.
870 123 55 21 1307

103 196 47 21 bort
164 196 70 21 fästas.
263 195 41 28 Jag
318 197 33 20 för
366 197 43 20 min
425 197 33 20 del
474 197 64 20 fäster
553 197 35 20 vid
604 197 61 20 deras
680 197 135 27 uppfattning
827 197 21 20 af
860 197 66 21 saken

102 225 24 20 sä
146 227 52 18 stort
218 225 105 27 afseende,
339 227 29 19 att
382 225 36 26 jag
432 225 88 21 föreslär
534 227 30 18 att
579 221 172 41 borgareständet
766 226 64 20 mätte
845 226 81 20 besluta

101 255 31 18 att
146 253 92 20 förklara
253 253 35 20 det
304 248 172 36 borgareständet
490 259 62 15 anser
567 253 57 21 tiden
640 255 57 19 ännu
711 253 47 21 icke
774 260 49 14 vara
832 254 50 20 inne
893 254 33 20 för

101 281 126 20 storskiftets
242 281 128 26 päbörjande
385 281 7 20 i
408 281 60 21 dessa
483 281 83 21 trakter.

170 337 32 20 Hr
217 336 86 21 Lille:
333 337 41 27 Jag
390 337 49 22 ville
454 337 32 21 till
500 338 48 20 mitt
562 338 56 20 förra
632 338 98 25 yttrande
745 337 86 28 tillägga
844 340 29 19 att
884 339 41 26 jag,

101 365 7 20 i
124 365 99 21 afseende
239 365 12 20 å
266 366 117 20 uttalandet
398 366 26 27 pä
438 367 77 26 pagina
530 367 33 26 27,
578 366 87 21 föreslår
680 369 30 18 att
725 367 117 20 detsamma
856 367 70 20 skulle

102 394 162 21 äterremitteras
278 394 32 21 till
325 395 101 20 utskottet
440 395 34 20 för
488 397 30 18 att
532 383 126 32 formuleras
673 395 31 20 till
720 401 27 14 en
762 395 87 20 särskild
863 395 62 26 kläm,

100 429 50 14 vare
172 423 32 26 sig
226 422 70 21 denna
316 423 55 20 kläm
387 423 96 21 kommer
498 425 30 19 att
542 423 78 21 införas
635 423 27 28 pä
677 424 35 20 sitt
726 423 123 21 nuvarande
865 424 60 20 ställe

101 451 52 21 eller
168 451 63 21 ocksä
245 451 8 20 i
268 451 64 21 slutet
346 451 21 21 af
382 451 147 22 betänkandet.
556 452 62 21 Hvad
634 452 47 21 mitt
695 452 79 27 förslag
788 452 98 21 beträffar
896 454 30 19 att

101 479 228 28 skogshushällningen
351 480 68 21 skulle
443 480 101 21 bestridas
568 481 47 20 med
639 481 106 20 allmänna
766 481 70 20 medel
851 480 74 21 endast

101 509 33 20 för
156 508 68 21 sävidt
246 509 147 26 afkastningen
417 509 46 21 frän
485 509 61 21 dessa
560 509 218 27 allmänningsskogar
793 509 46 21 icke
855 509 70 21 därtill

100 537 70 26 förslä,
186 543 61 15 anser
261 538 35 26 jag
312 537 24 21 hr
351 537 82 27 Nysten
448 538 47 20 icke
510 538 62 20 hafva
583 538 69 20 anfört
661 537 126 28 tillräckliga
797 538 45 20 skäl
853 538 32 20 för
895 540 30 18 att

100 568 98 18 motsätta
213 566 32 26 sig
260 566 62 20 detta.
352 565 42 22 Det
408 568 23 19 är
445 566 23 26 ju
483 572 27 14 en
526 568 43 19 stor
584 566 134 27 oformlighet
732 568 30 19 att
777 566 87 26 kronan,
879 572 46 15 som

99 594 65 21 redan
188 594 32 20 till
242 594 82 21 förmän
345 594 33 21 för
394 595 140 27 jordegarena
548 595 8 20 i
571 595 61 21 dessa
646 595 78 21 trakter
739 595 37 20 har
792 595 86 20 afhändt
892 595 33 26 sig

99 623 148 27 skogsmarker
269 623 32 20 till
323 622 104 28 betydligt
448 623 70 27 värde,
540 626 58 18 ännu
620 623 70 21 därtill
712 623 54 21 skall
788 623 87 28 bidraga
893 623 32 21 till

100 651 133 21 underhället
252 652 21 20 af
297 652 114 27 skogarnas
434 652 57 27 värd,
512 658 34 14 om
570 652 46 21 frän
632 652 60 21 dessa
708 652 217 27 allmänningsskogar

99 680 67 21 redan
187 680 69 21 under
276 680 65 21 första
363 680 45 21 året
429 681 42 21 kan
491 681 96 27 försäljas
602 681 59 20 virke
676 680 31 21 till
722 680 51 22 flere
788 681 59 20 tiotal
862 683 62 18 tusen

100 708 65 28 mark,
188 709 18 20 d.
230 716 18 13 v.
271 715 15 15 s.
307 711 29 19 ett
351 709 189 28 penningebelopp,
554 716 47 14 som
616 710 76 26 mänga
708 710 78 26 gänger
801 710 125 26 öfverstiger

100 738 42 20 den
164 738 63 27 utgift
249 744 26 14 en
296 738 90 20 rationel
407 738 114 27 skogsdrift
543 738 114 20 medförde.
687 738 31 20 Hr
733 738 83 26 Nysten
830 738 38 20 har
883 738 41 20 vis-

100 766 92 28 serligen
212 766 69 21 anfört
304 768 30 19 att
355 766 80 21 kronan
460 766 122 28 därigenom
604 766 70 21 blefve
693 766 67 21 bättre
765 762 13 37 i
797 766 81 21 tillfälle
894 768 30 19 att

99 801 77 21 genom
199 795 47 20 sina
267 795 101 21 forstmän
390 795 113 21 öfvervaka
525 795 93 21 skötseln
640 795 21 20 af
680 795 164 27 allmänningen.
874 794 50 21 Men

99 824 35 26 jag
156 825 43 19 tror
219 826 30 18 att
264 823 56 21 detta
336 824 45 20 skäl
395 824 47 20 icke
456 826 24 18 är
494 824 121 34 tillräokligt
629 823 95 21 hällbart.
754 823 50 21 Man
821 823 65 21 mäste
901 824 23 26 ju

100 854 76 25 antaga
197 853 35 24 att,
255 852 26 20 dä
303 854 133 24 guvernören
460 852 83 27 engäng
558 852 37 21 har
610 852 89 20 faststält
715 852 209 26 skogsafvärknings-

100 880 77 27 planen
199 868 39 32 och
254 880 26 21 dä
295 880 113 21 ständerna
423 880 142 28 uttryckligen
580 880 76 21 uttalat
670 880 32 27 sig
718 880 32 20 för
764 882 31 19 att
809 880 58 27 skog,
878 887 47 13 som

99 908 115 21 tillskiftats
235 909 104 27 lägenhot,
358 909 53 21 skall
426 909 94 27 afskiljas
535 910 68 20 under
617 909 121 26 forstnärlig
752 906 58 30 värd,
825 896 100 44 myndig-

99 938 88 20 heterna
201 937 59 21 skola
276 938 52 20 vaka
344 938 59 20 öfver
418 939 29 19 att
462 938 26 20 de
504 938 108 26 värkligen
624 937 70 21 skötas
706 938 38 20 och
756 926 89 32 värdas
836 922 12 46 i
858 937 66 27 enlig-

99 966 37 21 het
156 966 50 21 med
222 966 72 27 lagens
310 966 68 21 afsikt.
408 966 41 28 Jag
464 966 94 21 anhäller
573 966 70 21 därför
658 968 30 19 att
703 966 57 21 detta
776 966 21 21 af
811 966 44 27 mig
869 966 55 21 före-

100 995 73 27 slagna
188 995 72 27 tillägg
275 995 64 21 mätte
354 995 50 27 ingä
418 995 8 20 i
442 995 146 21 betänkandet.

167 1052 33 21 Hr
220 1052 157 21 Levonius:
408 1052 117 21 Mielestäni
542 1059 27 14 on
586 1052 122 21 valiokunta
723 1053 69 20 varsin
809 1053 115 26 perusteel-

99 1081 66 20 lisesti
180 1080 107 27 käsitellyt
302 1083 42 19 tätä
359 1081 56 20 asiaa
430 1082 20 26 ja
461 1081 98 26 myöskin
571 1081 83 26 hyvästi
664 1081 126 26 perustellut
800 1081 51 20 niitä
862 1087 62 14 muu-

99 1109 74 27 toksia,
188 1109 50 26 joita
254 1109 122 21 valiokunta
387 1116 27 14 on
425 1109 124 21 ehdottanut
559 1109 133 21 armolliseen
703 1109 125 26 esitykseen.
852 1109 72 20 Koska

99 1137 59 20 minä
178 1137 119 27 puolestani
319 1138 139 26 täydellisesti
479 1138 111 26 hyväksyn
612 1139 63 19 nämä
694 1138 127 25 muutokset,
836 1138 45 20 niin
897 1143 28 15 on

98 1166 75 20 minun
192 1168 130 25 tarpeetonta
338 1167 66 20 niihin
420 1172 38 15 sen
474 1168 101 25 enempää
591 1166 75 26 kajota.
696 1166 69 20 Ainoa
780 1166 63 20 kohta
859 1165 65 21 valio-

98 1194 87 21 kunnan
208 1194 143 27 mietinnössä,
366 1195 49 26 joka
430 1194 73 21 minua
519 1201 27 14 on
561 1195 145 26 epäilyttänyt,
722 1201 27 14 on
765 1195 12 19 5
793 1194 55 27 $:ssä
863 1193 61 22 oleva

97 1224 96 25 määräys
216 1223 46 20 siitä
285 1225 42 18 että
348 1223 127 20 hallituksen
497 1223 159 20 ratkaistavaksi
678 1229 28 14 on
720 1223 75 26 jätetty
820 1223 68 20 »onko
903 1223 21 26 ja

98 1251 63 20 miksi
183 1251 67 26 ajaksi
272 1257 28 14 on
320 1251 50 27 lupa
393 1251 167 27 poronlaitumen
576 1251 159 27 käyttämiseen,
750 1251 174 26 metsästykseen,

98 1279 91 21 otuksen
210 1279 98 28 pyyntiin
330 1281 22 26 ja
372 1279 148 21 kalastukseen
532 1280 101 20 kruunun
648 1279 85 21 alueilla
748 1279 51 20 tilan
815 1279 109 26 haltijoille

98 1309 170 25 myönnettävä».
297 1308 63 20 Tämä
382 1309 104 26 määräys,
507 1308 49 27 joka
578 1310 79 19 asettaa
673 1308 125 27 pitäjäläiset
812 1307 112 21 kokonaan

98 1336 130 27 riippuvaksi
246 1336 127 21 hallituksen
389 1336 199 21 katsantokannasta
603 1336 53 27 siitä,
668 1337 51 20 mitä
734 1336 76 21 heidän
825 1336 21 26 ja
861 1342 62 14 maan

98 1367 36 18 etu
154 1365 118 20 kulloinkin
289 1365 68 27 vaatii,
373 1371 27 14 on
415 1365 93 20 minusta
523 1366 103 19 tuntunut
641 1364 115 27 ankaralta,
772 1364 86 21 etenkin
873 1364 51 20 mitä

98 1393 153 26 poronhoitoon
274 1393 63 26 tulee,
360 1393 48 20 sillä
430 1393 123 27 poronhoito
574 1399 28 14 on
617 1393 240 26 kysymyksenalaisissa
872 1393 52 26 pitä-

98 1421 56 26 jissä,
176 1421 109 21 varsinkin
308 1420 144 22 Kuusamossa
472 1422 20 25 ja
507 1421 163 26 Kuolajärvellä,
686 1426 79 20 sangen
780 1421 72 20 tärkeä
867 1421 56 19 sivu-

98 1449 113 21 elinkeino.
242 1449 26 21 Se
283 1456 28 14 on
326 1449 86 21 ainakin
428 1449 136 26 nykyaikana
578 1450 21 25 ja
614 1448 132 27 epäilemättä
760 1448 66 26 hyvin
837 1448 87 20 kaukai-

98 1484 57 14 sessa
177 1478 221 21 tulevaisuudessakin
420 1477 64 21 näillä
499 1477 91 21 seuduin
606 1477 44 20 niin
666 1476 71 22 tärkeä
752 1476 113 27 elinkeino,
881 1478 43 20 että

98 1506 125 28 pitäjäläiset
244 1506 66 22 ilman
332 1507 40 21 sitä
395 1506 71 22 tuskin
490 1506 88 21 voisivat
594 1506 52 21 tulla
662 1506 98 27 toimeen,
775 1505 85 21 ainakin
876 1505 48 21 olisi
