1114 1795
103 122 24 16 14
139 122 48 21 maj.
339 123 80 20 Anslag
431 123 22 16 åt
465 123 222 21 landtbrukssällskap.
868 116 55 21 1125

169 189 116 28 Föredrogs
308 191 210 21 ekonomiutskottets
541 191 34 21 vid
597 193 84 19 senaste
703 191 86 27 plenum
808 190 115 27 bordlagda

101 218 78 26 förslag
201 218 31 21 till
247 219 205 27 sammanjämkning
467 220 21 20 af
503 219 100 21 ståndens
617 219 120 27 skiljaktiga
752 219 69 20 beslut
837 219 34 20 vid
887 219 35 20 be-

101 247 130 26 handlingen
247 247 20 20 af
282 247 112 21 utskottets
408 247 133 22 betänkande
557 254 34 15 n:o
608 248 26 20 13
649 248 7 20 i
667 247 116 26 anledning
793 247 20 20 af
824 249 31 18 tre
865 247 58 20 inom

101 275 154 21 bondeståndet
279 275 122 21 framstälda
427 275 182 27 petitionsförslag,
631 275 110 27 åsyftande
766 275 58 20 såväl
848 274 75 27 högre

101 302 84 27 anslag
208 302 25 23 åt
247 303 96 22 landets
357 303 253 28 landtbrukssällskap
626 303 33 22 för
673 306 30 18 ett
717 303 112 27 kraftigare
845 303 78 20 fullföl-

101 331 62 26 jande
186 331 21 21 af
228 331 65 21 målet
311 332 32 21 för
359 332 60 21 deras
434 332 133 21 värksamhet
581 338 45 15 som
642 331 73 28 anslag
729 332 33 20 för
773 331 151 28 prämiering

102 359 27 22 af
141 359 143 29 nötboskap.

169 416 33 22 Hr
221 416 131 22 Renlund
374 417 124 22 meddelade
519 420 35 25 att,
577 418 88 21 emedan
681 418 21 20 af
717 419 29 19 ett
761 416 140 27 förbiseende,
915 416 8 20 i

102 446 35 21 det
159 446 90 21 svenska
271 446 316 27 sammanjämkningsförslaget
609 453 26 14 en
651 446 55 21 finsk
720 446 56 21 kläm
792 446 85 26 influtit,
893 447 30 19 ett

102 474 147 27 tillläggsblad,
265 475 144 21 innefattande
425 481 80 14 samma
522 475 53 21 kläm
591 475 26 27 på
632 475 90 20 svenska
737 474 90 27 språket,
838 474 84 21 komme

102 505 30 18 att
147 503 87 21 utdelas.

171 559 309 28 Sammanjämkningförslaget
502 560 43 21 blef
567 560 20 21 af
609 559 84 22 ståndet
714 562 51 18 utan
783 559 140 26 anmärkning

103 587 112 28 godkändt.

171 730 116 27 Föredrogs
311 731 211 20 ekonomiutskottets
545 731 34 20 vid
602 733 82 18 senaste
706 730 87 27 plenum
809 730 114 27 bordlagda

103 759 78 26 förslag
200 759 31 21 till
247 759 205 27 sammanjämkning
468 759 20 20 af
503 759 100 21 ståndens
618 758 120 28 skiljaktiga
753 758 70 21 beslut
838 759 34 20 vid
889 759 35 21 be-

103 787 129 27 handlingen
248 787 21 21 af
285 788 110 20 utskottets
411 787 132 22 betänkande
559 794 33 14 n:o
609 788 27 20 14
651 788 6 19 i
669 787 114 26 anledning
793 787 21 20 af
825 790 28 18 ett
865 788 58 21 inom

103 815 154 21 bondeståndet
278 816 117 20 framstäldt
417 816 177 27 petitionsförslag
616 822 34 14 om
673 815 164 21 införskaffande
856 815 20 21 af
891 818 33 18 ut-

103 843 89 27 redning
206 844 90 21 rörande
311 844 302 23 kreaturstuberkulosens
629 843 128 28 spridning
772 846 55 18 samt
842 844 81 27 möjlig-

103 872 62 21 heten
181 872 21 21 af
217 872 136 27 sjukdomens
368 872 144 27 bekämpande
528 879 75 21 genom
615 871 138 22 användande
765 872 20 20 af
795 873 128 20 tuberkulin.

171 929 32 20 Hr
223 929 128 21 Renlund
374 929 80 21 rättade
477 931 29 19 ett
527 930 7 20 i
554 929 316 27 sammanjämkningsförslaget
891 929 32 20 in-

103 957 80 26 gående
206 958 95 26 tryckfel,
324 957 105 26 nämligen
453 959 29 20 att
501 958 100 27 förslaget
622 957 64 21 hörde
704 957 32 21 till
751 957 172 28 petitionsbetän-

103 986 78 21 kandet
201 993 34 14 n:o
257 987 31 26 19,
303 987 47 20 icke
371 986 31 21 till
425 993 34 14 n:o
480 987 36 25 10;
539 987 49 20 därå
606 986 317 27 sammanjämkningsförslaget

105 1015 126 26 godkändes.

172 1157 116 27 Föredrogs
313 1158 38 20 och
377 1157 120 27 godkändes
527 1157 105 20 allmänna
655 1157 211 26 petitionsutskottets
889 1156 34 21 vid

103 1186 86 27 plenum
205 1185 40 22 den
263 1187 10 19 7
290 1186 81 21 dennes
387 1185 113 28 bordlagda
515 1185 132 22 betänkande
663 1191 33 14 n:o
712 1185 26 21 20
754 1185 6 20 i
776 1185 114 27 anledning
903 1185 22 20 af

103 1215 35 20 två
153 1215 7 19 i
175 1215 97 27 borgare-
288 1214 39 21 och
349 1214 158 21 bondestånden
529 1214 80 27 ingifna
624 1213 177 28 petitionsförslag
817 1213 106 28 angående

103 1243 114 20 understöd
240 1249 25 14 ur
285 1243 106 20 allmänna
412 1243 70 20 medel
504 1243 31 20 för
558 1242 130 27 uppförande
711 1242 20 20 af
752 1243 57 26 nytt
832 1241 45 22 hus
897 1241 26 22 åt

103 1271 78 22 finska
196 1271 104 22 teatern.

172 1413 116 27 Föredrogs
312 1414 107 20 allmänna
443 1413 210 26 petitionsutskottets
680 1413 34 20 vid
737 1413 86 26 plenum
847 1413 41 20 den
911 1413 12 19 8

104 1441 79 20 dennes
207 1441 114 27 bordlagda
343 1441 132 20 betänkande
497 1447 33 14 n:o
552 1442 25 19 21
599 1441 47 20 med
668 1441 115 26 anledning
802 1440 21 20 af
843 1440 56 20 elfva
918 1440 6 19 i

103 1471 84 25 präste-,
210 1469 97 28 borgare-
329 1469 39 20 och
391 1469 158 20 bondestånden
571 1468 121 21 inlämnade
715 1468 208 27 petitionsmemorial

104 1497 129 22 beträffande
248 1498 102 21 särskilda
365 1497 257 22 elementarlärovärk.
