1109 1803
103 125 26 16 24
141 125 46 20 maj.
275 126 242 19 Bördsrättshemmanen
529 129 66 16 under
606 127 73 18 Jockis
691 129 58 20 gods.
870 123 53 20 1397

101 192 116 21 skattemän
234 199 38 21 ege
288 193 59 22 öfver
361 194 190 21 skattehemmanet
569 195 39 20 och
624 195 47 20 dess
686 201 77 21 genom
778 195 47 27 laga
841 195 83 28 refning

100 221 39 20 och
160 221 79 27 rågång
259 221 108 22 faststälda
382 222 90 27 byamål,
488 223 53 20 både
556 223 31 20 in-
603 223 38 20 och
658 225 74 25 utegor
747 226 54 18 samt
817 224 52 26 skog
885 225 37 19 och

100 249 59 20 mark
182 249 48 21 med
254 249 49 21 därå
326 251 92 20 varande
440 251 59 26 fiske,
521 251 45 27 jakt
588 252 39 20 och
651 251 104 28 djurfång,
777 252 31 20 uti
831 251 36 22 allt
881 252 43 21 lika

100 277 97 26 orubblig
217 278 90 27 egande-
329 279 38 20 och
383 279 43 20 lika
441 279 27 20 fri
483 279 177 27 dispositionsrätt
674 286 45 14 som
735 280 112 21 frälseman
864 280 59 21 öfver

99 305 182 22 frälsehemman».
310 307 51 20 Däri
376 307 61 26 ingår
451 307 88 25 således,
555 308 66 27 enligt
635 308 43 20 min
695 307 69 26 tanke,
780 310 29 19 ett
823 307 99 21 fullkom-

98 334 38 27 ligt
158 334 115 27 stadgande
297 341 33 15 om
351 335 40 21 den
411 337 40 20 rätt
467 335 224 22 bördsrättshemmans
706 337 137 20 innehafvare
859 336 64 21 hafva

98 362 38 21 och
160 362 67 22 skulle
251 363 82 21 således
355 366 74 24 utgöra
448 366 29 19 ett
498 370 47 15 svar
565 364 26 28 på
613 365 150 27 petitionernas
779 365 64 21 första
858 364 63 21 kläm.

99 391 105 21 Utskottet
224 392 121 21 framhåller
365 392 26 28 pä
412 399 80 15 samma
511 393 45 21 sida
572 394 11 20 3
599 394 30 20 att
644 393 74 21 endast
732 399 76 22 genom
831 393 93 21 enskildt

97 420 90 21 initiativ
210 420 39 21 och
269 420 102 27 godvillig
389 421 215 22 öfverenskommelse
619 422 89 20 emellan
724 423 98 26 parterna
839 428 26 15 en
880 422 43 20 för-

100 449 89 27 ändring
204 449 22 21 af
241 448 252 22 bördsrättshemmanens
509 450 146 27 egendomliga
668 450 100 27 ställning
778 451 59 20 torde
848 450 73 21 kunna

100 477 163 22 åstadkommas.
292 477 51 21 Däri
363 480 23 18 är
406 479 35 27 jag
461 484 50 16 ense
528 479 49 21 med
595 479 101 21 utskottet
717 479 38 21 och
771 479 22 20 sä
809 480 37 19 har
861 479 63 21 äfven

100 506 60 26 skett,
176 506 176 27 hufvudsakligen
365 513 75 20 genom
451 509 30 19 att
491 509 159 25 räntetagarena
661 507 119 21 tillhandiat
790 507 31 27 sig
832 508 91 27 egande-

100 536 40 20 rätt
160 535 31 21 till
211 534 74 28 själiva
306 536 126 20 hemmanen
455 536 51 20 eller
521 536 63 20 ocksä
599 542 90 21 egarena
704 536 21 21 af
739 536 126 21 hemmanen
881 538 40 18 rät-

100 563 67 28 tighet
183 563 28 22 till
228 565 81 20 räntan.
339 564 49 21 Men
404 564 63 21 ocksä
483 564 65 22 andra
563 566 40 20 sätt
618 564 73 21 kunna
705 564 75 27 finnas,
795 566 30 20 att
835 564 55 21 sluta
901 564 22 21 af

101 592 35 21 det
151 593 220 27 lagstiftningsarbete,
387 599 43 15 som
447 593 8 20 i
470 593 78 28 Sverge
563 593 26 28 pä
605 593 56 21 detta
675 593 85 21 omräde
770 594 38 20 har
817 593 105 21 förevarit.

99 620 47 22 Den
167 622 26 20 21
215 628 56 14 mars
291 622 54 21 1835
367 621 112 28 stadgades
495 623 105 26 nämligen
617 623 32 20 uti
665 628 25 15 en
706 622 124 27 författning
845 623 35 25 att,
896 622 26 20 dä

100 650 123 21 frälseränta
243 650 62 27 säljes
328 653 58 18 utom
407 650 56 26 börd,
485 652 23 19 är
523 651 123 27 jordegaren
666 651 115 26 berättigad
797 653 30 18 att
841 657 81 14 samma

100 680 60 19 ränta
182 679 43 20 lösa
241 679 7 20 i
263 679 39 21 den
325 679 90 27 ordning
435 685 46 15 som
501 679 120 22 bördeman.
651 679 124 21 Sedermera
795 679 70 27 utgafs
881 679 41 21 den

102 708 24 19 11
149 707 118 27 september
292 708 53 20 1885
368 714 26 14 en
415 708 89 26 kunglig
525 708 123 26 förordning
671 708 107 26 angående
799 708 82 20 inlösen
901 708 22 20 af

100 736 203 20 skattefrälseräntor
325 742 27 15 m.
374 742 27 14 m.
421 736 40 21 och
480 736 120 27 ytterligare
621 736 41 20 den
683 737 12 19 3
716 736 92 21 februari
825 736 54 21 1888
895 742 26 14 en

101 764 88 27 kunglig
206 764 126 27 kungörelse
351 764 108 28 angående
475 766 116 26 ersättning
606 765 21 20 af
642 764 121 22 statsmedel
778 764 31 21 till
825 770 61 22 egare
902 765 21 20 af

100 792 237 28 skattefrälsehemman,
358 793 62 21 hvars
441 795 60 19 ränta
521 794 46 20 icke
589 793 69 21 blifvit
677 793 20 21 af
712 793 126 21 statsvärket
852 793 69 20 inlöst.

100 820 36 22 Ett
152 821 214 27 lagstiftningsarbete
381 822 38 20 hos
435 828 34 14 oss
487 822 3 20 i
506 828 80 15 samma
599 822 55 26 syfte
666 822 70 20 kunde
747 822 100 26 möjligen
859 821 64 21 ocksä

102 850 61 21 hafva
182 850 44 20 skäl
246 850 33 20 för
299 850 38 27 sig,
358 856 55 21 men,
432 850 48 21 med
503 851 98 21 afseende
621 850 12 21 å
649 850 26 21 de
693 850 150 27 slutklämmar,
863 850 59 21 hvari

101 878 205 28 petitionsförslagen
330 880 109 25 utmynna,
460 885 62 15 anser
541 880 41 26 jag,
603 879 6 20 i
627 879 66 20 likhet
708 879 47 21 med
771 879 107 26 utskottet,
893 881 30 19 att

101 907 61 21 dessa
183 907 78 27 förslag
281 908 46 20 icke
348 907 32 21 till
400 907 69 27 nägon
491 908 71 26 ätgärd
582 907 46 21 frän
650 908 123 20 ständernas
794 907 45 21 sida
857 907 64 21 mätte

101 936 113 20 föranleda.

169 992 32 21 Hr
220 992 135 28 Löfgren:
385 992 72 22 Koska
477 993 121 21 valiokunta
618 999 27 15 on
663 995 88 19 antanut
769 993 63 21 kovin
848 994 75 20 niukat

101 1021 21 27 ja
138 1021 127 21 vaillinaiset
285 1021 66 21 tiedot
369 1021 118 21 Jokioisten
509 1022 207 26 sukuoikeustalojen
733 1024 103 18 asemasta
850 1022 21 26 ja
886 1022 38 26 jät-

101 1051 60 25 tänyt
182 1050 163 20 mainitsematta
367 1050 72 20 senkin
463 1052 41 18 että
519 1052 55 18 tämä
589 1050 44 20 asia
648 1050 106 20 ennenkin
770 1057 27 13 on
813 1050 52 21 ollut
881 1050 43 20 val-

99 1078 115 27 tiopäivillä
234 1078 97 26 puheina,
353 1078 44 20 niin
413 1078 75 21 katson
505 1078 152 27 tarpeelliseksi
673 1078 118 21 esiintuoda
806 1084 37 15 sen
859 1078 64 21 selvi-

98 1106 82 26 tyksen,
195 1106 56 20 mikä
267 1106 113 21 saatavissa
395 1113 33 14 on.

169 1134 157 27 Valtiopäivillä
342 1140 84 15 vuonna
443 1135 54 20 1872
513 1135 43 20 teki
571 1135 91 27 provasti
676 1134 95 21 Granfelt
783 1135 140 20 samanlaisen

100 1163 222 21 anomusehdotuksen
346 1163 51 20 kuin
421 1169 32 20 ne,
476 1163 50 27 joita
549 1163 74 20 käsillä
643 1163 60 20 oleva
723 1163 94 21 mietintö
838 1163 84 21 koskee.

100 1190 41 21 Sen
165 1191 97 27 johdosta
281 1191 88 21 koottiin
392 1197 26 14 ne
434 1192 65 20 tiedot
514 1192 116 20 Jokioisten
647 1191 208 27 sukuoikeustalojen
871 1192 52 20 omi-

99 1220 69 20 tuisen
191 1220 151 21 kameraalisen
366 1220 94 21 luonnon
483 1222 103 25 synnystä
607 1221 21 26 ja
650 1220 101 26 laadusta,
773 1221 58 26 jotka
852 1220 69 21 silloin

99 1248 73 21 voitiin
196 1248 69 21 saada.
296 1248 137 21 Sallittakoon
456 1249 76 20 minun
553 1250 73 20 kertoa
641 1249 117 27 pääkohdat
773 1250 70 19 tämän
859 1249 62 21 tutki-

100 1277 88 20 muksen
204 1277 115 20 tuloksista.
350 1277 164 21 Kertomukseni
530 1278 19 20 ei
564 1278 43 20 tule
623 1277 95 20 olemaan
734 1277 63 27 pitkä.

168 1305 231 27 Uskonpuhdistuksen
416 1306 75 26 ajoista
506 1306 38 20 asti
559 1305 26 21 oli
597 1305 112 21 Jokioinen
721 1305 30 21 eri
762 1305 161 27 neljäskuntana

98 1333 99 21 Porttaan
219 1334 186 26 hallintopitäjässä
420 1334 21 26 ja
456 1334 101 20 annettiin
579 1336 51 18 tuon
650 1334 106 20 tuostakin
776 1334 145 26 läänitykseen

100 1362 115 20 otolliseksi
227 1362 70 26 ajaksi.
318 1362 68 21 Mutta
397 1362 75 27 Jesper
489 1362 130 27 Matinpoika
630 1362 94 20 Kruusin
735 1362 90 27 läänitys
836 1368 85 14 vuonna

100 1390 53 20 1613
169 1390 132 21 uudistettiin
311 1391 96 20 ikuisiksi
418 1390 81 28 ajoiksi,
510 1390 110 22 kuitenkin
635 1390 157 28 Norrköpingin
807 1390 114 28 päätöksen

98 1419 83 20 ehdolla
205 1421 42 18 että
266 1419 108 21 vahvistus
395 1419 28 20 oli
438 1420 97 20 haettava
550 1419 110 24 jokaiselta
675 1419 87 21 uudelta
777 1419 143 21 kuninkaalta.

97 1445 78 22 Kaarle
197 1445 99 22 XI:nnen
320 1446 133 21 reduktiooni
473 1447 92 26 peruutti
581 1447 115 20 kruunulle
712 1446 54 21 koko
782 1447 139 26 läänityksen,

97 1476 67 19 mutta
179 1475 20 26 jo
215 1480 130 15 seuraavana
361 1481 85 14 vuonna
461 1475 43 20 teki
518 1474 165 21 leskikreivinna
698 1473 149 28 Lewenhaupt,
865 1476 54 25 synt.

96 1502 79 29 Kruus,
192 1503 153 28 vaihtokaupan
362 1503 99 21 kruunun
477 1503 76 21 kanssa
568 1503 21 27 ja
604 1503 31 20 sai
650 1503 53 20 siten
719 1502 76 28 jälleen
807 1503 113 21 haltuunsa
