1103 1817
210 138 41 20 974
512 136 214 32 Rättegångsbalken.
945 142 24 16 10
981 142 47 20 maj.

209 210 85 27 igenom
318 212 30 19 att
370 210 182 28 fordringsegaren
572 210 66 21 måste
654 210 86 21 bekosta
756 210 78 20 ombud
849 216 46 14 resa
910 210 31 20 till
957 216 26 14 en
998 210 30 21 af-

207 238 67 28 lägset
296 238 89 28 belägen
408 239 89 21 domstol
519 245 132 22 expenserna
672 238 65 21 blifva
759 238 23 21 så
804 240 61 25 stora,
888 240 30 19 att
933 238 26 21 de
974 239 54 27 stiga

209 269 57 19 snart
280 267 61 28 sagdt
351 268 31 20 till
393 274 80 14 samma
483 268 74 27 belopp
569 274 45 14 som
624 267 74 27 själfva
706 267 223 27 fordringsanspråket.
945 266 82 22 Sådana

208 296 198 27 lagbestämningar,
424 303 45 14 som
484 298 50 26 göra
549 296 135 28 rättegången
699 296 75 21 lättare
789 296 39 20 och
843 295 102 28 billigare,
959 295 69 27 åsyfta

209 324 52 21 altså
275 325 62 21 äfven
352 325 187 27 svarandepartens
555 325 73 21 fördel.
657 325 37 21 Att
708 324 137 22 samvetslösa
860 324 167 28 fordringsegare

208 353 102 27 möjligen
327 360 27 14 en
370 353 39 21 och
424 360 69 14 annan
509 354 55 27 gång
579 354 59 20 skola
654 353 94 27 begagna
763 354 32 27 sig
810 354 21 20 af
846 353 69 21 denna
931 353 97 21 valfrihet

208 381 26 28 på
250 384 29 19 ett
293 381 122 28 otillbörligt
430 384 39 19 sätt
484 382 41 21 kan
541 382 34 21 väl
589 382 75 27 hända,
679 388 48 14 men
743 384 38 18 när
795 382 81 20 händer
890 382 35 21 det
940 382 46 20 icke
999 384 29 19 att

208 410 62 21 äfven
292 410 26 21 de
341 410 59 21 bästa
420 410 142 22 institutioner
579 411 72 21 kunna
664 410 130 22 missbrukas
810 411 21 20 af
846 410 54 28 dem,
916 417 46 15 som
977 411 50 27 vilja

209 439 96 21 befordra
326 440 135 27 egennyttiga
481 439 74 27 syften.
573 452 27 2 —
615 439 42 21 Det
676 440 37 20 har
728 439 106 21 anmärkts
850 441 29 19 att
894 445 77 21 genom
985 440 42 20 val-

207 468 90 21 friheten
314 468 8 20 i
337 468 41 20 den
394 468 149 27 utsträckning,
559 474 44 15 som
620 468 140 21 betänkandet
776 468 84 28 åsyftar,
876 468 151 21 stadsdomsto-

209 496 69 21 larnas
293 496 71 21 arbete
380 496 67 21 skulle
463 496 64 21 blifva
538 497 7 20 i
555 497 42 26 hög
607 496 50 27 grad
668 497 69 20 ökadt.
760 496 32 21 Hr
802 497 117 20 Åkermans
930 497 97 26 yttrande

208 524 67 26 gifver
290 525 53 21 dock
359 526 45 20 stöd
421 526 32 20 för
465 525 35 21 det
515 526 116 26 antagande
647 527 29 19 att
692 525 40 21 den
747 525 99 21 befarade
862 526 106 26 ökningen
980 525 47 21 icke

210 553 67 21 blefve
292 554 22 20 af
328 554 24 20 sä
366 554 111 20 allvarsam
493 557 67 23 natur,
576 560 46 14 som
637 560 49 14 man
698 554 56 20 velat
764 556 50 25 göra
825 554 76 27 troligt.
919 554 31 21 Hr
981 554 46 21 Åker-

208 588 48 15 man
266 582 93 26 antydde
370 582 106 28 nämligen
487 585 30 19 att
532 582 25 21 de
573 582 47 27 mäl,
636 588 76 21 genom
727 582 72 22 hvilka
814 582 213 22 rädstufvurätternas

208 611 135 21 arbetsbörda
366 610 83 22 komme
469 613 29 19 att
514 611 56 27 ökas,
585 611 144 27 förnämligast
744 611 68 21 skulle
828 612 84 26 utgöras
928 611 21 20 af
964 611 62 21 enkla

207 639 216 28 skuldfordringsmål.
453 639 82 21 Sådana
555 640 40 21 mål
616 640 78 26 kunna,
715 640 61 20 äfven
798 646 35 14 om
856 640 25 20 de
902 640 32 21 till
949 640 78 21 antalet

208 670 35 18 äro
258 668 80 26 talrika,
354 668 54 21 dock
422 668 47 22 icke
485 668 6 20 i
507 668 101 21 nämvärd
623 668 49 21 mån
688 668 40 21 öka
743 668 155 22 arbetsbördan.
929 668 44 21 Och
992 675 34 14 om

207 703 29 13 nu
256 697 61 21 äfven
334 697 149 21 arbetsbördan
499 697 32 21 för
547 697 199 21 stadsdomstolarna
761 696 69 22 blefve
845 697 7 20 i
867 697 160 27 anmärknings-

208 724 86 22 värdare
314 726 50 26 grad
386 725 60 26 ökad,
462 725 22 21 så
499 726 88 20 innebär
602 726 22 26 ju
639 726 111 20 utskottets
766 725 78 27 förslag
858 728 29 18 att
903 726 124 20 statsvärket

207 754 6 20 i
229 754 75 20 sådant
316 754 37 20 fall
364 753 64 22 borde
439 754 86 27 bidraga
537 754 32 21 till
580 754 151 21 kostnadernas
744 754 138 22 bestridande.
912 754 33 21 Dä
957 754 70 21 denna

208 783 116 26 ersättning
346 782 68 21 skulle
436 782 152 28 ifrågakomma
615 783 32 21 för
669 785 29 18 ett
720 783 103 27 ändamål,
845 790 45 14 som
913 783 63 27 fyller
997 785 29 19 ett

207 810 89 28 värkligt
311 811 69 27 behof,
396 811 39 21 kan
451 812 35 26 jag
501 812 45 20 icke
561 812 46 20 inse
622 813 30 19 att
667 811 89 27 utgiften
771 812 32 20 för
818 812 125 20 statsvärket
954 812 72 20 kunde

207 845 61 15 anses
290 846 49 14 vara
361 840 115 26 opåkallad.
505 840 34 20 Hr
559 840 102 26 Kyander
680 840 37 20 har
735 840 79 20 bemött
830 840 25 20 de
871 840 66 26 öfriga
951 840 75 27 inkast,

207 874 45 14 som
274 868 66 27 gjorts
361 870 45 19 mot
424 869 223 26 prorogationsrättens
668 868 111 22 införande
796 869 8 20 i
820 869 40 20 den
876 868 151 28 utsträckning,

207 902 45 15 som
272 903 30 14 nu
325 896 69 21 blifvit
414 896 112 28 ifrågasatt,
549 897 84 21 hvarför
651 898 35 26 jag
701 897 40 20 kan
757 897 113 21 inskränka
885 898 44 26 mig
944 897 31 21 till
991 898 35 20 det

206 925 119 21 uttalandet
340 927 35 25 att,
392 932 33 14 om
441 926 212 26 prorogationsrätten
666 925 132 21 inskränktes
811 926 78 20 därhän
902 932 46 14 som
960 932 66 15 reser-

207 958 101 16 vanterna
330 954 84 27 påyrka,
436 956 75 24 nyttan
532 954 21 20 af
568 954 47 21 hela
633 954 184 28 lagförändringen
836 954 69 21 blefve
925 954 100 28 tämligen

206 982 140 28 tvifvelaktig.

274 1038 32 22 Hr
322 1039 151 21 Grönroos:
503 1040 10 20 I
534 1041 87 20 motsats
643 1040 30 20 till
692 1040 39 20 den
751 1043 82 17 senaste
852 1040 79 21 talaren
947 1040 40 21 och
1001 1041 26 20 hr

206 1067 101 27 Kyander
328 1074 62 14 anser
403 1068 35 26 jag
453 1070 30 18 att
498 1068 34 21 det
546 1068 47 21 icke
608 1074 50 14 vore
673 1068 76 28 rådligt
764 1071 29 19 att
813 1068 86 22 omfatta
915 1069 111 21 utskottets

207 1096 133 21 betänkande
357 1097 31 20 uti
407 1096 158 28 ifrågavarande
580 1097 104 21 afseende.
714 1097 41 21 Det
770 1099 23 19 är
807 1098 23 26 ju
845 1098 86 26 mycket
946 1098 80 27 vanligt

207 1126 29 20 att
257 1125 147 21 handlandena
426 1126 7 19 i
453 1126 97 21 städerna
570 1126 62 20 hafva
646 1125 75 21 filialer
736 1126 6 20 i
757 1126 127 27 landsorten,
900 1126 84 27 spridda
999 1127 26 27 på

205 1154 63 26 långa
288 1153 88 21 afstånd.
406 1154 37 21 Att
465 1160 29 14 nu
515 1155 72 26 tvinga
605 1154 129 21 svarandena
750 1156 30 19 att
795 1155 30 20 uti
841 1161 25 14 en
882 1156 78 26 mängd
975 1155 48 25 mål,

206 1182 83 21 hvartill
312 1182 166 27 affärsmängden
502 1182 34 21 vid
559 1183 102 21 filialerna
676 1183 60 27 gifvit
752 1183 84 27 upphof,
850 1183 81 21 infinna
947 1184 31 27 sig
993 1184 31 21 till

205 1210 104 22 svaromål
330 1211 8 20 i
361 1211 97 21 städerna
481 1211 83 21 komme
585 1212 44 20 helt
651 1212 68 20 säkert
741 1213 30 19 att
798 1212 93 21 medföra
921 1212 104 28 betydligt

206 1242 65 18 större
293 1239 112 21 kostnader
427 1240 32 20 för
481 1240 54 26 dem,
556 1242 27 19 än
605 1247 34 14 om
664 1240 70 21 målen
756 1240 68 21 skulle
852 1240 114 22 behandlas
989 1242 34 20 vid

205 1268 173 21 häradsrätterna.
408 1268 40 27 Jag
463 1268 41 21 kan
518 1268 69 22 därför
601 1269 46 21 icke
663 1268 58 22 finna
734 1273 64 17 annat
817 1271 27 19 än
856 1271 30 19 att
897 1270 127 27 antagandet

206 1297 20 20 af
246 1297 110 21 utskottets
378 1297 77 27 förslag
473 1297 84 21 komme
573 1300 30 18 att
617 1297 99 21 särskildt
730 1304 71 21 gynna
816 1298 166 28 kärandeparten
997 1299 26 27 pä

205 1326 129 20 svarandens
349 1326 120 20 bekostnad.
499 1326 61 21 Hvad
577 1326 130 21 vidkommer
722 1329 29 18 att
766 1326 141 22 kostnaderna
920 1328 8 20 i
940 1327 83 27 vanliga

205 1354 147 26 fordringsmäl
371 1354 34 19 vid
420 1354 167 20 häradsrätterna
602 1354 68 20 skulle
685 1354 59 20 ställa
760 1355 32 25 sig
807 1355 74 25 dyrare
897 1357 25 18 än
938 1362 34 13 om
989 1356 34 19 de-

205 1388 80 14 samma
299 1381 116 21 handlades
431 1381 34 20 vid
480 1382 155 26 rädstufvurätt,
651 1384 43 18 tror
712 1382 35 26 jag
762 1382 57 21 detta
833 1382 46 21 icke
894 1389 51 14 vara
959 1383 64 21 fallet.

204 1408 32 22 De
258 1409 81 28 belopp,
362 1415 45 15 som
425 1409 7 20 i
451 1416 103 20 expenser
573 1410 97 26 vanligen
686 1410 97 21 utdömas
798 1410 22 21 af
834 1410 167 22 häradsrätterna
1016 1412 7 20 i

205 1438 63 21 enkla
287 1438 143 27 fodringsmäl,
453 1438 53 27 stiga
525 1438 32 21 till
573 1439 25 20 10
619 1440 11 18 &
646 1438 26 21 12
687 1439 65 27 mark,
770 1439 108 21 hvaremot
894 1440 35 28 jag
945 1441 22 19 är
981 1440 42 20 för-

205 1466 69 22 vissad
296 1473 35 15 om
353 1469 30 19 att
402 1467 107 21 desamma
524 1467 21 21 af
565 1466 151 22 rädstufvurätt
733 1467 68 22 skulle
818 1468 95 22 utdömas
928 1468 31 22 till
975 1469 47 21 vida

205 1496 63 27 högre
286 1496 82 27 belopp.
397 1495 41 21 Det
457 1496 106 21 förefaller
584 1496 43 27 mig
649 1496 81 22 säledes
752 1503 46 15 som
817 1504 33 14 om
866 1497 75 21 endast
955 1498 66 21 hand-

204 1524 90 22 landena
315 1525 7 21 i
338 1524 97 22 städerna
453 1525 84 21 komme
552 1526 30 20 att
596 1525 63 21 hafva
673 1525 67 21 fördel
756 1526 21 21 af
791 1526 158 27 ifrågavarande
965 1527 56 21 stad-
