1081 1753
356 106 94 18 Yleisistä
461 106 135 18 kokouksista.
849 106 46 21 953

66 166 56 22 mitä
145 167 43 21 hän
212 167 62 21 sanoi
294 166 25 28 ja
340 166 35 28 jos
399 166 44 21 hän
465 168 47 20 tätä
533 166 92 26 ehdotti,
642 167 46 21 niin
705 172 25 16 se
745 172 29 16 on
792 165 101 22 kahdesti

67 198 95 20 sanottu.

139 255 213 23 Varteenottamalla
372 255 41 21 hra
437 255 145 29 Runebergin
598 256 93 21 ehdotus
707 256 125 28 päätettiin,
848 256 47 21 että

66 285 72 23 koska
153 285 126 22 armollisen
296 285 113 28 esityksen
425 286 13 20 7
455 285 37 29 &n
508 288 96 19 säännös
621 285 29 22 oli
667 285 136 28 hyväksytty
815 287 79 19 otetta-

68 315 63 22 vaksi
147 315 206 26 lakiehdotukseen,
369 315 47 21 niin
433 315 30 21 oli
479 317 76 19 tämän
569 315 106 28 johdosta
690 315 151 22 valiokunnan
857 315 37 21 eh-

68 345 109 22 dotuksen
192 345 23 21 12
231 345 36 28 &-n
283 346 96 21 säännös
395 345 124 22 muutettava
536 345 133 21 kuuluvaksi
685 345 85 22 samoin
784 345 51 21 kuin
847 351 48 14 vas-

67 376 68 21 taava
150 377 96 19 säännös
262 381 53 15 arm.
332 374 113 28 esityksen
465 375 27 21 14
507 374 64 29 &:ssä.

140 434 23 22 13
179 434 33 29 &:n
229 437 95 19 säännös
341 434 128 28 hyväksyttiin
487 434 169 23 keskustelutta.

140 494 52 21 Kun
211 494 66 21 sitten
292 494 24 21 14
332 495 34 26 &:n
381 497 97 19 säännös
494 494 41 21 tuli
551 494 233 29 käsittelynalaiseksi,
801 494 47 21 niin
865 493 30 22 oli

65 524 84 29 jälleen
166 523 156 29 puheenvuoro

141 584 47 21 Hra
210 584 106 27 Heikelillä,
335 584 56 27 joka
406 584 81 22 lausui:
520 584 42 22 Om
576 585 41 28 jag
633 587 59 19 ännu
709 585 90 28 engång
815 583 80 28 begärt

70 621 35 14 om
130 614 70 25 ordet,
224 615 24 20 sä
270 614 40 21 har
333 613 38 22 det
393 614 59 21 skett
474 614 84 26 därför,
575 616 32 20 att
623 615 38 21 det
676 617 25 18 är
717 621 26 15 en
761 613 70 29 fräga,
847 619 48 15 som

70 644 71 29 gäller
156 643 159 27 universitetet,
332 645 25 20 sä
373 645 31 21 att
417 643 42 30 jag
474 645 79 27 tycker
569 644 48 29 mig
632 644 51 22 med
695 651 26 14 en
734 644 43 21 viss
789 645 43 20 rätt
842 645 53 26 taga

70 674 47 28 mig
132 673 60 22 talan
210 673 6 22 i
232 673 74 22 saken.

142 703 36 21 Då
197 703 7 21 i
225 704 13 20 2
256 710 64 14 mom.
337 702 26 22 af
376 703 73 22 denna
466 703 110 29 paragraf
588 703 57 22 talas
661 710 36 15 om
713 703 182 25 sammankomst,

70 740 48 15 som
134 732 27 22 af
173 733 275 29 universitetsmyndighet
465 733 152 27 föranstallas,
634 734 25 20 sä
674 733 41 21 har
728 733 41 29 jag
779 732 116 29 förgäfves

70 763 60 29 gjort
153 763 47 28 mig
226 763 42 21 den
288 762 87 29 frägan,
399 763 59 22 hvad
475 770 47 15 som
539 763 43 22 kan
599 770 77 15 menas
691 763 51 22 med
759 763 62 21 dessa
838 769 57 15 sam-

70 793 158 21 mankomster.
253 792 43 22 Det
312 792 116 22 förefaller
444 793 49 28 mig
507 793 51 22 icke
574 793 105 28 önskligt,
695 794 32 20 att
743 792 153 22 universitetet

70 823 57 21 skall
151 824 97 20 utrustas
272 823 49 21 med
345 823 136 28 privilegier,
502 830 46 15 som
567 823 37 21 det
620 822 51 22 icke
686 822 109 22 behöfver
810 822 37 22 för
862 822 34 21 sin

72 852 151 22 verksamhet.
255 852 34 22 De
310 853 148 28 stadganden,
475 860 48 14 som
540 853 54 28 ingä
609 853 6 21 i
632 852 13 29 &
661 854 15 20 4
692 852 116 29 angäende
826 859 70 19 ,sam-

71 882 127 22 mankomst
221 882 54 22 eller
298 882 109 29 föredrag
427 882 6 22 i
454 882 232 29 undervisningssyfte
709 882 50 22 med
774 882 55 22 eller
843 883 54 20 utan

72 912 194 28 öfverläggning*,
290 912 7 22 i
320 912 13 29 &
360 913 26 21 10
407 913 118 28 angående
546 912 178 22 föranstaltande
743 911 26 23 af
782 912 115 28 offentliga

71 942 73 28 nöjen,
169 942 6 28 &
194 943 26 20 14
238 944 8 19 1
266 949 64 15 mom.
348 942 117 28 angående
485 942 218 27 ,sammankomster,
713 949 48 15 som
776 942 5 21 i
795 942 38 28 lag
843 942 55 21 eller

72 971 161 29 författningar
249 972 53 22 eller
318 972 150 22 härförinnan
484 972 123 34 behörigen
623 972 116 22 faststälda
755 972 90 28 stadgar
858 974 39 18 äro

72 1002 115 28 påbjudna
204 1002 54 22 eller
273 1002 110 26 tillåtna",
399 1002 117 22 äfvensom
532 1002 6 22 i
556 1004 73 20 resten
645 1002 46 22 af
684 997 17 37 2
704 1009 65 15 mom.
781 1001 116 29 angående

74 1032 219 33 nsammankomster,
316 1039 48 14 som
387 1032 7 21 i
418 1032 167 28 vetenskapligt
606 1032 54 21 eller
676 1032 148 28 pedagogiskt
839 1030 58 34 syfte

72 1061 71 22 hällas
167 1061 7 21 i
198 1061 66 28 lokal,
287 1061 92 22 hvilken
402 1063 46 20 stär
469 1062 70 21 under
560 1061 285 34 universitetsmyndighets
865 1061 32 20 in-

72 1087 104 37 seende*,
200 1080 64 33 dessa
285 1091 138 29 stadganden
445 1091 72 28 jämte
532 1091 175 29 stadgandena
695 1086 17 38 i
725 1092 42 21 den
784 1090 113 23 blifvande

72 1108 188 41 föreningslagen
276 1124 38 19 äro
331 1108 50 35 fullt
397 1121 144 28 tillräckliga.
573 1121 44 28 Jag
633 1121 44 22 kan
694 1121 49 22 icke
759 1120 50 22 från
825 1121 27 21 de
868 1121 29 20 28

73 1152 25 20 år
117 1151 40 28 jag
176 1157 48 15 som
240 1151 89 22 student
345 1151 41 22 och
403 1151 74 22 lärare
493 1151 84 22 tillhört
593 1151 153 22 universitetet
763 1151 73 21 erinra
852 1150 47 28 mig

72 1182 72 27 några
167 1180 46 27 fall,
237 1180 38 23 för
295 1181 77 21 hvilka
391 1181 7 21 i
414 1181 68 28 lagen
498 1181 71 22 skulle
585 1181 109 22 behöfvas
709 1182 68 27 något
794 1180 105 22 särskildt

73 1211 124 27 stadgande
214 1218 37 14 om
267 1211 182 27 sammankomst,
465 1218 48 14 som
530 1211 25 21 af
567 1211 274 27 universitetsmyndighet
851 1209 46 22 för-

73 1240 113 22 anstaltas.
214 1240 44 28 Jag
278 1240 71 22 skulle
365 1240 85 27 därför,
468 1241 69 21 ehuru
551 1240 42 29 jag
609 1240 88 22 märker
713 1242 31 20 att
761 1240 88 21 ståndet
864 1246 35 14 re-

74 1270 43 21 dan
141 1272 25 19 är
188 1272 54 20 trött
265 1270 41 22 och
331 1270 49 22 icke
404 1273 72 25 gärna
497 1272 41 26 går
558 1271 22 20 in
602 1272 29 26 på
646 1272 71 26 några
733 1270 165 27 förändringar,

74 1299 85 23 föreslå
182 1302 34 19 att
237 1300 63 22 dessa
324 1300 41 22 ord
389 1300 40 27 ,,af
450 1300 277 28 universitetsmyndighet
750 1299 149 22 föranstaltad

74 1330 55 21 eller
144 1330 57 21 ock'*
218 1331 68 20 måtte
302 1331 61 27 utgå.

146 1389 47 21 Hra
210 1390 91 26 Ingman:
325 1389 93 22 Vastoin
435 1389 121 28 professori
571 1390 104 21 Heikeliä
690 1389 151 21 kannattaisin
857 1388 43 21 sitä

74 1419 103 27 ajatusta,
202 1421 45 19 että
270 1421 67 19 nämä
359 1421 64 19 sanat
447 1419 93 21 saisivat
559 1419 69 28 jäädä
643 1421 74 20 tänne.
748 1418 80 23 Onhan
844 1418 54 25 niin,

74 1451 48 20 että
144 1448 43 22 kun
205 1449 89 27 yleinen
311 1449 86 21 kokous
412 1449 115 28 pidetään,
543 1449 48 21 niin
607 1448 248 29 poliisiviranomaisilla
871 1454 28 15 on

74 1478 65 22 oleva
162 1478 100 21 tilaisuus
285 1480 79 26 päästä
387 1479 72 21 siihen
484 1478 82 22 vaikka
586 1485 24 15 se
623 1478 144 29 pidetäänkin
783 1478 118 27 suljetussa
