1081 1756
198 107 60 34 1000
435 112 131 24 Pappissääty
580 112 68 24 syysk.
663 112 22 18 10
698 118 17 18 p.
729 112 52 18 1906.

194 170 171 22 lauselmallaan
382 178 28 15 on
424 172 99 28 jättänyt
539 172 66 22 aivan
622 171 148 29 epäselväksi,
784 171 68 21 miten
869 174 103 25 määräys
988 178 29 14 on

196 202 182 26 ymmärrettävä,
398 202 25 27 ja
446 202 124 21 sentähden
591 202 61 21 minä
668 201 125 29 puolestani
810 208 26 14 en
853 201 102 28 hyväksy
971 202 47 20 tätä

196 230 90 22 kohtaa.

269 290 47 22 Hra
338 292 92 26 Ingman:
463 292 59 20 Minä
546 292 113 28 pyytäisin
684 292 112 25 ehdottaa,
813 292 46 20 että
875 291 142 28 pappissääty

196 322 61 20 tässä
280 320 89 22 kohden
392 321 85 28 pysyisi
502 322 107 21 entisessä
632 322 173 28 päätöksessään
825 321 25 27 ja
866 321 150 28 pöytäkirjan-

196 350 92 22 otteella
312 350 126 22 kehoittaisi
462 352 68 20 muita
551 351 87 28 säätyjä
654 352 123 27 yhtymään
794 351 77 21 siihen.
904 351 58 21 Teen
979 357 39 15 sen

196 380 43 21 sitä
264 383 124 25 enemmän,
405 381 76 26 koska,
504 381 77 21 mikäli
604 383 92 25 tunnen,
712 380 73 22 koko
808 382 61 20 tämä
884 380 47 22 asia
947 381 20 21 ei
984 380 35 22 ole

197 410 55 22 ollut
276 410 52 22 edes
350 410 144 22 keskustelun
516 412 99 21 alaisena
645 411 136 21 ritaristossa
802 410 24 28 ja
849 410 103 22 aatelissa
968 410 51 22 eikä

196 439 64 22 liioin
281 441 215 27 porvarissäädyssä,
512 441 125 21 nähtävästi
661 441 51 20 siitä
735 442 77 26 syystä
835 440 53 22 ettei
914 440 34 21 ole
965 440 53 21 huo-

197 471 79 25 mattu,
294 471 45 20 että
352 470 36 28 jos
404 471 150 21 valiokunnan
570 471 128 21 ehdottama
715 470 211 29 pykälämuodostus
934 469 85 28 hyväk-

196 501 88 26 sytään,
310 501 321 27 perustuslakivaliokunnassa
657 501 75 21 varsin
756 500 111 21 vähäinen
888 500 131 21 lukumäärä

197 529 124 22 henkilöitä
337 530 34 21 voi
386 530 79 28 joutua
480 531 163 21 ratkaisemaan
661 530 226 29 kysymyksen,
832 525 55 38 onko
902 529 54 30 joku
972 529 47 22 hal-

196 559 192 29 lisuksenjäsenen
420 561 137 28 toimenpide
588 561 115 28 pidettävä
728 560 174 21 lainvastaisena
928 559 36 22 vai
991 559 27 22 ei.

196 589 63 22 Jotta
275 589 47 22 asia
338 590 52 21 edes
406 590 60 21 tulisi
482 590 247 22 keskustelunalaiseksi
746 590 82 21 muissa
838 589 120 28 säädyissä,
968 592 51 19 teen

195 619 24 28 jo
234 619 165 22 mainitsemani
416 620 143 22 ehdotuksen.

271 679 46 21 Hra
334 680 112 27 Runeberg:
464 680 43 21 Det
522 683 25 18 är
560 680 25 27 ju
602 680 120 28 själffallet,
731 687 37 14 om
777 679 163 29 prästeständet
956 686 64 15 anser

198 709 62 22 detta
278 709 80 29 tillägg
373 717 55 14 vara
444 709 25 22 af
482 710 44 22 den
541 710 53 26 vikt,
612 712 32 19 att
660 710 89 21 ständet
765 709 53 22 ville
834 709 101 22 förkasta
946 709 74 28 lagen,

196 737 36 23 för
256 739 43 22 den
315 739 106 22 händelse
438 740 42 21 den
496 740 50 22 icke
562 740 126 21 innehäller
704 740 62 22 detta
782 739 86 28 tillägg,
885 741 32 19 att
932 739 88 21 ständet

198 768 122 23 vidblifver
344 769 37 22 sitt
404 769 66 22 förra
492 769 78 27 beslut,
595 770 41 21 och
653 770 89 21 ståndet
766 772 24 19 är
814 769 74 22 därtill
906 769 24 28 ju
947 768 73 21 fullt
1011 764 13 37 i

197 799 35 21 sin
258 800 50 25 rätt,
333 806 51 15 men
408 799 37 22 för
461 799 45 22 min
524 799 34 22 del
574 799 72 22 skulle
660 800 40 28 jag
716 806 60 19 anse,
794 801 32 20 att
842 799 37 22 det
895 798 25 22 af
933 799 88 21 ständet

197 827 134 30 föreslagna
354 829 104 29 tillägget
481 829 51 22 icke
555 830 41 21 har
619 831 74 27 någon
718 829 112 28 väsentlig
853 829 109 21 innebörd
978 828 42 21 och

197 858 51 22 icke
265 861 25 19 är
306 860 28 27 på
350 861 69 26 något
434 861 44 20 sätt
494 859 22 22 af
532 859 106 22 behofvet
654 859 122 28 påkalladt,
793 859 46 21 lika
855 859 48 21 litet
919 865 47 14 som
980 858 41 29 jag

198 887 37 23 för
252 888 72 29 öfrigt
340 889 7 20 i
364 889 73 22 denna
452 889 38 28 lag
506 889 54 22 eller
575 890 7 21 i
599 889 70 22 andra
685 889 64 28 lagar
760 888 72 22 finner
840 888 180 29 specialbestäm-

197 918 82 29 ningar
295 925 36 15 om
347 919 56 21 huru
419 919 112 22 utskotten
548 919 63 22 skola
627 919 87 22 förfara
725 919 6 21 i
744 919 78 28 hvarje
838 918 95 23 särskild
948 917 72 29 fråga.

198 947 52 22 Man
275 948 82 21 räknar
380 949 6 20 i
409 949 121 21 allmänhet
546 950 35 27 på,
598 951 32 19 att
646 949 28 21 då
690 949 122 21 ständerna
827 950 48 20 utse
892 950 30 19 ett
938 947 82 29 grund-

197 977 142 29 lagsutskott,
357 978 61 22 detta
434 978 56 22 skall
506 978 83 22 handla
605 978 57 22 efter
677 978 65 22 bästa
752 978 109 26 förstånd,
871 977 150 28 öfvertygelse

198 1008 42 21 och
257 1009 106 25 samvete,
380 1010 53 20 utan
450 1008 104 28 speciella
570 1008 149 26 föreskrifter,
736 1008 57 21 huru
810 1008 37 21 det
863 1008 57 21 skall
935 1006 87 22 förfara

198 1037 42 21 och
256 1038 83 21 handla
355 1038 7 20 i
378 1038 78 28 hvarje
472 1038 103 22 särskildt
590 1038 49 28 slag
655 1038 25 21 af
693 1038 83 28 frågor.

273 1067 66 21 Hvad
363 1074 30 15 nu
417 1068 43 22 den
483 1067 102 22 formella
601 1068 102 28 grunden
719 1068 39 21 för
773 1067 248 28 sammanjämkningen

198 1096 115 27 beträffar,
340 1098 24 20 så
388 1104 66 21 synes
476 1098 37 21 det
536 1104 54 15 vara
613 1098 91 28 mycket
728 1098 107 28 naturligt
860 1097 41 22 och
918 1100 54 18 nära
987 1096 35 22 till

198 1126 72 22 hands
286 1127 106 28 liggande
408 1129 38 24 att,
464 1128 28 21 då
507 1130 33 19 tre
551 1128 65 22 stånd
628 1126 67 23 hafva
706 1126 148 23 oförändradt
862 1127 86 28 antagit
959 1133 63 21 para-

197 1156 88 29 grafen,
302 1157 37 21 det
355 1156 73 22 första
444 1156 342 30 sammanjämkningsförslaget
802 1157 41 21 bör
855 1157 76 28 bygga
942 1157 28 27 på
979 1156 43 21 den

198 1186 80 28 grund,
303 1188 31 20 att
359 1187 37 21 det
420 1186 71 29 fjärde
507 1187 87 22 ståndet
610 1187 104 28 inbjudes
730 1188 33 20 att
779 1186 83 22 förena
878 1186 34 28 sig
928 1186 50 22 med
994 1186 28 21 de

197 1217 35 21 tre
249 1216 101 22 stånden.
383 1216 44 22 Det
442 1220 26 18 är
483 1217 107 28 naturligt
607 1218 39 25 att,
663 1218 28 21 då
707 1216 81 28 frågan
804 1220 25 18 är
845 1216 25 22 af
884 1216 42 22 den
938 1217 40 24 art,
990 1217 33 19 att

198 1247 32 20 ett
248 1246 66 21 stånd
330 1253 66 15 anser
412 1247 34 28 sig
462 1246 67 22 hafva
544 1246 103 29 vägande
664 1247 48 21 skäl
727 1248 33 20 att
777 1245 110 23 vidblifva
902 1246 38 21 sitt
950 1245 73 22 beslut

197 1275 43 22 och
266 1276 36 22 det
323 1278 25 19 är
364 1283 28 15 en
408 1275 193 30 grundlagsfråga,
621 1276 43 22 den
685 1277 71 21 andra
775 1275 248 28 sammanjämkningen

197 1306 73 21 måste
286 1306 63 21 stöda
365 1308 35 26 sig
415 1306 28 28 på
460 1306 59 22 detta
534 1313 42 15 ena
592 1306 76 22 stånds
684 1306 74 22 beslut
774 1306 41 22 och
832 1306 27 21 de
876 1305 72 29 öfriga
964 1306 59 20 stån-

198 1335 43 22 den
259 1335 104 28 inbjudas
380 1338 32 19 att
427 1336 78 22 härom
521 1335 81 23 förena
618 1336 42 28 sig,
677 1336 41 22 och
735 1335 45 22 kan
791 1342 28 15 en
830 1334 193 29 samstämmighet

197 1365 51 21 icke
275 1365 71 22 heller
370 1366 28 21 då
421 1365 33 22 fås
476 1366 33 21 till
533 1366 71 27 stånd,
629 1365 103 23 förfaller
755 1366 73 28 lagen.
860 1365 44 21 För
925 1365 46 21 min
988 1364 35 22 del

197 1394 73 22 skulle
292 1395 41 28 jag
356 1402 54 15 anse
433 1396 63 21 säväl
516 1396 42 21 den
575 1395 103 22 formella
693 1402 49 15 som
759 1396 43 21 den
818 1395 88 28 sakliga
922 1394 101 29 grunden

197 1423 37 23 för
266 1424 241 29 grundlagsutskottets
538 1426 221 28 sammanjämkning
786 1424 139 23 beträffande
950 1424 74 22 denna

197 1454 110 28 paragraf
328 1462 54 14 vara
408 1455 75 29 riktig,
508 1462 50 14 men
580 1455 40 29 jag
636 1455 120 27 erkänner,
773 1456 31 20 att
821 1454 94 22 friherre
931 1454 93 21 Palmen

197 1484 41 21 har
254 1486 44 19 rätt
315 1484 6 21 i
338 1486 32 19 att
386 1485 107 21 utskottet
509 1485 6 20 i
532 1485 37 21 det
584 1484 74 22 finska
674 1484 138 29 exemplaret
829 1485 25 21 af
868 1484 155 21 betänkandet
