1081 1753
347 107 95 18 Yleisistä
454 107 137 19 kokouksista.
842 107 45 21 949

60 166 71 30 fråga.
163 167 202 29 Mötesdeltagarne
389 167 124 21 återvända
536 167 7 21 i
568 167 95 26 mörker,
683 174 29 14 nu
729 170 25 18 är
769 168 58 20 rätta
843 166 43 22 till-

60 197 66 23 fället
142 196 38 22 för
195 197 110 27 banditer,
321 204 48 14 som
385 196 73 22 finnas
476 197 6 21 i
499 198 83 27 många
592 197 86 21 trakter
690 196 25 22 af
724 198 48 20 vårt
783 196 59 26 land,
854 198 32 20 att

60 228 53 21 ötva
129 227 37 21 sitt
182 226 132 22 handtverk.
346 226 35 22 De
397 228 53 20 veta
466 228 32 20 att
514 226 71 22 offren
602 227 91 21 komma
703 226 50 22 från
765 233 27 15 en
804 226 82 22 allmän

60 257 176 22 sammankomst
252 257 42 21 och
310 256 65 22 alltså
391 259 39 19 äro
447 256 153 29 obeväpnade.
633 256 77 22 Skulle
729 256 38 22 vid
778 263 27 15 en
817 257 69 21 sådan

60 287 106 22 situation
191 294 27 14 en
242 293 81 22 person
346 286 69 22 hafva
431 286 118 29 möjlighet
565 288 31 20 att
613 286 75 28 skjuta
704 288 31 20 ett
751 286 136 22 skrämskott

61 316 54 23 eller
141 316 68 22 hafva
235 318 31 20 ett
289 316 223 28 respektingifvande
536 323 73 21 vapen
632 316 34 21 till
690 316 37 22 sitt
743 315 142 29 förfogande,

60 346 72 22 skulle
153 346 44 21 han
221 346 165 28 otvifvelaktigt
404 345 69 22 hafva
489 348 71 19 större
576 346 70 21 utsikt
662 348 32 19 att
711 346 60 21 hålla
786 344 100 23 stråtröf-

60 383 54 14 vare
138 377 29 26 på
191 375 94 23 afstånd.
317 375 36 22 Då
370 376 36 21 det
424 383 30 14 nu
471 376 7 21 i
494 375 81 28 själfva
591 376 79 21 verket
686 375 50 22 icke
752 375 64 22 torde
831 381 55 15 vara

60 405 116 28 förbjudet
200 407 31 20 att
255 407 30 27 gå
308 405 126 29 beväpnad,
459 405 57 22 blott
542 413 51 14 man
613 405 49 22 icke
679 406 7 20 i
703 405 184 28 folkförsamling

59 435 83 23 blottar
172 435 39 22 sitt
237 442 70 21 vapen
335 435 55 22 eller
414 435 83 29 drager
522 435 55 28 knif,
600 437 48 20 tror
668 435 41 28 jag
739 437 32 20 att
799 435 36 22 det
861 437 26 19 är

60 465 117 29 olämpligt
201 467 32 20 att
255 465 107 28 förbjuda
385 465 47 22 folk
454 467 32 20 att
510 473 54 14 vara
583 465 132 28 beväpnade
731 465 29 29 på
775 471 111 16 samman-

60 495 80 27 komst,
157 495 29 22 då
202 502 52 15 man
269 495 59 22 ändå
344 497 43 24 vet,
405 497 32 20 att
454 495 62 22 detta
532 495 124 29 stadgande
673 495 103 22 kommer
791 497 33 20 att
839 495 7 21 i
858 501 28 15 en

60 525 97 22 kolossal
183 527 45 20 stor
254 525 82 28 mängd
363 525 38 22 fall
428 525 146 22 öfverträdas.
607 525 50 29 Nog
683 525 72 22 finnes
780 527 82 26 vapnet
879 525 8 20 i

59 551 83 36 fickan.
761 558 2 3 |

132 602 149 22 Keskustelun
300 603 125 27 päätyttyä,
444 602 31 22 oli
488 604 158 20 vastattavana
658 609 109 15 seuraava
780 602 106 28 äänestys-

60 632 69 28 esitys.

134 674 63 26 Ken
213 674 116 28 hyväksyy
346 674 124 21 mietinnön
488 674 136 22 ehdotuksen
642 676 46 20 että
704 681 55 15 arm.
771 674 114 28 esityksen

61 704 12 20 7
90 703 14 28 &
119 703 163 28 poistettaisiin,
299 705 77 20 vastaa
387 705 54 26 jaa;
455 703 37 28 jos
508 706 18 20 ei
541 704 92 26 voittaa,
650 711 29 14 on
695 706 64 26 sääty
775 703 112 28 hyväksy-

60 735 40 26 nyt
123 735 95 20 sanotun
236 729 12 36 &
275 733 185 28 säilytettäväksi,
482 733 104 22 niinkuin
602 734 156 22 ensimäisessä
774 733 111 22 vastalau-

60 769 74 16 seessa
150 763 155 22 ehdotetaan*.

131 817 176 34 Äänestyksessä
324 823 69 22 olivat
409 825 97 20 ci-äänet
523 823 118 22 valtavasti
658 823 97 22 voitolla.

131 882 140 22 Säännökset
288 883 106 22 mietinnön
411 884 61 26 &:ssä
489 883 13 22 6
516 883 25 28 ja
556 884 13 21 7
586 883 134 28 hyväksyttiin.

131 943 14 21 8
160 944 34 25 8:n
210 943 139 21 säännöksen
363 943 107 28 johdosta
486 943 76 28 syntyi
578 950 109 15 seuraava
703 943 158 28 vuoropuhelu:

131 1002 48 21 Hra
203 1001 76 24 Sax6n:
311 1003 93 21 Minulla
424 1003 51 22 olisi
492 1003 174 22 ehdotettavana
682 1003 59 28 pieni
758 1003 129 21 kielellinen

60 1033 94 26 muutos,
176 1032 55 27 joka
255 1033 166 27 epäselvyyden
446 1033 162 21 välttämiseksi
634 1033 57 21 ehkä
714 1033 49 21 olisi
789 1033 98 20 tehtävä.

59 1061 155 22 Ruotsalaisen
235 1061 81 22 tekstin
333 1062 117 21 alkulause
464 1063 26 27 ja
506 1063 138 21 ensimäinen
661 1062 114 22 momentti
793 1061 93 22 kuuluu:

60 1091 150 28 Tjänsteman,
227 1098 48 15 som
289 1092 89 27 jämlikt
395 1093 12 20 7
425 1092 13 28 &
455 1099 55 22 eger
525 1094 44 19 rätt
586 1094 32 19 att
634 1092 85 21 infinna
735 1092 34 29 sig
780 1093 13 20 ä
804 1091 83 22 allmän

59 1121 182 26 sammankomst,
258 1129 53 14 vare
327 1122 127 28 berättigad
472 1124 32 20 att
520 1122 94 29 upplösa
628 1122 210 26 sammankomsten,
851 1128 37 15 om

59 1151 180 28 tjänstemannen
264 1151 53 22 eller
341 1152 82 21 honom
445 1152 170 28 underlydande
631 1152 100 27 betjänte
747 1155 80 25 vägras
843 1150 44 22 till-

59 1181 64 21 träde
143 1181 34 21 till
193 1181 150 22 densamma".
370 1182 70 21 Tässä
457 1181 121 29 käytetään
594 1183 38 21 siis
648 1184 127 25 määrättyä
791 1183 96 24 muotoa,

57 1210 71 28 jonka
149 1211 78 21 kautta
250 1211 52 22 ihan
318 1211 91 22 selvästi
426 1211 46 28 käy
489 1212 54 27 ilmi,
560 1214 46 20 että
621 1212 149 21 tarkoitetaan
787 1211 100 22 alkulau-

60 1247 74 15 seessa
149 1241 118 22 mainittua
283 1241 149 22 virkamiestä.
451 1241 177 23 Suomalaisessa
643 1241 103 22 tekstissä
757 1241 131 22 sitävastoin

60 1277 54 14 sana
132 1270 196 26 ,virkamieheltä*
347 1271 36 22 voi
399 1271 45 22 olla
460 1272 56 21 sekä
532 1273 110 26 määrätty
659 1274 45 19 että
721 1272 166 21 määräämätön

60 1302 82 20 muoto.
160 1296 11 37 —
175 1300 61 22 Voisi
256 1301 55 21 tulla
333 1301 63 22 sekin
413 1301 81 27 ajatus,
512 1302 53 21 ettei
580 1302 92 27 yleensä
688 1302 36 21 voi
742 1301 83 22 kieltää
841 1300 46 21 kel-

59 1331 54 20 tään
128 1330 171 22 virkamieheltä
315 1333 84 26 pääsyä
414 1331 119 22 tällaiseen
550 1331 149 22 kokoukseen.
717 1331 70 22 Tämä
802 1330 85 29 epäsel-

60 1367 57 20 vyys
141 1360 94 28 poistuu,
257 1361 35 27 jos
313 1361 121 28 käytetään
457 1368 56 15 arm.
532 1361 114 28 esityksen
662 1361 138 28 lausetapaa:
817 1367 71 14 sanan

62 1406 8 8 »
74 1389 185 25 virkamieheltä*
277 1392 110 20 asemasta
403 1397 71 15 sanaa
492 1391 124 26 ,häneltä*.

73 1478 13 4 .
111 1444 11 42 =
132 1448 48 22 Hra
203 1450 92 26 Ingman:
325 1450 34 21 En
382 1451 58 21 totta
461 1450 147 22 tosiaankaan
625 1450 88 29 pelkää,
729 1452 46 20 että
791 1448 98 30 pykälää

58 1481 59 19 siinä
141 1479 195 27 sananmuodossa,
355 1480 73 27 jonka
446 1480 133 22 valiokunta
595 1480 111 27 ehdottaa,
722 1480 107 22 tultaisiin
846 1478 42 22 tul-
