1081 1756
136 111 128 18 Laittomasti
277 111 115 19 erotetuista
404 110 44 18 tahi
461 110 133 23 nimitetyistä
607 109 156 18 virkamiehistä.
824 109 53 21 1071

56 172 70 22 ehuru
149 170 27 22 de
192 170 171 29 ursprungligen
379 170 99 22 besattes
493 169 26 23 af
531 169 181 26 konsistorierna,
729 169 37 22 det
782 168 26 22 af
820 170 59 20 stän-

57 202 71 21 derna
150 201 25 21 år
201 201 62 25 1867,
285 203 41 19 när
342 201 28 21 de
386 201 83 27 antogo
485 206 28 16 en
529 207 30 21 ny
575 199 118 28 kyrkolag,
709 199 115 21 lämnades
840 198 40 22 all-

57 231 62 22 deles
135 230 85 29 osagdt,
237 230 56 21 huru
309 230 217 28 skolläraretjänster
541 229 72 22 skulle
629 229 105 27 besättas,
750 228 56 22 huru
822 228 59 22 skol-

57 260 110 30 styrelsen
183 260 70 22 skulle
268 260 104 21 tillsättas
387 266 19 15 o.
424 266 17 15 s.
458 266 21 15 v.
511 259 43 22 Det
570 262 25 18 är
610 266 30 14 nu
656 258 101 28 erkändt,
774 260 32 20 att
821 260 59 19 stän-

58 291 70 21 derna
147 290 98 28 begingo
261 291 32 21 ett
307 288 37 28 fel,
361 296 48 15 som
425 289 41 23 har
481 289 85 21 kunnat
582 288 64 29 gifva
661 288 49 22 stöd
726 289 23 21 åt
765 288 43 22 den
824 288 57 21 tolk-

57 320 63 29 ning,
141 321 33 20 att
192 319 134 29 regeringen
341 320 41 21 har
399 326 28 15 en
441 318 167 30 jämförelsevis
623 318 123 22 vidsträckt
762 318 62 22 makt
839 318 42 21 och

58 350 133 28 myndighet
207 350 29 28 pä
245 349 67 22 detta
328 349 97 22 område.
458 348 77 22 Skulle
551 348 37 22 det
605 348 60 29 gälla
681 349 33 21 att
728 348 95 22 besvara
839 346 42 23 frå-

58 387 56 22 gan:
134 380 40 21 bör
190 379 133 29 regeringen
338 378 141 23 beträffande
495 378 151 22 skollärarene
662 378 91 22 utfärda
769 384 28 16 en
812 377 70 22 sådan

58 409 138 29 författning
219 416 47 15 som
291 410 55 20 1902
368 410 42 24 års,
432 410 24 20 så
479 408 70 22 skulle
563 408 41 29 jag
619 408 39 22 för
674 408 46 22 min
736 408 36 21 del
788 408 94 21 besvara

61 440 74 22 denna
158 438 66 30 fråga
246 438 109 28 nekande,
380 445 51 16 men
456 441 25 19 är
503 438 65 29 fråga
592 438 85 26 därom,
693 438 109 21 huruvida
818 437 64 22 dessa

59 470 124 21 skollärare
206 469 55 22 böra
281 469 70 28 enligt
371 469 42 22 den
431 476 29 14 nu
476 468 131 29 föreslagna
621 469 68 28 lagen
705 468 123 28 entledigas
844 467 39 22 för

60 500 43 21 den
128 499 56 22 skull
210 501 31 20 att
264 499 97 28 tjänsten
382 499 51 22 icke
452 499 41 21 har
508 498 74 22 blifvit
597 498 80 22 tillsatt
692 497 55 22 efter
763 497 120 29 uppgjordt

61 529 95 28 förslag,
175 530 25 21 så
216 529 71 22 skulle
299 529 41 28 jag
356 535 53 15 anse
426 529 37 21 det
480 529 88 28 riktiga,
585 529 32 21 att
633 527 79 29 frågan
728 528 105 21 besvaras
848 528 34 21 så-

60 559 79 22 lunda:
165 559 93 22 emedan
283 559 68 21 saken
375 561 26 19 är
423 558 144 29 tvifvelaktig
589 558 42 22 och
652 558 93 22 emedan
762 557 6 22 i
785 557 99 28 enlighet

61 589 52 22 med
137 589 43 22 den
204 589 125 28 grundsats,
344 595 48 15 som
408 589 30 28 på
453 587 159 30 förmiddagen
628 587 26 22 af
667 588 46 28 mig
728 587 156 26 motiverades,

61 626 53 15 man
130 619 77 26 borde,
225 619 39 21 där
280 619 68 21 saken
365 621 26 19 är
406 617 149 30 tvifvelaktig,
572 618 45 21 låta
633 617 54 22 bero
703 617 37 22 vid
757 617 27 22 de
800 616 82 23 skedda

62 649 197 28 utnämningarna,
275 649 24 21 så
315 648 71 22 skulle
401 649 41 28 jag
457 647 38 22 för
511 649 45 20 min
573 648 35 21 del
625 654 53 15 anse
694 647 43 22 den
752 647 83 28 riktiga
850 646 35 21 til-

62 679 147 28 lämpningen
226 678 24 23 af
263 685 27 15 en
305 678 39 29 lag
360 678 68 22 sådan
445 684 47 15 som
509 678 42 22 den
567 677 97 22 anförda
679 684 60 19 vara,
756 678 32 20 att
804 676 80 22 skollä-

61 715 82 16 rarena
166 708 50 22 icke
239 708 146 29 aflägsnades,
409 707 93 22 såframt
521 708 49 21 icke
590 709 70 27 något
683 709 67 20 annat
766 706 30 23 fel
811 705 73 23 blifvit

62 739 121 28 begånget.
214 737 42 23 Om
281 739 36 21 det
336 741 25 18 är
377 739 29 27 på
421 737 65 22 dessa
501 737 48 22 skäl
565 737 55 22 eller
637 737 119 22 kanhända
771 738 29 27 på
816 736 70 22 andra

62 768 56 27 skäl,
140 775 48 15 som
204 770 91 20 senaten
311 775 66 20 synes
393 767 68 22 hafva
477 767 63 22 tänkt
556 767 41 28 sig,
614 768 33 20 att
663 767 49 22 dess
728 766 157 29 propositions-

63 797 89 30 förslag
167 798 50 22 icke
233 798 70 21 skulle
319 798 91 21 komma
426 799 33 20 att
475 797 60 28 gälla
545 797 128 26 skollärare,
686 797 36 21 det
733 798 37 20 vet
778 796 41 28 jag
828 795 57 27 icke,

62 835 53 15 men
139 827 25 22 af
185 828 28 22 de
228 827 168 29 upplysningar,
419 827 78 22 hvilka
511 827 23 22 vi
549 826 62 29 fingo
628 827 7 21 i
651 826 235 29 grundlagsutskottet,

61 858 79 21 kunna
155 858 22 21 vi
194 857 74 22 säkert
284 860 65 26 säga:
367 857 37 22 det
421 864 39 15 var
476 857 50 22 icke
541 859 104 20 senatens
661 857 97 28 mening.

135 917 119 29 Vapaahra
270 916 90 24 Palmén:
377 917 124 22 Muutamia
516 917 93 27 harvoja
625 916 77 22 kohtia
712 915 128 22 edellisessä
847 922 39 21 pu-

63 947 103 22 heessani
182 954 29 15 on
227 947 68 22 täällä
311 947 132 22 kosketeltu.
465 947 97 28 Sopinee
577 946 78 22 lausua
672 945 151 22 vastaukseksi
839 945 48 28 pari

62 984 76 15 sanaa.

135 1007 73 22 Herra
231 1007 88 21 Homen
343 1007 83 21 viittasi
448 1009 107 19 erääseen
575 1006 83 21 Kaarlo
679 1005 53 22 XI:n
748 1005 139 26 lausuntoon,

63 1037 22 22 ei
108 1037 59 22 tosin
183 1037 153 27 semmoiseen,
350 1037 48 27 jota
415 1036 62 22 minä
492 1036 45 22 olin
555 1036 130 25 maininnut,
700 1035 24 28 ja
738 1035 72 22 tahtoi
826 1034 61 29 pitää

63 1073 40 16 sen
127 1066 123 22 ikäänkuin
274 1067 127 28 pääasiana.
427 1066 70 21 Tässä
512 1066 146 21 lausunnossa
673 1065 111 28 kuningas
799 1065 89 21 koettaa

64 1096 109 27 ehkäistä,
190 1098 45 20 että
248 1096 70 28 jokin,
334 1096 60 22 ehkä
408 1096 162 22 mahdollisesti
586 1095 71 22 laiton
672 1095 70 28 käsky
758 1094 61 22 tulisi
834 1101 54 14 nou-

64 1126 119 26 datetuksi,
207 1128 70 20 mutta
301 1126 60 21 minä
383 1126 47 21 olin
453 1126 123 21 maininnut
599 1125 147 28 esimerkkejä
762 1124 123 23 lähemmin

64 1156 78 21 asiaan
165 1156 112 27 kuuluvia,
302 1156 100 22 mitenkä
422 1156 44 21 hän
488 1155 70 22 tahtoi
574 1155 105 28 säilyttää
694 1154 195 22 voimassa-olevat

65 1185 105 22 oikeudet
186 1186 115 28 pysyvinä.
319 1186 123 21 Puhumme
458 1185 39 22 siis
513 1185 32 22 eri
561 1185 97 22 asioista.
675 1185 89 21 Muuten
776 1191 28 15 en
814 1183 74 25 kiellä,

65 1217 46 20 että
126 1215 67 22 herra
208 1215 111 22 Homönin
336 1215 142 22 mainitsema
493 1215 102 22 lausunto
612 1215 62 22 sekin
691 1221 29 15 on
735 1214 74 22 varsin
826 1220 63 15 arvo-

65 1245 47 26 kas,
130 1247 70 20 mutta
216 1246 96 21 minusta
327 1252 24 15 se
367 1245 20 22 ei
404 1245 68 22 kuulu
489 1245 68 22 tähän
573 1245 171 27 kysymykseen.
762 1244 51 21 Kun
824 1243 67 22 herra

65 1275 89 22 Homén
170 1275 71 22 tahtoi
257 1275 96 22 kääntää
368 1276 105 27 syytteen
489 1275 188 28 persoonallisesti
694 1274 74 21 minua
784 1273 106 27 kohtaan,

65 1305 94 22 viitaten
179 1305 71 22 siihen
266 1305 104 26 kantaan,
386 1305 54 28 joka
456 1305 93 21 minulla
565 1303 252 23 asevelvollisuuslakiin
836 1303 54 21 näh-

66 1335 43 22 den
126 1341 28 15 on
171 1335 60 26 ollut,
247 1335 60 22 tulee
323 1335 76 21 minun
415 1336 114 27 myöntää,
545 1336 46 20 että
605 1335 24 27 jo
643 1335 55 20 1899
709 1333 87 22 vuoden
807 1333 83 22 valtio-

66 1365 93 28 päivillä
175 1364 98 22 uskalsin
289 1365 77 21 lausua
381 1364 104 28 säätyjen
497 1364 199 28 yhteisistunnossa
707 1365 96 24 aatteen,
814 1362 77 22 minkä

66 1394 79 22 kaikki
169 1395 75 27 pienet
265 1395 79 20 kansat
366 1396 145 19 tunnustavat
527 1394 106 25 oikeaksi,
651 1395 46 20 että
711 1394 35 27 jos
762 1393 52 28 ylen
831 1392 61 22 suuri

64 1424 25 28 ja
105 1424 103 21 uhkaava
224 1431 69 14 vaara
308 1431 28 14 on
353 1424 84 27 edessä,
447 1424 47 21 niin
511 1424 62 27 sopii,
591 1423 87 28 ehkäpä
693 1422 119 29 täytyykin
828 1422 62 29 pien-

66 1455 38 20 ten
114 1453 108 29 kansojen
231 1455 60 20 ottaa
301 1453 120 22 huomioon
433 1453 129 28 fyysillinen
573 1453 113 28 ylivoima.
702 1453 51 21 Kun
764 1459 37 15 me
808 1453 84 20 tänään

66 1483 50 29 pari
142 1484 72 21 tuntia
239 1484 51 21 sitte
315 1483 137 22 luovuimme
474 1483 23 28 jo
521 1483 104 28 tehdystä
648 1483 142 28 päätöksestä
810 1481 82 30 pelkän
