1081 1756
197 111 45 22 976
472 112 131 24 Pappissääty
616 113 68 23 syysk.
696 113 12 18 3
720 119 18 18 p.
751 112 53 18 1906.

271 171 76 22 Minua
369 172 90 21 erittäin
483 172 120 28 tyydyttää
619 179 23 15 se
659 174 81 24 muoto,
755 172 70 28 jonka
841 172 83 21 rehtori
941 171 83 22 Rosen-

197 201 60 29 gvist
281 201 84 22 ehdotti
388 202 119 28 pykälään,
523 202 26 27 ja
571 203 44 21 kun
639 202 133 22 tietääkseni
793 202 43 21 sitä
853 202 20 21 ei
884 202 36 21 ole
936 201 86 22 kanna-

197 233 64 26 tettu,
278 231 91 28 pyydän
385 232 69 21 saada
469 232 43 21 sitä
528 232 128 26 kannattaa,
674 232 69 28 hyvin
759 232 87 21 tuntien
860 232 24 27 ja
896 234 126 26 myöntäen,

198 262 46 21 että
271 268 23 15 se
321 268 28 15 on
371 262 132 28 yhtäpitävä
527 262 134 22 ensimäisen
678 262 154 21 vastalauseen
850 262 172 21 muodostuksen

198 291 89 25 kanssa,
310 291 48 28 jota
381 292 128 27 pääasiassa
525 291 120 27 kannatan,
663 291 130 23 erittäinkin
809 291 54 22 tällä
879 291 143 23 muodostuk-

196 321 63 24 sella,
273 321 71 28 jonka
359 321 119 28 professori
495 321 133 29 Rosengvist
644 322 49 21 sille
709 321 67 22 antoi.

270 381 47 21 Hra
341 381 136 22 Hermanson:
509 376 73 27 Äfven
596 381 41 29 jag
652 381 41 22 ber
708 382 32 21 att
757 380 23 23 få
795 381 137 22 understöda
947 381 77 22 rektor

197 410 146 29 Rosengvists
363 410 94 29 förslag.
490 411 78 22 Skulle
587 413 8 20 1
613 411 14 28 &
643 411 118 29 verkligen
777 411 115 22 innehålla
907 411 59 22 hvad
982 411 41 21 här

196 442 69 26 sagts:
283 441 37 21 det
336 441 112 22 allmänna
464 441 134 28 stadgandet
613 448 37 15 om
665 443 32 20 att
715 448 51 15 man
777 447 54 22 eger
842 441 60 21 bilda
912 440 109 29 förening,

197 471 25 21 sä
249 470 73 22 kunde
338 471 37 22 det
391 471 67 22 hafva
474 471 48 22 skäl
539 472 35 21 för
590 471 35 28 sig
641 471 58 22 hvad
716 471 111 28 professor
843 471 121 28 Runeberg
980 471 42 21 och

196 500 71 28 några
291 501 69 21 andra
383 500 67 23 hafva
473 500 83 26 anfört,
581 508 51 15 men
655 501 62 22 detta
740 504 25 18 är
788 501 50 21 icke
862 500 158 23 förhållandet.

197 529 137 30 Paragrafen
357 533 66 26 säger
444 531 57 26 icke,
518 533 32 19 att
566 538 52 14 man
634 531 7 21 i
657 531 123 22 allmänhet
796 531 40 21 har
852 532 44 20 rätt
912 532 32 20 att
960 531 62 21 bilda

195 559 114 30 förening,
333 562 54 20 utan
410 560 135 29 paragrafen
569 563 76 26 säger:
668 560 38 23 för
721 562 141 27 gemensamt
878 560 143 28 fullföljande

196 589 26 22 af
243 591 59 21 vissa
325 590 49 29 slag
397 590 26 22 af
443 590 110 29 syftemål,
571 592 37 20 må
628 590 106 29 förening
751 590 73 22 bildas
840 591 60 21 med
916 591 104 21 iaktta-

196 620 94 28 gande
307 619 30 22 af
351 620 72 22 hvad
439 621 6 21 i
463 621 91 21 denna
570 621 47 28 lag
633 623 30 19 är
678 621 144 28 stadgadt.
847 620 44 22 Det
906 620 113 21 allmänna

195 650 137 28 stadgandet
357 657 36 15 om
421 651 106 28 rättighet
548 652 31 20 att
603 651 62 21 bilda
687 651 108 28 förening
816 649 72 23 finnes
912 651 6 20 i
935 650 42 22 den
995 649 25 23 af

196 680 121 22 ständerna
333 682 99 27 antagna
448 681 42 21 och
506 681 92 28 nyligen
615 680 103 22 faställda
734 681 67 28 lagen
818 687 35 15 om
870 679 72 23 finska
958 680 61 22 med-

195 710 108 28 borgares
327 710 72 22 frihet.
431 710 48 22 Och
502 711 29 21 då
553 712 6 20 i
581 711 42 21 den
647 711 114 21 allmänna
785 710 67 29 lagen
872 710 98 29 stadgas,
987 712 33 20 att

195 740 61 22 hvad
281 747 47 15 som
349 740 104 22 särskildt
474 744 25 18 är
518 742 33 20 att
567 740 101 29 iakttaga
684 741 37 21 vid
737 740 74 22 denna
828 740 117 29 rättighets
961 741 57 21 utöf-

195 770 56 28 ning
271 770 56 21 skall
343 770 136 22 bestämmas
495 777 81 22 genom
593 770 44 29 lag,
654 770 108 22 utfärdad
778 770 7 21 i
802 770 43 22 den
857 770 101 28 ordning,
970 777 48 15 som

195 806 37 15 om
256 800 82 22 allmän
354 800 38 28 lag
408 803 25 19 är
448 800 101 29 stadgad,
566 802 25 20 så
607 803 24 19 är
647 800 148 22 förevarande
812 800 38 28 lag
865 807 37 15 om
917 799 100 23 förenin-

194 836 42 22 gar
260 831 31 20 ett
307 830 26 21 af
348 830 27 22 de
391 830 60 22 olika
467 830 77 28 slagen
561 830 25 22 af
599 830 70 28 lagar,
686 830 77 22 hvilka
778 829 54 22 falla
849 830 70 22 under
934 830 28 22 de
978 830 40 21 all-

196 862 83 19 männa
295 860 234 28 grundstadgandena.
564 862 8 20 1
591 860 14 28 &
621 860 124 22 innehåller
760 860 87 22 således
863 861 32 20 att
911 867 53 14 man
980 859 38 23 för

194 891 141 26 gemensamt
360 889 142 29 fullföljande
525 890 26 22 af
563 890 60 22 vissa
638 890 50 28 slag
703 890 25 22 af
741 889 75 29 syften
832 889 34 22 får
882 890 61 21 bilda
958 889 60 23 före-

194 919 56 28 ning
274 919 51 22 med
347 920 144 28 iakttagande
508 920 25 21 af
546 920 59 21 hvad
621 920 7 21 i
645 920 73 22 denna
734 920 39 28 lag
788 920 98 28 stadgas.
922 920 8 20 1
940 915 10 38 8
978 920 38 21 vill

193 948 99 29 angifva,
317 949 76 22 hvilka
416 950 50 28 slag
489 949 24 22 af
533 950 228 28 sammanslutningar
782 950 37 21 det
843 952 25 18 är
890 948 65 30 fräga
971 956 43 15 om.

193 978 52 22 Man
270 979 43 21 kan
335 979 24 28 ju
383 980 114 27 anmärka,
518 981 32 20 att
567 980 37 21 det
619 980 49 21 icke
685 982 25 19 är
725 986 29 16 en
770 979 124 26 definition,
909 986 47 14 som
976 980 8 20 1
1003 980 14 26 &

192 1008 82 29 gifver.
320 1009 68 21 Detta
419 1012 24 18 är
467 1010 84 28 riktigt,
575 1010 43 21 den
648 1009 73 29 gifver
752 1009 50 22 icke
834 1016 28 14 en
893 1008 123 29 definition,

193 1045 51 15 men
271 1046 81 21 genom
379 1040 160 28 uppräknande
555 1039 26 22 af
594 1041 70 26 nägra
680 1040 50 28 slag
748 1038 26 22 af
788 1039 229 28 sammanslutningar

192 1068 43 22 och
251 1075 82 21 genom
350 1069 37 21 det
403 1069 86 29 tillägg,
506 1076 47 14 som
569 1069 23 21 vi
608 1070 44 20 alla
669 1069 80 26 känna,
758 1068 73 29 gifver
840 1069 64 28 lagen
917 1069 36 21 vid
962 1069 53 21 han-

192 1098 51 27 den,
267 1100 32 20 att
323 1099 41 21 här
379 1102 25 18 är
420 1098 64 29 fräga
499 1106 36 14 om
551 1099 85 21 sädana
651 1099 235 28 sammanslutningar,
902 1105 48 15 som
967 1099 49 21 icke

192 1128 124 22 benämnas
337 1128 151 23 ekonomiska.
521 1128 43 22 Det
587 1129 71 21 skulle
681 1136 54 14 vara
760 1128 66 29 högst
842 1128 120 28 oformligt,
979 1135 37 15 om

192 1164 53 15 man
269 1157 130 29 uppfattade
422 1159 67 28 lagen
505 1158 49 22 frän
571 1158 42 22 den
629 1159 144 27 synpunkten
789 1160 32 20 att
838 1165 51 14 man
906 1159 60 26 sade,
983 1160 33 19 att

194 1188 9 20 1
230 1189 13 25 8
268 1188 123 22 innehåller
415 1188 69 22 detta:
510 1205 4 9 ,
517 1188 42 26 för
580 1190 138 27 gemensamt
735 1187 143 29 fullföljande
895 1187 26 22 af
933 1187 82 29 syften,

191 1224 48 14 som
256 1217 50 22 icke
326 1218 69 22 strida
411 1220 46 20 mot
472 1218 44 28 lag,
534 1220 36 20 mä
585 1218 106 28 förening
707 1218 79 27 bildas,
804 1218 50 21 med
870 1218 146 28 iakttagande

191 1246 27 22 af
236 1247 61 21 hvad
312 1247 7 21 i
335 1248 74 21 denna
432 1248 38 29 lag
486 1248 111 29 stadgas*;
613 1250 25 26 ty
654 1250 61 20 strax
731 1247 99 22 härefter
846 1248 101 21 kommer
964 1254 52 15 man

190 1277 35 21 till
246 1278 14 20 2
285 1279 20 25 8,
326 1285 47 14 som
394 1281 41 25 gör
453 1279 125 28 väsentliga
595 1278 116 29 undantag
734 1277 106 22 därifrån.
873 1277 50 29 Nog
938 1281 25 18 är
978 1277 37 22 det

191 1306 37 22 det
245 1307 89 28 riktiga,
351 1309 33 20 att
407 1309 7 20 1
429 1308 13 28 &
453 1307 72 29 gifver
536 1315 27 14 en
575 1308 157 21 karaktäristik
744 1307 26 22 af
778 1307 28 22 de
817 1307 109 22 särskilda
934 1307 50 28 slag
992 1306 27 22 af

189 1337 236 29 sammanslutningar,
442 1345 36 14 om
495 1338 75 21 hvilka
587 1338 40 21 här
647 1341 25 18 är
693 1337 71 29 fråga.
797 1337 35 22 Då
845 1344 52 14 man
911 1337 51 22 icke
970 1337 45 22 kan

190 1366 64 29 gifva
277 1367 74 22 denna
374 1367 159 22 karaktäristik
555 1375 83 21 genom
654 1374 27 15 en
698 1367 50 22 kort
765 1367 123 27 definition,
906 1369 41 26 gör
963 1373 51 15 man

190 1396 40 22 det
252 1397 30 28 på
298 1397 37 21 det
351 1399 50 25 sätt,
418 1404 47 15 som
482 1397 165 29 propositionen
664 1398 41 21 och
721 1397 169 22 reservationen
906 1397 42 21 och
964 1396 51 22 rek-

189 1427 36 20 tor
240 1426 134 29 Rosenqvist
390 1427 124 28 föreslagit.
545 1427 52 22 Icke
613 1430 25 19 är
654 1427 37 22 det
706 1429 25 20 så
748 1426 134 29 oförnuftigt
900 1426 28 22 då
944 1426 71 22 andra

189 1455 65 28 lagar
285 1456 105 29 iakttagit
421 1457 128 27 detsamma,
581 1464 47 15 som
651 1457 177 28 propositionen,
847 1456 168 22 reservationen

189 1485 43 22 och
255 1486 76 21 rektor
355 1486 144 29 Rosenqvists
523 1486 92 29 förslag.
647 1487 44 21 För
711 1487 47 22 min
775 1487 36 22 del
826 1485 134 30 föredrager
974 1486 42 29 jag
