1075 1750
378 101 199 32 Painovapauslaista.
845 106 43 20 827

65 164 42 22 och
128 164 28 21 då
176 164 247 28 sammanjämkningen
445 164 49 22 icke
510 165 43 21 kan
570 164 103 29 försiggå
689 165 38 21 vid
744 172 86 15 samma
844 165 44 21 till-

65 193 61 28 fälle,
149 196 53 19 utan
226 193 109 29 förslaget
359 196 71 20 måste
450 194 143 28 bordläggas,
610 194 71 22 skulle
695 195 41 28 jag
752 194 89 22 anhålla
857 196 33 20 att

66 223 37 22 för
124 230 28 15 en
176 223 85 22 enskild
283 224 172 28 angelägenhet,
479 231 48 14 som
550 224 106 28 möjligen
680 225 71 20 skulle
775 227 55 25 göra
850 224 38 21 det

65 253 97 28 önskligt
184 255 32 19 att
233 253 40 28 jag
297 253 60 29 finge
375 261 53 14 vara
444 253 149 22 frånvarande
609 253 49 22 från
676 254 138 28 måndagens
830 261 57 14 sam-

66 283 122 26 manträde,
205 282 23 22 få
245 290 53 15 vara
313 283 71 22 borta.

138 343 145 28 Pappissääty
310 343 83 21 suostui
418 343 40 21 hra
486 343 163 22 Hermansonin
676 343 68 22 äsken
772 343 116 22 tekemään

66 373 126 28 pyyntöön;
207 372 70 28 jonka
293 373 79 21 ohessa

137 432 47 21 Hra
196 433 212 27 Danielson-Kalmari,
420 433 174 28 puheenvuoron
605 434 114 25 saatuaan,
731 433 80 21 lausui:
829 433 60 20 Minä

66 462 80 28 pyysin
170 462 171 28 puheenvuoroa
362 463 130 21 ainoastaan
514 469 37 15 sen
571 462 128 29 perustelun
714 463 90 26 tähden,
819 462 70 28 jonka

66 491 98 29 pohjalla
180 492 41 21 hra
236 492 140 21 Hermanson
392 494 85 27 pyytää
493 494 47 19 tätä
556 494 112 26 vapautta.
700 492 51 21 Hän
768 492 121 28 edellyttää

65 521 57 22 siinä
138 521 53 22 ihan
208 529 107 14 varmana
331 523 84 25 asiana,
432 524 47 20 että
494 524 63 26 sääty
574 522 20 22 ei
611 522 55 21 voisi
684 522 102 21 käsitellä
797 522 92 28 yhteen-

66 551 201 22 sovitusehdotusta
284 553 165 21 maanantaina.
476 552 36 21 On
528 552 115 21 kuitenkin
660 552 110 21 toisinaan
786 552 102 28 tapahtu-

65 583 46 25 nut,
128 581 68 22 näillä
212 581 162 29 valtiopäivillä
389 582 91 22 ainakin
496 582 87 28 kerran,
595 583 46 21 että
652 582 236 28 yhteensovitusehdo-

66 613 35 19 tus
122 618 26 15 on
170 612 105 27 käsitelty
291 612 57 21 siinä
365 612 132 27 istunnossa,
511 612 61 28 jossa
588 619 23 15 se
625 612 96 28 jaettiin.
746 612 142 21 Maanantain

66 641 81 22 istunto
164 642 111 20 voitaisiin
291 642 104 27 lyhyeksi
411 642 71 27 ajaksi
500 642 137 27 keskeyttää,
649 642 47 21 niin
708 644 46 19 että
764 642 125 21 ehtisimme

66 671 108 28 perehtyä
194 671 158 22 ehdotukseen.
384 672 60 21 Teen
465 673 76 20 tämän
562 672 177 21 huomautuksen
759 671 128 22 ainoastaan

66 701 42 21 sitä
131 702 85 23 varten,
237 701 53 21 ettei
310 701 66 22 herra
392 701 164 22 Hermansonin
575 701 99 22 lausuma
691 701 84 28 käsitys
791 701 97 28 prejudi-

724 759 6 9 <

138 790 71 21 Herra
231 791 104 21 Puhemies
355 792 76 20 tämän
448 791 105 27 johdosta
576 791 95 25 ilmoitti,
697 792 44 20 että
763 791 125 21 Puhemies-

64 822 122 19 neuvoston
202 820 61 21 toivo
279 820 61 28 kyllä
356 821 30 21 oli
403 821 60 26 ollut,
481 822 45 20 että
536 821 167 27 yhteensovitus
714 821 56 21 voisi
780 820 108 28 tapahtua

64 850 165 26 maanantaina,
251 852 70 19 mutta
342 852 46 20 että
404 857 23 15 se
443 851 115 28 riippunee
574 851 57 26 siitä,
649 850 83 21 kuinka
748 850 90 28 laajalta
859 857 27 14 on

64 879 127 22 muutoksia
206 880 129 27 ylipäätään
351 880 71 21 tullut.

134 939 47 22 Hra
202 940 83 27 Berger:
316 940 76 22 Mikäli
414 940 51 21 olen
483 940 93 27 kuullut,
593 947 29 14 on
639 940 164 28 porvarissääty
820 939 67 22 tähän

65 969 41 22 asti
129 969 114 28 käsitellyt
267 970 129 21 ainoastaan
417 971 29 20 20
466 970 98 28 pykälää
586 969 52 22 eikä
661 970 45 21 tule
722 977 38 14 sen
778 972 108 25 enempää

64 999 111 21 ainakaan
191 999 150 28 tänäpäivänä
357 1000 75 21 asiaan
450 1000 124 21 tekemään.
600 999 57 22 Näin
674 999 58 22 ollen
749 1007 29 14 on
795 999 91 22 mahdo-

64 1030 62 20 tonta
152 1029 197 22 lakivaliokunnan
374 1029 68 22 saada
466 1029 286 28 yhteensovitusehdotusta
776 1029 109 21 valmiiksi

65 1059 168 21 maanantaiksi.

134 1118 46 21 Hra
197 1119 114 27 Runeberg:
327 1118 45 29 Jag
388 1119 52 21 ville
456 1118 78 22 förena
547 1119 46 28 mig
605 1118 50 22 med
667 1118 117 22 staisrädet
797 1118 90 21 Daniel-

64 1148 149 22 son-Kalmari
237 1148 91 28 därhän,
353 1150 32 20 att
407 1148 43 22 den
467 1148 25 22 af
505 1148 111 29 professor
632 1148 139 22 Hermanson
789 1147 98 22 anförda

64 1178 164 29 motiveringen
250 1178 49 22 icke
323 1179 71 21 skulle
418 1178 23 22 fä
463 1181 78 26 utgöra
562 1180 69 27 nägot
651 1179 79 21 hinder
746 1178 37 22 för
799 1177 89 22 ständet

64 1209 32 20 att
112 1207 56 22 efter
184 1208 152 29 vederbörligt
351 1208 99 29 uppskof
460 1209 110 21 behandla
583 1208 255 28 sammanjämkningen,
850 1207 37 22 för

64 1237 43 22 den
131 1238 106 21 händelse
257 1239 32 20 att
310 1238 37 22 det
368 1238 71 22 skulle
456 1238 90 22 komma
562 1240 30 20 ett
609 1237 277 28 sammanjämkningsför-

64 1267 48 29 slag
128 1268 34 21 till
178 1267 133 29 måndagen.
343 1268 36 21 Då
395 1268 37 21 det
448 1268 70 21 likväl
533 1268 72 21 finnes
621 1267 56 29 föga
693 1267 141 22 sannolikhet
852 1266 34 22 för

64 1299 32 20 att
120 1304 27 15 en
172 1297 61 28 dylik
254 1298 220 28 sammanjämkning
493 1298 43 21 kan
553 1297 32 23 fås
601 1298 34 21 till
651 1297 64 22 stånd
731 1297 34 22 till
782 1297 104 28 måndag,

64 1327 44 22 blir
124 1327 78 28 frågan
219 1327 36 22 väl
272 1335 48 14 mer
336 1329 32 20 ett
383 1328 117 21 teoretiskt
516 1327 108 29 spörsmål
640 1330 28 19 än
679 1327 26 22 af
713 1327 101 28 praktisk
826 1327 60 20 inne-

64 1357 62 21 börd.
158 1357 50 22 Men
226 1357 41 28 jag
282 1357 93 22 förenar
391 1358 47 28 mig
454 1364 36 15 om
507 1357 42 22 den
567 1357 148 29 uppfattning,
732 1364 47 15 som
796 1357 90 21 statsrå-

64 1387 37 21 det
117 1387 233 22 Danielson-Kalmari
366 1387 106 22 uttalade.

135 1446 46 21 Hra
198 1447 136 22 Hermanson:
357 1447 45 28 Jag
417 1447 53 21 ville
486 1446 172 29 tillkännagifva
674 1448 38 25 att,
729 1445 47 22 ifall
792 1445 38 22 det
846 1445 41 21 fin-

64 1483 38 15 nes
123 1476 69 21 utsikt
212 1475 38 22 för
271 1478 31 20 att
319 1477 220 28 sammanjämkning
554 1477 44 20 kan
615 1477 89 21 komma
720 1476 33 21 till
770 1475 64 22 stånd
851 1481 36 15 om
