<?xml version="1.0" encoding="UTF-8"?>
<alto xmlns="http://www.loc.gov/standards/alto/ns-v3#" xmlns:xlink="http://www.w3.org/1999/xlink" xmlns:xsi="http://www.w3.org/2001/XMLSchema-instance" xsi:schemaLocation="http://www.loc.gov/standards/alto/ns-v3# http://www.loc.gov/alto/v3/alto-3-0.xsd">
	<Description>
		<MeasurementUnit>pixel</MeasurementUnit>
		<sourceImageInformation>
			<fileName>/tmp/tess_zygwgtzs_input.PNG</fileName>
		</sourceImageInformation>
		<OCRProcessing ID="OCR_0">
			<ocrProcessingStep>
				<processingSoftware>
					<softwareName>tesseract 5.3.4</softwareName>
				</processingSoftware>
			</ocrProcessingStep>
		</OCRProcessing>
	</Description>
	<Layout>
		<Page WIDTH="1081" HEIGHT="1756" PHYSICAL_IMG_NR="0" ID="page_0">
			<PrintSpace HPOS="0" VPOS="0" WIDTH="1081" HEIGHT="1756">
				<ComposedBlock ID="cblock_0" HPOS="197" VPOS="113" WIDTH="585" HEIGHT="32">
					<TextBlock ID="block_0" HPOS="197" VPOS="113" WIDTH="585" HEIGHT="32">
						<TextLine ID="line_0" HPOS="197" VPOS="113" WIDTH="585" HEIGHT="32">
							<String ID="string_0" HPOS="197" VPOS="113" WIDTH="56" HEIGHT="32" WC="0.96" CONTENT="1066"/><SP WIDTH="182" VPOS="113" HPOS="253"/>
							<String ID="string_1" HPOS="435" VPOS="117" WIDTH="131" HEIGHT="24" WC="0.92" CONTENT="Pappissääty"/><SP WIDTH="14" VPOS="117" HPOS="566"/>
							<String ID="string_2" HPOS="580" VPOS="118" WIDTH="69" HEIGHT="24" WC="0.92" CONTENT="syysk."/><SP WIDTH="15" VPOS="118" HPOS="649"/>
							<String ID="string_3" HPOS="664" VPOS="118" WIDTH="23" HEIGHT="17" WC="0.93" CONTENT="10"/><SP WIDTH="12" VPOS="118" HPOS="687"/>
							<String ID="string_4" HPOS="699" VPOS="124" WIDTH="18" HEIGHT="18" WC="0.91" CONTENT="p."/><SP WIDTH="14" VPOS="124" HPOS="717"/>
							<String ID="string_5" HPOS="731" VPOS="118" WIDTH="51" HEIGHT="18" WC="0.96" CONTENT="1906."/>
						</TextLine>
					</TextBlock>
				</ComposedBlock>
				<ComposedBlock ID="cblock_1" HPOS="192" VPOS="176" WIDTH="830" HEIGHT="1344">
					<TextBlock ID="block_1" HPOS="192" VPOS="176" WIDTH="828" HEIGHT="748">
						<TextLine ID="line_1" HPOS="194" VPOS="176" WIDTH="824" HEIGHT="31">
							<String ID="string_6" HPOS="194" VPOS="180" WIDTH="25" HEIGHT="19" WC="0.95" CONTENT="är"/><SP WIDTH="16" VPOS="180" HPOS="219"/>
							<String ID="string_7" HPOS="235" VPOS="176" WIDTH="64" HEIGHT="29" WC="0.95" CONTENT="fråga"/><SP WIDTH="16" VPOS="176" HPOS="299"/>
							<String ID="string_8" HPOS="315" VPOS="184" WIDTH="43" HEIGHT="21" WC="0.96" CONTENT="om,"/><SP WIDTH="17" VPOS="184" HPOS="358"/>
							<String ID="string_9" HPOS="375" VPOS="179" WIDTH="32" HEIGHT="20" WC="0.96" CONTENT="att"/><SP WIDTH="16" VPOS="179" HPOS="407"/>
							<String ID="string_10" HPOS="423" VPOS="177" WIDTH="125" HEIGHT="29" WC="0.96" CONTENT="någonting"/><SP WIDTH="16" VPOS="177" HPOS="548"/>
							<String ID="string_11" HPOS="564" VPOS="181" WIDTH="24" HEIGHT="18" WC="0.92" CONTENT="är"/><SP WIDTH="17" VPOS="181" HPOS="588"/>
							<String ID="string_12" HPOS="605" VPOS="177" WIDTH="86" HEIGHT="30" WC="0.91" CONTENT="vådligt"/><SP WIDTH="15" VPOS="177" HPOS="691"/>
							<String ID="string_13" HPOS="706" VPOS="177" WIDTH="37" HEIGHT="22" WC="0.96" CONTENT="för"/><SP WIDTH="17" VPOS="177" HPOS="743"/>
							<String ID="string_14" HPOS="760" VPOS="177" WIDTH="125" HEIGHT="27" WC="0.96" CONTENT="framtiden,"/><SP WIDTH="11" VPOS="177" HPOS="885"/>
							<String ID="string_15" HPOS="896" VPOS="177" WIDTH="72" HEIGHT="23" WC="0.96" CONTENT="skulle"/><SP WIDTH="10" VPOS="177" HPOS="968"/>
							<String ID="string_16" HPOS="978" VPOS="177" WIDTH="40" HEIGHT="28" WC="0.96" CONTENT="jag"/>
						</TextLine>
						<TextLine ID="line_2" HPOS="195" VPOS="207" WIDTH="822" HEIGHT="30">
							<String ID="string_17" HPOS="195" VPOS="208" WIDTH="37" HEIGHT="21" WC="0.96" CONTENT="för"/><SP WIDTH="19" VPOS="208" HPOS="232"/>
							<String ID="string_18" HPOS="251" VPOS="207" WIDTH="45" HEIGHT="21" WC="0.96" CONTENT="min"/><SP WIDTH="25" VPOS="207" HPOS="296"/>
							<String ID="string_19" HPOS="321" VPOS="207" WIDTH="36" HEIGHT="22" WC="0.96" CONTENT="del"/><SP WIDTH="18" VPOS="207" HPOS="357"/>
							<String ID="string_20" HPOS="375" VPOS="207" WIDTH="61" HEIGHT="22" WC="0.96" CONTENT="hålla"/><SP WIDTH="15" VPOS="207" HPOS="436"/>
							<String ID="string_21" HPOS="451" VPOS="207" WIDTH="57" HEIGHT="28" WC="0.96" CONTENT="före,"/><SP WIDTH="17" VPOS="207" HPOS="508"/>
							<String ID="string_22" HPOS="525" VPOS="209" WIDTH="32" HEIGHT="20" WC="0.96" CONTENT="att"/><SP WIDTH="17" VPOS="209" HPOS="557"/>
							<String ID="string_23" HPOS="574" VPOS="208" WIDTH="36" HEIGHT="21" WC="0.96" CONTENT="det"/><SP WIDTH="16" VPOS="208" HPOS="610"/>
							<String ID="string_24" HPOS="626" VPOS="211" WIDTH="26" HEIGHT="18" WC="0.93" CONTENT="är"/><SP WIDTH="15" VPOS="211" HPOS="652"/>
							<String ID="string_25" HPOS="667" VPOS="208" WIDTH="85" HEIGHT="29" WC="0.92" CONTENT="vådligt"/><SP WIDTH="18" VPOS="208" HPOS="752"/>
							<String ID="string_26" HPOS="770" VPOS="209" WIDTH="31" HEIGHT="20" WC="0.96" CONTENT="att"/><SP WIDTH="16" VPOS="209" HPOS="801"/>
							<String ID="string_27" HPOS="817" VPOS="207" WIDTH="111" HEIGHT="22" WC="0.96" CONTENT="beteckna"/><SP WIDTH="16" VPOS="207" HPOS="928"/>
							<String ID="string_28" HPOS="944" VPOS="208" WIDTH="73" HEIGHT="21" WC="0.96" CONTENT="denna"/>
						</TextLine>
						<TextLine ID="line_3" HPOS="193" VPOS="237" WIDTH="824" HEIGHT="29">
							<String ID="string_29" HPOS="193" VPOS="237" WIDTH="40" HEIGHT="28" WC="0.95" CONTENT="Jag"/><SP WIDTH="22" VPOS="237" HPOS="233"/>
							<String ID="string_30" HPOS="255" VPOS="237" WIDTH="73" HEIGHT="22" WC="0.96" CONTENT="såsom"/><SP WIDTH="21" VPOS="237" HPOS="328"/>
							<String ID="string_31" HPOS="349" VPOS="244" WIDTH="27" HEIGHT="15" WC="0.95" CONTENT="en"/><SP WIDTH="20" VPOS="244" HPOS="376"/>
							<String ID="string_32" HPOS="396" VPOS="237" WIDTH="79" HEIGHT="29" WC="0.93" CONTENT="vanlig"/><SP WIDTH="14" VPOS="237" HPOS="475"/>
							<String ID="string_33" HPOS="489" VPOS="237" WIDTH="173" HEIGHT="29" WC="0.93" CONTENT="undantagslag,"/><SP WIDTH="17" VPOS="237" HPOS="662"/>
							<String ID="string_34" HPOS="679" VPOS="238" WIDTH="74" HEIGHT="21" WC="0.96" CONTENT="denna"/><SP WIDTH="16" VPOS="238" HPOS="753"/>
							<String ID="string_35" HPOS="769" VPOS="237" WIDTH="44" HEIGHT="28" WC="0.96" CONTENT="lag,"/><SP WIDTH="16" VPOS="237" HPOS="813"/>
							<String ID="string_36" HPOS="829" VPOS="244" WIDTH="81" HEIGHT="22" WC="0.96" CONTENT="genom"/><SP WIDTH="17" VPOS="244" HPOS="910"/>
							<String ID="string_37" HPOS="927" VPOS="237" WIDTH="90" HEIGHT="22" WC="0.96" CONTENT="hvilken"/>
						</TextLine>
						<TextLine ID="line_4" HPOS="195" VPOS="267" WIDTH="823" HEIGHT="22">
							<String ID="string_38" HPOS="195" VPOS="273" WIDTH="51" HEIGHT="15" WC="0.94" CONTENT="man"/><SP WIDTH="22" VPOS="273" HPOS="246"/>
							<String ID="string_39" HPOS="268" VPOS="267" WIDTH="39" HEIGHT="22" WC="0.89" CONTENT="vill"/><SP WIDTH="16" VPOS="267" HPOS="307"/>
							<String ID="string_40" HPOS="323" VPOS="267" WIDTH="65" HEIGHT="22" WC="0.95" CONTENT="ställa"/><SP WIDTH="16" VPOS="267" HPOS="388"/>
							<String ID="string_41" HPOS="404" VPOS="267" WIDTH="33" HEIGHT="22" WC="0.96" CONTENT="till"/><SP WIDTH="16" VPOS="267" HPOS="437"/>
							<String ID="string_42" HPOS="453" VPOS="269" WIDTH="59" HEIGHT="20" WC="0.96" CONTENT="rätta"/><SP WIDTH="16" VPOS="269" HPOS="512"/>
							<String ID="string_43" HPOS="528" VPOS="267" WIDTH="158" HEIGHT="22" WC="0.96" CONTENT="förhållanden"/><SP WIDTH="16" VPOS="267" HPOS="686"/>
							<String ID="string_44" HPOS="702" VPOS="267" WIDTH="26" HEIGHT="22" WC="0.96" CONTENT="af"/><SP WIDTH="13" VPOS="267" HPOS="728"/>
							<String ID="string_45" HPOS="741" VPOS="267" WIDTH="42" HEIGHT="22" WC="0.96" CONTENT="den"/><SP WIDTH="17" VPOS="267" HPOS="783"/>
							<String ID="string_46" HPOS="800" VPOS="267" WIDTH="154" HEIGHT="22" WC="0.96" CONTENT="beskaffenhet"/><SP WIDTH="16" VPOS="267" HPOS="954"/>
							<String ID="string_47" HPOS="970" VPOS="273" WIDTH="48" HEIGHT="15" WC="0.96" CONTENT="som"/>
						</TextLine>
						<TextLine ID="line_5" HPOS="195" VPOS="297" WIDTH="823" HEIGHT="28">
							<String ID="string_48" HPOS="195" VPOS="303" WIDTH="54" HEIGHT="21" WC="0.92" CONTENT="nyss"/><SP WIDTH="16" VPOS="303" HPOS="249"/>
							<String ID="string_49" HPOS="265" VPOS="297" WIDTH="117" HEIGHT="28" WC="0.90" CONTENT="antyddes."/><SP WIDTH="18" VPOS="297" HPOS="382"/>
							<String ID="string_50" HPOS="400" VPOS="297" WIDTH="43" HEIGHT="22" WC="0.95" CONTENT="Det"/><SP WIDTH="16" VPOS="297" HPOS="443"/>
							<String ID="string_51" HPOS="459" VPOS="297" WIDTH="85" HEIGHT="22" WC="0.96" CONTENT="talades"/><SP WIDTH="16" VPOS="297" HPOS="544"/>
							<String ID="string_52" HPOS="560" VPOS="304" WIDTH="37" HEIGHT="15" WC="0.96" CONTENT="om"/><SP WIDTH="17" VPOS="304" HPOS="597"/>
							<String ID="string_53" HPOS="614" VPOS="304" WIDTH="27" HEIGHT="15" WC="0.96" CONTENT="en"/><SP WIDTH="17" VPOS="304" HPOS="641"/>
							<String ID="string_54" HPOS="658" VPOS="304" WIDTH="52" HEIGHT="15" WC="0.96" CONTENT="man"/><SP WIDTH="18" VPOS="304" HPOS="710"/>
							<String ID="string_55" HPOS="728" VPOS="297" WIDTH="50" HEIGHT="22" WC="0.96" CONTENT="från"/><SP WIDTH="18" VPOS="297" HPOS="778"/>
							<String ID="string_56" HPOS="796" VPOS="297" WIDTH="163" HEIGHT="28" WC="0.95" CONTENT="landsbygden,"/><SP WIDTH="11" VPOS="297" HPOS="959"/>
							<String ID="string_57" HPOS="970" VPOS="303" WIDTH="48" HEIGHT="15" WC="0.95" CONTENT="som"/>
						</TextLine>
						<TextLine ID="line_6" HPOS="194" VPOS="327" WIDTH="824" HEIGHT="29">
							<String ID="string_58" HPOS="194" VPOS="327" WIDTH="80" HEIGHT="21" WC="0.96" CONTENT="uttalat"/><SP WIDTH="23" VPOS="327" HPOS="274"/>
							<String ID="string_59" HPOS="297" VPOS="327" WIDTH="48" HEIGHT="21" WC="0.96" CONTENT="sina"/><SP WIDTH="20" VPOS="327" HPOS="345"/>
							<String ID="string_60" HPOS="365" VPOS="327" WIDTH="83" HEIGHT="22" WC="0.96" CONTENT="åsikter"/><SP WIDTH="21" VPOS="327" HPOS="448"/>
							<String ID="string_61" HPOS="469" VPOS="327" WIDTH="6" HEIGHT="21" WC="0.96" CONTENT="i"/><SP WIDTH="17" VPOS="327" HPOS="475"/>
							<String ID="string_62" HPOS="492" VPOS="327" WIDTH="150" HEIGHT="22" WC="0.96" CONTENT="förevarande"/><SP WIDTH="17" VPOS="327" HPOS="642"/>
							<String ID="string_63" HPOS="659" VPOS="327" WIDTH="70" HEIGHT="29" WC="0.95" CONTENT="fråga."/><SP WIDTH="32" VPOS="327" HPOS="729"/>
							<String ID="string_64" HPOS="761" VPOS="327" WIDTH="45" HEIGHT="28" WC="0.95" CONTENT="Jag"/><SP WIDTH="16" VPOS="327" HPOS="806"/>
							<String ID="string_65" HPOS="822" VPOS="328" WIDTH="71" HEIGHT="21" WC="0.95" CONTENT="måste"/><SP WIDTH="15" VPOS="328" HPOS="893"/>
							<String ID="string_66" HPOS="908" VPOS="330" WIDTH="61" HEIGHT="25" WC="0.96" CONTENT="säga,"/><SP WIDTH="17" VPOS="330" HPOS="969"/>
							<String ID="string_67" HPOS="986" VPOS="327" WIDTH="32" HEIGHT="20" WC="0.96" CONTENT="att"/>
						</TextLine>
						<TextLine ID="line_7" HPOS="192" VPOS="355" WIDTH="825" HEIGHT="31">
							<String ID="string_68" HPOS="192" VPOS="357" WIDTH="41" HEIGHT="28" WC="0.96" CONTENT="jag"/><SP WIDTH="23" VPOS="357" HPOS="233"/>
							<String ID="string_69" HPOS="256" VPOS="356" WIDTH="38" HEIGHT="22" WC="0.96" CONTENT="för"/><SP WIDTH="23" VPOS="356" HPOS="294"/>
							<String ID="string_70" HPOS="317" VPOS="357" WIDTH="46" HEIGHT="21" WC="0.96" CONTENT="min"/><SP WIDTH="21" VPOS="357" HPOS="363"/>
							<String ID="string_71" HPOS="384" VPOS="357" WIDTH="36" HEIGHT="22" WC="0.96" CONTENT="del"/><SP WIDTH="21" VPOS="357" HPOS="420"/>
							<String ID="string_72" HPOS="441" VPOS="357" WIDTH="77" HEIGHT="29" WC="0.96" CONTENT="gläder"/><SP WIDTH="17" VPOS="357" HPOS="518"/>
							<String ID="string_73" HPOS="535" VPOS="357" WIDTH="47" HEIGHT="28" WC="0.96" CONTENT="mig"/><SP WIDTH="16" VPOS="357" HPOS="582"/>
							<String ID="string_74" HPOS="598" VPOS="358" WIDTH="21" HEIGHT="21" WC="0.96" CONTENT="åt"/><SP WIDTH="17" VPOS="358" HPOS="619"/>
							<String ID="string_75" HPOS="636" VPOS="359" WIDTH="32" HEIGHT="20" WC="0.96" CONTENT="att"/><SP WIDTH="16" VPOS="359" HPOS="668"/>
							<String ID="string_76" HPOS="684" VPOS="357" WIDTH="55" HEIGHT="22" WC="0.96" CONTENT="höra"/><SP WIDTH="16" VPOS="357" HPOS="739"/>
							<String ID="string_77" HPOS="755" VPOS="359" WIDTH="31" HEIGHT="20" WC="0.96" CONTENT="ett"/><SP WIDTH="15" VPOS="359" HPOS="786"/>
							<String ID="string_78" HPOS="801" VPOS="357" WIDTH="79" HEIGHT="21" WC="0.96" CONTENT="sådant"/><SP WIDTH="17" VPOS="357" HPOS="880"/>
							<String ID="string_79" HPOS="897" VPOS="355" WIDTH="120" HEIGHT="28" WC="0.95" CONTENT="uttalande,"/>
						</TextLine>
						<TextLine ID="line_8" HPOS="195" VPOS="386" WIDTH="823" HEIGHT="30">
							<String ID="string_80" HPOS="195" VPOS="393" WIDTH="51" HEIGHT="15" WC="0.96" CONTENT="men"/><SP WIDTH="14" VPOS="393" HPOS="246"/>
							<String ID="string_81" HPOS="260" VPOS="387" WIDTH="41" HEIGHT="28" WC="0.96" CONTENT="jag"/><SP WIDTH="14" VPOS="387" HPOS="301"/>
							<String ID="string_82" HPOS="315" VPOS="388" WIDTH="53" HEIGHT="25" WC="0.95" CONTENT="tror,"/><SP WIDTH="17" VPOS="388" HPOS="368"/>
							<String ID="string_83" HPOS="385" VPOS="389" WIDTH="32" HEIGHT="19" WC="0.96" CONTENT="att"/><SP WIDTH="14" VPOS="389" HPOS="417"/>
							<String ID="string_84" HPOS="431" VPOS="388" WIDTH="47" HEIGHT="27" WC="0.94" CONTENT="jag,"/><SP WIDTH="17" VPOS="388" HPOS="478"/>
							<String ID="string_85" HPOS="495" VPOS="394" WIDTH="36" HEIGHT="15" WC="0.96" CONTENT="om"/><SP WIDTH="14" VPOS="394" HPOS="531"/>
							<String ID="string_86" HPOS="545" VPOS="387" WIDTH="41" HEIGHT="29" WC="0.96" CONTENT="jag"/><SP WIDTH="16" VPOS="387" HPOS="586"/>
							<String ID="string_87" HPOS="602" VPOS="387" WIDTH="70" HEIGHT="22" WC="0.96" CONTENT="skulle"/><SP WIDTH="17" VPOS="387" HPOS="672"/>
							<String ID="string_88" HPOS="689" VPOS="386" WIDTH="67" HEIGHT="23" WC="0.96" CONTENT="hafva"/><SP WIDTH="15" VPOS="386" HPOS="756"/>
							<String ID="string_89" HPOS="771" VPOS="388" WIDTH="53" HEIGHT="21" WC="0.96" CONTENT="stått"/><SP WIDTH="16" VPOS="388" HPOS="824"/>
							<String ID="string_90" HPOS="840" VPOS="388" WIDTH="29" HEIGHT="27" WC="0.96" CONTENT="på"/><SP WIDTH="16" VPOS="388" HPOS="869"/>
							<String ID="string_91" HPOS="885" VPOS="387" WIDTH="42" HEIGHT="22" WC="0.93" CONTENT="den"/><SP WIDTH="16" VPOS="387" HPOS="927"/>
							<String ID="string_92" HPOS="943" VPOS="386" WIDTH="75" HEIGHT="22" WC="0.93" CONTENT="stånd-"/>
						</TextLine>
						<TextLine ID="line_9" HPOS="194" VPOS="415" WIDTH="825" HEIGHT="30">
							<String ID="string_93" HPOS="194" VPOS="416" WIDTH="78" HEIGHT="29" WC="0.96" CONTENT="punkt,"/><SP WIDTH="9" VPOS="416" HPOS="272"/>
							<String ID="string_94" HPOS="281" VPOS="423" WIDTH="46" HEIGHT="15" WC="0.96" CONTENT="som"/><SP WIDTH="17" VPOS="423" HPOS="327"/>
							<String ID="string_95" HPOS="344" VPOS="419" WIDTH="25" HEIGHT="19" WC="0.96" CONTENT="är"/><SP WIDTH="16" VPOS="419" HPOS="369"/>
							<String ID="string_96" HPOS="385" VPOS="419" WIDTH="60" HEIGHT="20" WC="0.96" CONTENT="emot"/><SP WIDTH="17" VPOS="419" HPOS="445"/>
							<String ID="string_97" HPOS="462" VPOS="416" WIDTH="172" HEIGHT="29" WC="0.96" CONTENT="ifrågavarande"/><SP WIDTH="16" VPOS="416" HPOS="634"/>
							<String ID="string_98" HPOS="650" VPOS="417" WIDTH="133" HEIGHT="28" WC="0.96" CONTENT="lagförslag,"/><SP WIDTH="17" VPOS="417" HPOS="783"/>
							<String ID="string_99" HPOS="800" VPOS="417" WIDTH="58" HEIGHT="21" WC="0.96" CONTENT="ändå"/><SP WIDTH="11" VPOS="417" HPOS="858"/>
							<String ID="string_100" HPOS="869" VPOS="417" WIDTH="71" HEIGHT="22" WC="0.96" CONTENT="skulle"/><SP WIDTH="11" VPOS="417" HPOS="940"/>
							<String ID="string_101" HPOS="951" VPOS="415" WIDTH="68" HEIGHT="22" WC="0.96" CONTENT="hafva"/>
						</TextLine>
						<TextLine ID="line_10" HPOS="195" VPOS="446" WIDTH="823" HEIGHT="29">
							<String ID="string_102" HPOS="195" VPOS="448" WIDTH="73" HEIGHT="20" WC="0.96" CONTENT="ansett"/><SP WIDTH="17" VPOS="448" HPOS="268"/>
							<String ID="string_103" HPOS="285" VPOS="447" WIDTH="46" HEIGHT="28" WC="0.96" CONTENT="mig"/><SP WIDTH="15" VPOS="447" HPOS="331"/>
							<String ID="string_104" HPOS="346" VPOS="447" WIDTH="90" HEIGHT="28" WC="0.96" CONTENT="skyldig"/><SP WIDTH="16" VPOS="447" HPOS="436"/>
							<String ID="string_105" HPOS="452" VPOS="449" WIDTH="32" HEIGHT="20" WC="0.96" CONTENT="att"/><SP WIDTH="16" VPOS="449" HPOS="484"/>
							<String ID="string_106" HPOS="500" VPOS="450" WIDTH="55" HEIGHT="25" WC="0.96" CONTENT="säga"/><SP WIDTH="16" VPOS="450" HPOS="555"/>
							<String ID="string_107" HPOS="571" VPOS="449" WIDTH="22" HEIGHT="20" WC="0.95" CONTENT="åt"/><SP WIDTH="16" VPOS="449" HPOS="593"/>
							<String ID="string_108" HPOS="609" VPOS="447" WIDTH="89" HEIGHT="26" WC="0.96" CONTENT="honom,"/><SP WIDTH="17" VPOS="447" HPOS="698"/>
							<String ID="string_109" HPOS="715" VPOS="449" WIDTH="33" HEIGHT="19" WC="0.96" CONTENT="att"/><SP WIDTH="17" VPOS="449" HPOS="748"/>
							<String ID="string_110" HPOS="765" VPOS="447" WIDTH="36" HEIGHT="22" WC="0.96" CONTENT="det"/><SP WIDTH="16" VPOS="447" HPOS="801"/>
							<String ID="string_111" HPOS="817" VPOS="446" WIDTH="72" HEIGHT="23" WC="0.96" CONTENT="finnes"/><SP WIDTH="16" VPOS="446" HPOS="889"/>
							<String ID="string_112" HPOS="905" VPOS="454" WIDTH="27" HEIGHT="15" WC="0.96" CONTENT="en"/><SP WIDTH="12" VPOS="454" HPOS="932"/>
							<String ID="string_113" HPOS="944" VPOS="453" WIDTH="74" HEIGHT="14" WC="0.96" CONTENT="annan"/>
						</TextLine>
						<TextLine ID="line_11" HPOS="194" VPOS="476" WIDTH="824" HEIGHT="29">
							<String ID="string_114" HPOS="194" VPOS="476" WIDTH="99" HEIGHT="29" WC="0.96" CONTENT="mening,"/><SP WIDTH="24" VPOS="476" HPOS="293"/>
							<String ID="string_115" HPOS="317" VPOS="477" WIDTH="71" HEIGHT="28" WC="0.96" CONTENT="enligt"/><SP WIDTH="23" VPOS="477" HPOS="388"/>
							<String ID="string_116" HPOS="411" VPOS="477" WIDTH="91" HEIGHT="22" WC="0.96" CONTENT="hvilken"/><SP WIDTH="24" VPOS="477" HPOS="502"/>
							<String ID="string_117" HPOS="526" VPOS="477" WIDTH="43" HEIGHT="22" WC="0.96" CONTENT="den"/><SP WIDTH="22" VPOS="477" HPOS="569"/>
							<String ID="string_118" HPOS="591" VPOS="476" WIDTH="130" HEIGHT="29" WC="0.94" CONTENT="föreslagna"/><SP WIDTH="16" VPOS="476" HPOS="721"/>
							<String ID="string_119" HPOS="737" VPOS="477" WIDTH="66" HEIGHT="28" WC="0.96" CONTENT="lagen"/><SP WIDTH="17" VPOS="477" HPOS="803"/>
							<String ID="string_120" HPOS="820" VPOS="477" WIDTH="7" HEIGHT="20" WC="0.93" CONTENT="i"/><SP WIDTH="16" VPOS="477" HPOS="827"/>
							<String ID="string_121" HPOS="843" VPOS="476" WIDTH="81" HEIGHT="29" WC="0.91" CONTENT="själfva"/><SP WIDTH="17" VPOS="476" HPOS="924"/>
							<String ID="string_122" HPOS="941" VPOS="476" WIDTH="77" HEIGHT="22" WC="0.96" CONTENT="verket"/>
						</TextLine>
						<TextLine ID="line_12" HPOS="195" VPOS="505" WIDTH="822" HEIGHT="30">
							<String ID="string_123" HPOS="195" VPOS="509" WIDTH="26" HEIGHT="18" WC="0.96" CONTENT="är"/><SP WIDTH="15" VPOS="509" HPOS="221"/>
							<String ID="string_124" HPOS="236" VPOS="513" WIDTH="27" HEIGHT="15" WC="0.90" CONTENT="en"/><SP WIDTH="17" VPOS="513" HPOS="263"/>
							<String ID="string_125" HPOS="280" VPOS="506" WIDTH="166" HEIGHT="29" WC="0.90" CONTENT="lagförklaring"/><SP WIDTH="16" VPOS="506" HPOS="446"/>
							<String ID="string_126" HPOS="462" VPOS="507" WIDTH="41" HEIGHT="21" WC="0.96" CONTENT="och"/><SP WIDTH="17" VPOS="507" HPOS="503"/>
							<String ID="string_127" HPOS="520" VPOS="507" WIDTH="50" HEIGHT="22" WC="0.96" CONTENT="icke"/><SP WIDTH="15" VPOS="507" HPOS="570"/>
							<String ID="string_128" HPOS="585" VPOS="507" WIDTH="78" HEIGHT="21" WC="0.96" CONTENT="träffas"/><SP WIDTH="16" VPOS="507" HPOS="663"/>
							<String ID="string_129" HPOS="679" VPOS="507" WIDTH="26" HEIGHT="21" WC="0.96" CONTENT="af"/><SP WIDTH="12" VPOS="507" HPOS="705"/>
							<String ID="string_130" HPOS="717" VPOS="507" WIDTH="74" HEIGHT="21" WC="0.93" CONTENT="denna"/><SP WIDTH="16" VPOS="507" HPOS="791"/>
							<String ID="string_131" HPOS="807" VPOS="505" WIDTH="146" HEIGHT="24" WC="0.89" CONTENT="förebråelse."/><SP WIDTH="17" VPOS="505" HPOS="953"/>
							<String ID="string_132" HPOS="970" VPOS="505" WIDTH="47" HEIGHT="22" WC="0.96" CONTENT="Och"/>
						</TextLine>
						<TextLine ID="line_13" HPOS="192" VPOS="536" WIDTH="827" HEIGHT="29">
							<String ID="string_133" HPOS="192" VPOS="536" WIDTH="41" HEIGHT="28" WC="0.96" CONTENT="jag"/><SP WIDTH="23" VPOS="536" HPOS="233"/>
							<String ID="string_134" HPOS="256" VPOS="536" WIDTH="71" HEIGHT="22" WC="0.96" CONTENT="skulle"/><SP WIDTH="24" VPOS="536" HPOS="327"/>
							<String ID="string_135" HPOS="351" VPOS="536" WIDTH="69" HEIGHT="22" WC="0.96" CONTENT="hafva"/><SP WIDTH="22" VPOS="536" HPOS="420"/>
							<String ID="string_136" HPOS="442" VPOS="537" WIDTH="74" HEIGHT="28" WC="0.96" CONTENT="tillagt"/><SP WIDTH="24" VPOS="537" HPOS="516"/>
							<String ID="string_137" HPOS="540" VPOS="538" WIDTH="32" HEIGHT="20" WC="0.96" CONTENT="att"/><SP WIDTH="21" VPOS="538" HPOS="572"/>
							<String ID="string_138" HPOS="593" VPOS="537" WIDTH="34" HEIGHT="26" WC="0.95" CONTENT="de,"/><SP WIDTH="17" VPOS="537" HPOS="627"/>
							<String ID="string_139" HPOS="644" VPOS="543" WIDTH="47" HEIGHT="15" WC="0.95" CONTENT="som"/><SP WIDTH="18" VPOS="543" HPOS="691"/>
							<String ID="string_140" HPOS="709" VPOS="537" WIDTH="49" HEIGHT="21" WC="0.96" CONTENT="icke"/><SP WIDTH="16" VPOS="537" HPOS="758"/>
							<String ID="string_141" HPOS="774" VPOS="543" WIDTH="53" HEIGHT="15" WC="0.96" CONTENT="anse"/><SP WIDTH="16" VPOS="543" HPOS="827"/>
							<String ID="string_142" HPOS="843" VPOS="536" WIDTH="62" HEIGHT="22" WC="0.96" CONTENT="detta"/><SP WIDTH="16" VPOS="536" HPOS="905"/>
							<String ID="string_143" HPOS="921" VPOS="543" WIDTH="53" HEIGHT="15" WC="0.96" CONTENT="vara"/><SP WIDTH="17" VPOS="543" HPOS="974"/>
							<String ID="string_144" HPOS="991" VPOS="543" WIDTH="28" HEIGHT="14" WC="0.96" CONTENT="en"/>
						</TextLine>
						<TextLine ID="line_14" HPOS="195" VPOS="565" WIDTH="825" HEIGHT="30">
							<String ID="string_145" HPOS="195" VPOS="565" WIDTH="174" HEIGHT="30" WC="0.92" CONTENT="lagförklaring,"/><SP WIDTH="23" VPOS="565" HPOS="369"/>
							<String ID="string_146" HPOS="392" VPOS="567" WIDTH="57" HEIGHT="21" WC="0.96" CONTENT="dock"/><SP WIDTH="25" VPOS="567" HPOS="449"/>
							<String ID="string_147" HPOS="474" VPOS="573" WIDTH="52" HEIGHT="16" WC="0.96" CONTENT="anse"/><SP WIDTH="24" VPOS="573" HPOS="526"/>
							<String ID="string_148" HPOS="550" VPOS="573" WIDTH="28" HEIGHT="15" WC="0.96" CONTENT="en"/><SP WIDTH="22" VPOS="573" HPOS="578"/>
							<String ID="string_149" HPOS="600" VPOS="567" WIDTH="38" HEIGHT="28" WC="0.96" CONTENT="lag"/><SP WIDTH="20" VPOS="567" HPOS="638"/>
							<String ID="string_150" HPOS="658" VPOS="566" WIDTH="26" HEIGHT="22" WC="0.96" CONTENT="af"/><SP WIDTH="13" VPOS="566" HPOS="684"/>
							<String ID="string_151" HPOS="697" VPOS="566" WIDTH="151" HEIGHT="23" WC="0.96" CONTENT="förevarande"/><SP WIDTH="16" VPOS="566" HPOS="848"/>
							<String ID="string_152" HPOS="864" VPOS="565" WIDTH="156" HEIGHT="23" WC="0.96" CONTENT="beskaffenhet"/>
						</TextLine>
						<TextLine ID="line_15" HPOS="195" VPOS="595" WIDTH="823" HEIGHT="30">
							<String ID="string_153" HPOS="195" VPOS="603" WIDTH="55" HEIGHT="14" WC="0.96" CONTENT="vara"/><SP WIDTH="15" VPOS="603" HPOS="250"/>
							<String ID="string_154" HPOS="265" VPOS="596" WIDTH="134" HEIGHT="29" WC="0.96" CONTENT="berättigad,"/><SP WIDTH="17" VPOS="596" HPOS="399"/>
							<String ID="string_155" HPOS="416" VPOS="597" WIDTH="94" HEIGHT="21" WC="0.96" CONTENT="emedan"/><SP WIDTH="22" VPOS="597" HPOS="510"/>
							<String ID="string_156" HPOS="532" VPOS="596" WIDTH="36" HEIGHT="22" WC="0.96" CONTENT="det"/><SP WIDTH="16" VPOS="596" HPOS="568"/>
							<String ID="string_157" HPOS="584" VPOS="597" WIDTH="72" HEIGHT="28" WC="0.96" CONTENT="gäller"/><SP WIDTH="15" VPOS="597" HPOS="656"/>
							<String ID="string_158" HPOS="671" VPOS="598" WIDTH="32" HEIGHT="20" WC="0.96" CONTENT="att"/><SP WIDTH="17" VPOS="598" HPOS="703"/>
							<String ID="string_159" HPOS="720" VPOS="596" WIDTH="116" HEIGHT="29" WC="0.96" CONTENT="korrigera"/><SP WIDTH="16" VPOS="596" HPOS="836"/>
							<String ID="string_160" HPOS="852" VPOS="595" WIDTH="166" HEIGHT="27" WC="0.96" CONTENT="förhållanden,"/>
						</TextLine>
						<TextLine ID="line_16" HPOS="195" VPOS="625" WIDTH="823" HEIGHT="30">
							<String ID="string_161" HPOS="195" VPOS="625" WIDTH="129" HEIGHT="29" WC="0.96" CONTENT="uppkomna"/><SP WIDTH="23" VPOS="625" HPOS="324"/>
							<String ID="string_162" HPOS="347" VPOS="626" WIDTH="7" HEIGHT="21" WC="0.96" CONTENT="i"/><SP WIDTH="23" VPOS="626" HPOS="354"/>
							<String ID="string_163" HPOS="377" VPOS="626" WIDTH="59" HEIGHT="21" WC="0.96" CONTENT="kraft"/><SP WIDTH="24" VPOS="626" HPOS="436"/>
							<String ID="string_164" HPOS="460" VPOS="625" WIDTH="25" HEIGHT="23" WC="0.89" CONTENT="af"/><SP WIDTH="9" VPOS="625" HPOS="485"/>
							<String ID="string_165" HPOS="494" VPOS="627" WIDTH="70" HEIGHT="28" WC="0.89" CONTENT="lagar,"/><SP WIDTH="17" VPOS="627" HPOS="564"/>
							<String ID="string_166" HPOS="581" VPOS="633" WIDTH="47" HEIGHT="15" WC="0.91" CONTENT="som"/><SP WIDTH="16" VPOS="633" HPOS="628"/>
							<String ID="string_167" HPOS="644" VPOS="627" WIDTH="115" HEIGHT="21" WC="0.91" CONTENT="utverkats"/><SP WIDTH="16" VPOS="627" HPOS="759"/>
							<String ID="string_168" HPOS="775" VPOS="627" WIDTH="7" HEIGHT="20" WC="0.96" CONTENT="i"/><SP WIDTH="17" VPOS="627" HPOS="782"/>
							<String ID="string_169" HPOS="799" VPOS="626" WIDTH="54" HEIGHT="21" WC="0.96" CONTENT="strid"/><SP WIDTH="16" VPOS="626" HPOS="853"/>
							<String ID="string_170" HPOS="869" VPOS="626" WIDTH="51" HEIGHT="21" WC="0.91" CONTENT="med"/><SP WIDTH="16" VPOS="626" HPOS="920"/>
							<String ID="string_171" HPOS="936" VPOS="625" WIDTH="82" HEIGHT="29" WC="0.90" CONTENT="grund-"/>
						</TextLine>
						<TextLine ID="line_17" HPOS="195" VPOS="655" WIDTH="824" HEIGHT="29">
							<String ID="string_172" HPOS="195" VPOS="655" WIDTH="38" HEIGHT="29" WC="0.96" CONTENT="lag"/><SP WIDTH="21" VPOS="655" HPOS="233"/>
							<String ID="string_173" HPOS="254" VPOS="656" WIDTH="42" HEIGHT="22" WC="0.96" CONTENT="och"/><SP WIDTH="23" VPOS="656" HPOS="296"/>
							<String ID="string_174" HPOS="319" VPOS="656" WIDTH="5" HEIGHT="21" WC="0.96" CONTENT="i"/><SP WIDTH="17" VPOS="656" HPOS="324"/>
							<String ID="string_175" HPOS="341" VPOS="656" WIDTH="104" HEIGHT="22" WC="0.96" CONTENT="ändamål"/><SP WIDTH="17" VPOS="656" HPOS="445"/>
							<String ID="string_176" HPOS="462" VPOS="658" WIDTH="32" HEIGHT="20" WC="0.96" CONTENT="att"/><SP WIDTH="15" VPOS="658" HPOS="494"/>
							<String ID="string_177" HPOS="509" VPOS="655" WIDTH="23" HEIGHT="22" WC="0.96" CONTENT="få"/><SP WIDTH="16" VPOS="655" HPOS="532"/>
							<String ID="string_178" HPOS="548" VPOS="657" WIDTH="174" HEIGHT="21" WC="0.96" CONTENT="konstitutionen"/><SP WIDTH="18" VPOS="657" HPOS="722"/>
							<String ID="string_179" HPOS="740" VPOS="656" WIDTH="90" HEIGHT="22" WC="0.94" CONTENT="störtad."/><SP WIDTH="35" VPOS="656" HPOS="830"/>
							<String ID="string_180" HPOS="865" VPOS="655" WIDTH="44" HEIGHT="29" WC="0.96" CONTENT="Jag"/><SP WIDTH="15" VPOS="655" HPOS="909"/>
							<String ID="string_181" HPOS="924" VPOS="658" WIDTH="47" HEIGHT="19" WC="0.96" CONTENT="tror"/><SP WIDTH="15" VPOS="658" HPOS="971"/>
							<String ID="string_182" HPOS="986" VPOS="657" WIDTH="33" HEIGHT="20" WC="0.95" CONTENT="att"/>
						</TextLine>
						<TextLine ID="line_18" HPOS="195" VPOS="685" WIDTH="824" HEIGHT="31">
							<String ID="string_183" HPOS="195" VPOS="685" WIDTH="42" HEIGHT="23" WC="0.95" CONTENT="den"/><SP WIDTH="24" VPOS="685" HPOS="237"/>
							<String ID="string_184" HPOS="261" VPOS="686" WIDTH="136" HEIGHT="30" WC="0.95" CONTENT="omnämnda"/><SP WIDTH="21" VPOS="686" HPOS="397"/>
							<String ID="string_185" HPOS="418" VPOS="694" WIDTH="121" HEIGHT="21" WC="0.95" CONTENT="personens"/><SP WIDTH="20" VPOS="694" HPOS="539"/>
							<String ID="string_186" HPOS="559" VPOS="686" WIDTH="114" HEIGHT="22" WC="0.96" CONTENT="utlåtande"/><SP WIDTH="17" VPOS="686" HPOS="673"/>
							<String ID="string_187" HPOS="690" VPOS="686" WIDTH="71" HEIGHT="22" WC="0.96" CONTENT="skulle"/><SP WIDTH="16" VPOS="686" HPOS="761"/>
							<String ID="string_188" HPOS="777" VPOS="685" WIDTH="68" HEIGHT="23" WC="0.96" CONTENT="hafva"/><SP WIDTH="15" VPOS="685" HPOS="845"/>
							<String ID="string_189" HPOS="860" VPOS="686" WIDTH="75" HEIGHT="22" WC="0.94" CONTENT="blifvit"/><SP WIDTH="15" VPOS="686" HPOS="935"/>
							<String ID="string_190" HPOS="950" VPOS="687" WIDTH="69" HEIGHT="27" WC="0.96" CONTENT="något"/>
						</TextLine>
						<TextLine ID="line_19" HPOS="195" VPOS="715" WIDTH="825" HEIGHT="29">
							<String ID="string_191" HPOS="195" VPOS="718" WIDTH="75" HEIGHT="20" WC="0.95" CONTENT="annat."/><SP WIDTH="32" VPOS="718" HPOS="270"/>
							<String ID="string_192" HPOS="302" VPOS="715" WIDTH="73" HEIGHT="23" WC="0.86" CONTENT="Afven"/><SP WIDTH="24" VPOS="715" HPOS="375"/>
							<String ID="string_193" HPOS="399" VPOS="723" WIDTH="35" HEIGHT="15" WC="0.96" CONTENT="om"/><SP WIDTH="23" VPOS="723" HPOS="434"/>
							<String ID="string_194" HPOS="457" VPOS="716" WIDTH="44" HEIGHT="22" WC="0.96" CONTENT="han"/><SP WIDTH="16" VPOS="716" HPOS="501"/>
							<String ID="string_195" HPOS="517" VPOS="716" WIDTH="50" HEIGHT="22" WC="0.96" CONTENT="icke"/><SP WIDTH="16" VPOS="716" HPOS="567"/>
							<String ID="string_196" HPOS="583" VPOS="716" WIDTH="6" HEIGHT="22" WC="0.93" CONTENT="i"/><SP WIDTH="17" VPOS="716" HPOS="589"/>
							<String ID="string_197" HPOS="606" VPOS="716" WIDTH="126" HEIGHT="22" WC="0.92" CONTENT="hufvudsak"/><SP WIDTH="17" VPOS="716" HPOS="732"/>
							<String ID="string_198" HPOS="749" VPOS="716" WIDTH="70" HEIGHT="22" WC="0.96" CONTENT="skulle"/><SP WIDTH="17" VPOS="716" HPOS="819"/>
							<String ID="string_199" HPOS="836" VPOS="716" WIDTH="67" HEIGHT="22" WC="0.96" CONTENT="hafva"/><SP WIDTH="16" VPOS="716" HPOS="903"/>
							<String ID="string_200" HPOS="919" VPOS="716" WIDTH="101" HEIGHT="28" WC="0.96" CONTENT="godkänt"/>
						</TextLine>
						<TextLine ID="line_20" HPOS="195" VPOS="745" WIDTH="823" HEIGHT="30">
							<String ID="string_201" HPOS="195" VPOS="746" WIDTH="62" HEIGHT="21" WC="0.96" CONTENT="detta"/><SP WIDTH="15" VPOS="746" HPOS="257"/>
							<String ID="string_202" HPOS="272" VPOS="746" WIDTH="135" HEIGHT="29" WC="0.96" CONTENT="lagförslag,"/><SP WIDTH="17" VPOS="746" HPOS="407"/>
							<String ID="string_203" HPOS="424" VPOS="748" WIDTH="24" HEIGHT="20" WC="0.96" CONTENT="så"/><SP WIDTH="16" VPOS="748" HPOS="448"/>
							<String ID="string_204" HPOS="464" VPOS="748" WIDTH="46" HEIGHT="20" WC="0.96" CONTENT="tror"/><SP WIDTH="13" VPOS="748" HPOS="510"/>
							<String ID="string_205" HPOS="523" VPOS="747" WIDTH="41" HEIGHT="28" WC="0.96" CONTENT="jag"/><SP WIDTH="16" VPOS="747" HPOS="564"/>
							<String ID="string_206" HPOS="580" VPOS="748" WIDTH="32" HEIGHT="20" WC="0.96" CONTENT="att"/><SP WIDTH="16" VPOS="748" HPOS="612"/>
							<String ID="string_207" HPOS="628" VPOS="746" WIDTH="44" HEIGHT="22" WC="0.96" CONTENT="han"/><SP WIDTH="16" VPOS="746" HPOS="672"/>
							<String ID="string_208" HPOS="688" VPOS="746" WIDTH="60" HEIGHT="22" WC="0.95" CONTENT="ändå"/><SP WIDTH="16" VPOS="746" HPOS="748"/>
							<String ID="string_209" HPOS="764" VPOS="746" WIDTH="70" HEIGHT="22" WC="0.95" CONTENT="skulle"/><SP WIDTH="17" VPOS="746" HPOS="834"/>
							<String ID="string_210" HPOS="851" VPOS="745" WIDTH="67" HEIGHT="22" WC="0.96" CONTENT="hafva"/><SP WIDTH="15" VPOS="745" HPOS="918"/>
							<String ID="string_211" HPOS="933" VPOS="746" WIDTH="85" HEIGHT="26" WC="0.96" CONTENT="erkänt,"/>
						</TextLine>
						<TextLine ID="line_21" HPOS="195" VPOS="775" WIDTH="824" HEIGHT="29">
							<String ID="string_212" HPOS="195" VPOS="777" WIDTH="33" HEIGHT="20" WC="0.96" CONTENT="att"/><SP WIDTH="16" VPOS="777" HPOS="228"/>
							<String ID="string_213" HPOS="244" VPOS="776" WIDTH="37" HEIGHT="22" WC="0.96" CONTENT="det"/><SP WIDTH="16" VPOS="776" HPOS="281"/>
							<String ID="string_214" HPOS="297" VPOS="776" WIDTH="44" HEIGHT="21" WC="0.96" CONTENT="kan"/><SP WIDTH="16" VPOS="776" HPOS="341"/>
							<String ID="string_215" HPOS="357" VPOS="776" WIDTH="73" HEIGHT="22" WC="0.96" CONTENT="finnas"/><SP WIDTH="16" VPOS="776" HPOS="430"/>
							<String ID="string_216" HPOS="446" VPOS="776" WIDTH="48" HEIGHT="22" WC="0.96" CONTENT="skäl"/><SP WIDTH="16" VPOS="776" HPOS="494"/>
							<String ID="string_217" HPOS="510" VPOS="776" WIDTH="37" HEIGHT="22" WC="0.96" CONTENT="för"/><SP WIDTH="16" VPOS="776" HPOS="547"/>
							<String ID="string_218" HPOS="563" VPOS="776" WIDTH="130" HEIGHT="28" WC="0.96" CONTENT="detsamma,"/><SP WIDTH="17" VPOS="776" HPOS="693"/>
							<String ID="string_219" HPOS="710" VPOS="776" WIDTH="42" HEIGHT="22" WC="0.97" CONTENT="och"/><SP WIDTH="17" VPOS="776" HPOS="752"/>
							<String ID="string_220" HPOS="769" VPOS="783" WIDTH="36" HEIGHT="15" WC="0.96" CONTENT="om"/><SP WIDTH="14" VPOS="783" HPOS="805"/>
							<String ID="string_221" HPOS="819" VPOS="776" WIDTH="65" HEIGHT="22" WC="0.96" CONTENT="dessa"/><SP WIDTH="11" VPOS="776" HPOS="884"/>
							<String ID="string_222" HPOS="895" VPOS="776" WIDTH="48" HEIGHT="21" WC="0.93" CONTENT="skäl"/><SP WIDTH="11" VPOS="776" HPOS="943"/>
							<String ID="string_223" HPOS="954" VPOS="775" WIDTH="65" HEIGHT="22" WC="0.92" CONTENT="verk-"/>
						</TextLine>
						<TextLine ID="line_22" HPOS="195" VPOS="804" WIDTH="825" HEIGHT="30">
							<String ID="string_224" HPOS="195" VPOS="805" WIDTH="61" HEIGHT="29" WC="0.93" CONTENT="ligen"/><SP WIDTH="21" VPOS="805" HPOS="256"/>
							<String ID="string_225" HPOS="277" VPOS="805" WIDTH="135" HEIGHT="27" WC="0.90" CONTENT="framhölles,"/><SP WIDTH="18" VPOS="805" HPOS="412"/>
							<String ID="string_226" HPOS="430" VPOS="807" WIDTH="25" HEIGHT="21" WC="0.96" CONTENT="så"/><SP WIDTH="15" VPOS="807" HPOS="455"/>
							<String ID="string_227" HPOS="470" VPOS="808" WIDTH="46" HEIGHT="20" WC="0.96" CONTENT="tror"/><SP WIDTH="13" VPOS="808" HPOS="516"/>
							<String ID="string_228" HPOS="529" VPOS="806" WIDTH="41" HEIGHT="28" WC="0.96" CONTENT="jag"/><SP WIDTH="15" VPOS="806" HPOS="570"/>
							<String ID="string_229" HPOS="585" VPOS="806" WIDTH="57" HEIGHT="26" WC="0.96" CONTENT="icke,"/><SP WIDTH="16" VPOS="806" HPOS="642"/>
							<String ID="string_230" HPOS="658" VPOS="808" WIDTH="31" HEIGHT="20" WC="0.93" CONTENT="att"/><SP WIDTH="16" VPOS="808" HPOS="689"/>
							<String ID="string_231" HPOS="705" VPOS="806" WIDTH="74" HEIGHT="22" WC="0.92" CONTENT="vådan"/><SP WIDTH="16" VPOS="806" HPOS="779"/>
							<String ID="string_232" HPOS="795" VPOS="804" WIDTH="26" HEIGHT="23" WC="0.96" CONTENT="af"/><SP WIDTH="13" VPOS="804" HPOS="821"/>
							<String ID="string_233" HPOS="834" VPOS="806" WIDTH="73" HEIGHT="21" WC="0.96" CONTENT="denna"/><SP WIDTH="16" VPOS="806" HPOS="907"/>
							<String ID="string_234" HPOS="923" VPOS="806" WIDTH="38" HEIGHT="28" WC="0.96" CONTENT="lag"/><SP WIDTH="15" VPOS="806" HPOS="961"/>
							<String ID="string_235" HPOS="976" VPOS="805" WIDTH="44" HEIGHT="21" WC="0.96" CONTENT="blir"/>
						</TextLine>
						<TextLine ID="line_23" HPOS="195" VPOS="835" WIDTH="824" HEIGHT="29">
							<String ID="string_236" HPOS="195" VPOS="835" WIDTH="50" HEIGHT="25" WC="0.95" CONTENT="den,"/><SP WIDTH="17" VPOS="835" HPOS="245"/>
							<String ID="string_237" HPOS="262" VPOS="842" WIDTH="47" HEIGHT="15" WC="0.96" CONTENT="som"/><SP WIDTH="18" VPOS="842" HPOS="309"/>
							<String ID="string_238" HPOS="327" VPOS="842" WIDTH="51" HEIGHT="15" WC="0.96" CONTENT="man"/><SP WIDTH="16" VPOS="842" HPOS="378"/>
							<String ID="string_239" HPOS="394" VPOS="835" WIDTH="90" HEIGHT="28" WC="0.96" CONTENT="anfört;"/><SP WIDTH="16" VPOS="835" HPOS="484"/>
							<String ID="string_240" HPOS="500" VPOS="842" WIDTH="51" HEIGHT="16" WC="0.92" CONTENT="men"/><SP WIDTH="15" VPOS="842" HPOS="551"/>
							<String ID="string_241" HPOS="566" VPOS="836" WIDTH="77" HEIGHT="28" WC="0.92" CONTENT="vådlig"/><SP WIDTH="16" VPOS="836" HPOS="643"/>
							<String ID="string_242" HPOS="659" VPOS="836" WIDTH="44" HEIGHT="22" WC="0.96" CONTENT="blir"/><SP WIDTH="12" VPOS="836" HPOS="703"/>
							<String ID="string_243" HPOS="715" VPOS="836" WIDTH="43" HEIGHT="22" WC="0.96" CONTENT="den"/><SP WIDTH="12" VPOS="836" HPOS="758"/>
							<String ID="string_244" HPOS="770" VPOS="835" WIDTH="187" HEIGHT="29" WC="0.93" CONTENT="hufvudsakligen"/><SP WIDTH="12" VPOS="835" HPOS="957"/>
							<String ID="string_245" HPOS="969" VPOS="835" WIDTH="50" HEIGHT="21" WC="0.91" CONTENT="där-"/>
						</TextLine>
						<TextLine ID="line_24" HPOS="195" VPOS="865" WIDTH="824" HEIGHT="29">
							<String ID="string_246" HPOS="195" VPOS="865" WIDTH="98" HEIGHT="28" WC="0.96" CONTENT="igenom,"/><SP WIDTH="14" VPOS="865" HPOS="293"/>
							<String ID="string_247" HPOS="307" VPOS="867" WIDTH="31" HEIGHT="20" WC="0.96" CONTENT="att"/><SP WIDTH="17" VPOS="867" HPOS="338"/>
							<String ID="string_248" HPOS="355" VPOS="872" WIDTH="51" HEIGHT="15" WC="0.96" CONTENT="man"/><SP WIDTH="17" VPOS="872" HPOS="406"/>
							<String ID="string_249" HPOS="423" VPOS="868" WIDTH="41" HEIGHT="26" WC="0.96" CONTENT="gör"/><SP WIDTH="16" VPOS="868" HPOS="464"/>
							<String ID="string_250" HPOS="480" VPOS="866" WIDTH="72" HEIGHT="21" WC="0.96" CONTENT="denna"/><SP WIDTH="16" VPOS="866" HPOS="552"/>
							<String ID="string_251" HPOS="568" VPOS="866" WIDTH="38" HEIGHT="28" WC="0.96" CONTENT="lag"/><SP WIDTH="10" VPOS="866" HPOS="606"/>
							<String ID="string_252" HPOS="616" VPOS="866" WIDTH="33" HEIGHT="21" WC="0.96" CONTENT="till"/><SP WIDTH="12" VPOS="866" HPOS="649"/>
							<String ID="string_253" HPOS="661" VPOS="872" WIDTH="26" HEIGHT="16" WC="0.96" CONTENT="en"/><SP WIDTH="13" VPOS="872" HPOS="687"/>
							<String ID="string_254" HPOS="700" VPOS="866" WIDTH="78" HEIGHT="28" WC="0.93" CONTENT="vanlig"/><SP WIDTH="11" VPOS="866" HPOS="778"/>
							<String ID="string_255" HPOS="789" VPOS="866" WIDTH="171" HEIGHT="28" WC="0.92" CONTENT="undantagslag,"/><SP WIDTH="12" VPOS="866" HPOS="960"/>
							<String ID="string_256" HPOS="972" VPOS="872" WIDTH="47" HEIGHT="15" WC="0.96" CONTENT="som"/>
						</TextLine>
						<TextLine ID="line_25" HPOS="194" VPOS="894" WIDTH="823" HEIGHT="30">
							<String ID="string_257" HPOS="194" VPOS="894" WIDTH="58" HEIGHT="22" WC="0.96" CONTENT="blott"/><SP WIDTH="11" VPOS="894" HPOS="252"/>
							<String ID="string_258" HPOS="263" VPOS="895" WIDTH="127" HEIGHT="29" WC="0.96" CONTENT="korrigerar"/><SP WIDTH="11" VPOS="895" HPOS="390"/>
							<String ID="string_259" HPOS="401" VPOS="896" WIDTH="91" HEIGHT="28" WC="0.93" CONTENT="vanliga"/><SP WIDTH="15" VPOS="896" HPOS="492"/>
							<String ID="string_260" HPOS="507" VPOS="895" WIDTH="120" HEIGHT="23" WC="0.92" CONTENT="afvikelser"/><SP WIDTH="11" VPOS="895" HPOS="627"/>
							<String ID="string_261" HPOS="638" VPOS="896" WIDTH="36" HEIGHT="21" WC="0.93" CONTENT="vid"/><SP WIDTH="12" VPOS="896" HPOS="674"/>
							<String ID="string_262" HPOS="686" VPOS="895" WIDTH="331" HEIGHT="29" WC="0.89" CONTENT="tjänstemannautnämningar."/>
						</TextLine>
					</TextBlock>
					<TextBlock ID="block_2" HPOS="194" VPOS="925" WIDTH="826" HEIGHT="267">
						<TextLine ID="line_26" HPOS="267" VPOS="925" WIDTH="753" HEIGHT="29">
							<String ID="string_263" HPOS="267" VPOS="925" WIDTH="44" HEIGHT="21" WC="0.96" CONTENT="Det"/><SP WIDTH="21" VPOS="925" HPOS="311"/>
							<String ID="string_264" HPOS="332" VPOS="926" WIDTH="41" HEIGHT="20" WC="0.96" CONTENT="har"/><SP WIDTH="20" VPOS="926" HPOS="373"/>
							<String ID="string_265" HPOS="393" VPOS="927" WIDTH="68" HEIGHT="27" WC="0.96" CONTENT="sagts,"/><SP WIDTH="17" VPOS="927" HPOS="461"/>
							<String ID="string_266" HPOS="478" VPOS="927" WIDTH="31" HEIGHT="20" WC="0.96" CONTENT="att"/><SP WIDTH="16" VPOS="927" HPOS="509"/>
							<String ID="string_267" HPOS="525" VPOS="925" WIDTH="73" HEIGHT="22" WC="0.96" CONTENT="denna"/><SP WIDTH="16" VPOS="925" HPOS="598"/>
							<String ID="string_268" HPOS="614" VPOS="926" WIDTH="38" HEIGHT="28" WC="0.93" CONTENT="lag"/><SP WIDTH="15" VPOS="926" HPOS="652"/>
							<String ID="string_269" HPOS="667" VPOS="925" WIDTH="151" HEIGHT="22" WC="0.90" CONTENT="öfverlämnar"/><SP WIDTH="15" VPOS="925" HPOS="818"/>
							<String ID="string_270" HPOS="833" VPOS="925" WIDTH="148" HEIGHT="28" WC="0.96" CONTENT="medborgare"/><SP WIDTH="16" VPOS="925" HPOS="981"/>
							<String ID="string_271" HPOS="997" VPOS="926" WIDTH="23" HEIGHT="20" WC="0.96" CONTENT="ät"/>
						</TextLine>
						<TextLine ID="line_27" HPOS="195" VPOS="954" WIDTH="825" HEIGHT="30">
							<String ID="string_272" HPOS="195" VPOS="954" WIDTH="133" HEIGHT="29" WC="0.92" CONTENT="godtycket;"/><SP WIDTH="22" VPOS="954" HPOS="328"/>
							<String ID="string_273" HPOS="350" VPOS="955" WIDTH="42" HEIGHT="21" WC="0.95" CONTENT="och"/><SP WIDTH="17" VPOS="955" HPOS="392"/>
							<String ID="string_274" HPOS="409" VPOS="955" WIDTH="61" HEIGHT="22" WC="0.96" CONTENT="detta"/><SP WIDTH="15" VPOS="955" HPOS="470"/>
							<String ID="string_275" HPOS="485" VPOS="955" WIDTH="31" HEIGHT="21" WC="0.96" CONTENT="tal"/><SP WIDTH="16" VPOS="955" HPOS="516"/>
							<String ID="string_276" HPOS="532" VPOS="955" WIDTH="40" HEIGHT="21" WC="0.93" CONTENT="har"/><SP WIDTH="16" VPOS="955" HPOS="572"/>
							<String ID="string_277" HPOS="588" VPOS="957" WIDTH="120" HEIGHT="27" WC="0.93" CONTENT="upprepats"/><SP WIDTH="15" VPOS="957" HPOS="708"/>
							<String ID="string_278" HPOS="723" VPOS="955" WIDTH="54" HEIGHT="21" WC="0.91" CONTENT="flere"/><SP WIDTH="16" VPOS="955" HPOS="777"/>
							<String ID="string_279" HPOS="793" VPOS="956" WIDTH="93" HEIGHT="27" WC="0.92" CONTENT="gänger,"/><SP WIDTH="17" VPOS="956" HPOS="886"/>
							<String ID="string_280" HPOS="903" VPOS="962" WIDTH="51" HEIGHT="14" WC="0.93" CONTENT="men"/><SP WIDTH="16" VPOS="962" HPOS="954"/>
							<String ID="string_281" HPOS="970" VPOS="954" WIDTH="50" HEIGHT="22" WC="0.93" CONTENT="icke"/>
						</TextLine>
						<TextLine ID="line_28" HPOS="196" VPOS="984" WIDTH="824" HEIGHT="29">
							<String ID="string_282" HPOS="196" VPOS="987" WIDTH="26" HEIGHT="19" WC="0.95" CONTENT="är"/><SP WIDTH="20" VPOS="987" HPOS="222"/>
							<String ID="string_283" HPOS="242" VPOS="991" WIDTH="29" HEIGHT="15" WC="0.92" CONTENT="nu"/><SP WIDTH="22" VPOS="991" HPOS="271"/>
							<String ID="string_284" HPOS="293" VPOS="984" WIDTH="120" HEIGHT="29" WC="0.96" CONTENT="meningen"/><SP WIDTH="17" VPOS="984" HPOS="413"/>
							<String ID="string_285" HPOS="430" VPOS="986" WIDTH="32" HEIGHT="20" WC="0.93" CONTENT="att"/><SP WIDTH="16" VPOS="986" HPOS="462"/>
							<String ID="string_286" HPOS="478" VPOS="984" WIDTH="138" HEIGHT="23" WC="0.63" CONTENT="öfverlämna"/><SP WIDTH="16" VPOS="984" HPOS="616"/>
							<String ID="string_287" HPOS="632" VPOS="985" WIDTH="135" HEIGHT="28" WC="0.96" CONTENT="tjänstemän"/><SP WIDTH="17" VPOS="985" HPOS="767"/>
							<String ID="string_288" HPOS="784" VPOS="986" WIDTH="22" HEIGHT="20" WC="0.93" CONTENT="ät"/><SP WIDTH="15" VPOS="986" HPOS="806"/>
							<String ID="string_289" HPOS="821" VPOS="984" WIDTH="129" HEIGHT="29" WC="0.93" CONTENT="godtycket,"/><SP WIDTH="16" VPOS="984" HPOS="950"/>
							<String ID="string_290" HPOS="966" VPOS="986" WIDTH="54" HEIGHT="19" WC="0.97" CONTENT="utan"/>
						</TextLine>
						<TextLine ID="line_29" HPOS="196" VPOS="1013" WIDTH="824" HEIGHT="30">
							<String ID="string_291" HPOS="196" VPOS="1014" WIDTH="120" HEIGHT="28" WC="0.96" CONTENT="meningen"/><SP WIDTH="25" VPOS="1014" HPOS="316"/>
							<String ID="string_292" HPOS="341" VPOS="1017" WIDTH="24" HEIGHT="19" WC="0.94" CONTENT="är"/><SP WIDTH="24" VPOS="1017" HPOS="365"/>
							<String ID="string_293" HPOS="389" VPOS="1016" WIDTH="32" HEIGHT="20" WC="0.96" CONTENT="att"/><SP WIDTH="23" VPOS="1016" HPOS="421"/>
							<String ID="string_294" HPOS="444" VPOS="1015" WIDTH="42" HEIGHT="21" WC="0.93" CONTENT="den"/><SP WIDTH="16" VPOS="1015" HPOS="486"/>
							<String ID="string_295" HPOS="502" VPOS="1015" WIDTH="164" HEIGHT="21" WC="0.95" CONTENT="verkställande"/><SP WIDTH="17" VPOS="1015" HPOS="666"/>
							<String ID="string_296" HPOS="683" VPOS="1014" WIDTH="162" HEIGHT="29" WC="0.96" CONTENT="myndigheten"/><SP WIDTH="16" VPOS="1014" HPOS="845"/>
							<String ID="string_297" HPOS="861" VPOS="1014" WIDTH="56" HEIGHT="22" WC="0.93" CONTENT="skall"/><SP WIDTH="16" VPOS="1014" HPOS="917"/>
							<String ID="string_298" HPOS="933" VPOS="1013" WIDTH="87" HEIGHT="23" WC="0.93" CONTENT="förfara"/>
						</TextLine>
						<TextLine ID="line_30" HPOS="196" VPOS="1044" WIDTH="824" HEIGHT="29">
							<String ID="string_299" HPOS="196" VPOS="1044" WIDTH="71" HEIGHT="28" WC="0.96" CONTENT="enligt"/><SP WIDTH="21" VPOS="1044" HPOS="267"/>
							<String ID="string_300" HPOS="288" VPOS="1044" WIDTH="43" HEIGHT="28" WC="0.93" CONTENT="lag,"/><SP WIDTH="17" VPOS="1044" HPOS="331"/>
							<String ID="string_301" HPOS="348" VPOS="1044" WIDTH="87" HEIGHT="22" WC="0.93" CONTENT="säledes"/><SP WIDTH="16" VPOS="1044" HPOS="435"/>
							<String ID="string_302" HPOS="451" VPOS="1044" WIDTH="56" HEIGHT="22" WC="0.93" CONTENT="efter"/><SP WIDTH="16" VPOS="1044" HPOS="507"/>
							<String ID="string_303" HPOS="523" VPOS="1044" WIDTH="105" HEIGHT="29" WC="0.92" CONTENT="pröfning"/><SP WIDTH="16" VPOS="1044" HPOS="628"/>
							<String ID="string_304" HPOS="644" VPOS="1044" WIDTH="26" HEIGHT="22" WC="0.93" CONTENT="af"/><SP WIDTH="13" VPOS="1044" HPOS="670"/>
							<String ID="string_305" HPOS="683" VPOS="1044" WIDTH="60" HEIGHT="22" WC="0.92" CONTENT="hvad"/><SP WIDTH="15" VPOS="1044" HPOS="743"/>
							<String ID="string_306" HPOS="758" VPOS="1045" WIDTH="39" HEIGHT="27" WC="0.93" CONTENT="lag"/><SP WIDTH="16" VPOS="1045" HPOS="797"/>
							<String ID="string_307" HPOS="813" VPOS="1044" WIDTH="129" HEIGHT="22" WC="0.91" CONTENT="innehäller."/><SP WIDTH="32" VPOS="1044" HPOS="942"/>
							<String ID="string_308" HPOS="974" VPOS="1044" WIDTH="46" HEIGHT="28" WC="0.96" CONTENT="Jag"/>
						</TextLine>
						<TextLine ID="line_31" HPOS="196" VPOS="1074" WIDTH="824" HEIGHT="29">
							<String ID="string_309" HPOS="196" VPOS="1074" WIDTH="40" HEIGHT="21" WC="0.96" CONTENT="har"/><SP WIDTH="20" VPOS="1074" HPOS="236"/>
							<String ID="string_310" HPOS="256" VPOS="1074" WIDTH="57" HEIGHT="28" WC="0.96" CONTENT="tagit"/><SP WIDTH="20" VPOS="1074" HPOS="313"/>
							<String ID="string_311" HPOS="333" VPOS="1074" WIDTH="48" HEIGHT="28" WC="0.93" CONTENT="mig"/><SP WIDTH="15" VPOS="1074" HPOS="381"/>
							<String ID="string_312" HPOS="396" VPOS="1074" WIDTH="96" HEIGHT="22" WC="0.93" CONTENT="friheten"/><SP WIDTH="16" VPOS="1074" HPOS="492"/>
							<String ID="string_313" HPOS="508" VPOS="1076" WIDTH="31" HEIGHT="20" WC="0.96" CONTENT="att"/><SP WIDTH="17" VPOS="1076" HPOS="539"/>
							<String ID="string_314" HPOS="556" VPOS="1076" WIDTH="28" HEIGHT="27" WC="0.93" CONTENT="pä"/><SP WIDTH="16" VPOS="1076" HPOS="584"/>
							<String ID="string_315" HPOS="600" VPOS="1074" WIDTH="159" HEIGHT="29" WC="0.91" CONTENT="förmiddagen"/><SP WIDTH="18" VPOS="1074" HPOS="759"/>
							<String ID="string_316" HPOS="777" VPOS="1074" WIDTH="108" HEIGHT="22" WC="0.92" CONTENT="motivera"/><SP WIDTH="17" VPOS="1074" HPOS="885"/>
							<String ID="string_317" HPOS="902" VPOS="1074" WIDTH="42" HEIGHT="22" WC="0.93" CONTENT="den"/><SP WIDTH="17" VPOS="1074" HPOS="944"/>
							<String ID="string_318" HPOS="961" VPOS="1074" WIDTH="59" HEIGHT="21" WC="0.92" CONTENT="äsik-"/>
						</TextLine>
						<TextLine ID="line_32" HPOS="194" VPOS="1104" WIDTH="826" HEIGHT="29">
							<String ID="string_319" HPOS="194" VPOS="1105" WIDTH="45" HEIGHT="25" WC="0.95" CONTENT="ten,"/><SP WIDTH="24" VPOS="1105" HPOS="239"/>
							<String ID="string_320" HPOS="263" VPOS="1106" WIDTH="32" HEIGHT="19" WC="0.96" CONTENT="att"/><SP WIDTH="24" VPOS="1106" HPOS="295"/>
							<String ID="string_321" HPOS="319" VPOS="1104" WIDTH="36" HEIGHT="22" WC="0.93" CONTENT="det"/><SP WIDTH="24" VPOS="1104" HPOS="355"/>
							<String ID="string_322" HPOS="379" VPOS="1104" WIDTH="83" HEIGHT="29" WC="0.96" CONTENT="riktiga"/><SP WIDTH="23" VPOS="1104" HPOS="462"/>
							<String ID="string_323" HPOS="485" VPOS="1104" WIDTH="37" HEIGHT="22" WC="0.96" CONTENT="vid"/><SP WIDTH="26" VPOS="1104" HPOS="522"/>
							<String ID="string_324" HPOS="548" VPOS="1104" WIDTH="171" HEIGHT="28" WC="0.93" CONTENT="tillämpningen"/><SP WIDTH="24" VPOS="1104" HPOS="719"/>
							<String ID="string_325" HPOS="743" VPOS="1107" WIDTH="32" HEIGHT="23" WC="0.96" CONTENT="är,"/><SP WIDTH="22" VPOS="1107" HPOS="775"/>
							<String ID="string_326" HPOS="797" VPOS="1105" WIDTH="32" HEIGHT="20" WC="0.96" CONTENT="att"/><SP WIDTH="21" VPOS="1105" HPOS="829"/>
							<String ID="string_327" HPOS="850" VPOS="1104" WIDTH="41" HEIGHT="21" WC="0.95" CONTENT="där"/><SP WIDTH="22" VPOS="1104" HPOS="891"/>
							<String ID="string_328" HPOS="913" VPOS="1104" WIDTH="37" HEIGHT="21" WC="0.93" CONTENT="det"/><SP WIDTH="16" VPOS="1104" HPOS="950"/>
							<String ID="string_329" HPOS="966" VPOS="1110" WIDTH="54" HEIGHT="15" WC="0.95" CONTENT="vore"/>
						</TextLine>
						<TextLine ID="line_33" HPOS="194" VPOS="1132" WIDTH="826" HEIGHT="30">
							<String ID="string_330" HPOS="194" VPOS="1132" WIDTH="161" HEIGHT="30" WC="0.92" CONTENT="tvifvelaktigt,"/><SP WIDTH="17" VPOS="1132" HPOS="355"/>
							<String ID="string_331" HPOS="372" VPOS="1134" WIDTH="110" HEIGHT="21" WC="0.96" CONTENT="huruvida"/><SP WIDTH="15" VPOS="1134" HPOS="482"/>
							<String ID="string_332" HPOS="497" VPOS="1141" WIDTH="27" HEIGHT="15" WC="0.93" CONTENT="en"/><SP WIDTH="13" VPOS="1141" HPOS="524"/>
							<String ID="string_333" HPOS="537" VPOS="1134" WIDTH="133" HEIGHT="28" WC="0.96" CONTENT="utnämning"/><SP WIDTH="11" VPOS="1134" HPOS="670"/>
							<String ID="string_334" HPOS="681" VPOS="1137" WIDTH="24" HEIGHT="19" WC="0.93" CONTENT="är"/><SP WIDTH="11" VPOS="1137" HPOS="705"/>
							<String ID="string_335" HPOS="716" VPOS="1134" WIDTH="71" HEIGHT="28" WC="0.96" CONTENT="laglig"/><SP WIDTH="11" VPOS="1134" HPOS="787"/>
							<String ID="string_336" HPOS="798" VPOS="1134" WIDTH="55" HEIGHT="22" WC="0.93" CONTENT="eller"/><SP WIDTH="8" VPOS="1134" HPOS="853"/>
							<String ID="string_337" HPOS="861" VPOS="1134" WIDTH="56" HEIGHT="26" WC="0.93" CONTENT="icke,"/><SP WIDTH="12" VPOS="1134" HPOS="917"/>
							<String ID="string_338" HPOS="929" VPOS="1134" WIDTH="91" HEIGHT="27" WC="0.92" CONTENT="tjänste-"/>
						</TextLine>
						<TextLine ID="line_34" HPOS="195" VPOS="1163" WIDTH="614" HEIGHT="29">
							<String ID="string_339" HPOS="195" VPOS="1170" WIDTH="51" HEIGHT="14" WC="0.96" CONTENT="man"/><SP WIDTH="18" VPOS="1170" HPOS="246"/>
							<String ID="string_340" HPOS="264" VPOS="1163" WIDTH="29" HEIGHT="21" WC="0.92" CONTENT="dä"/><SP WIDTH="16" VPOS="1163" HPOS="293"/>
							<String ID="string_341" HPOS="309" VPOS="1163" WIDTH="49" HEIGHT="22" WC="0.96" CONTENT="icke"/><SP WIDTH="16" VPOS="1163" HPOS="358"/>
							<String ID="string_342" HPOS="374" VPOS="1164" WIDTH="42" HEIGHT="22" WC="0.93" CONTENT="bör"/><SP WIDTH="16" VPOS="1164" HPOS="416"/>
							<String ID="string_343" HPOS="432" VPOS="1164" WIDTH="111" HEIGHT="28" WC="0.57" CONTENT="aflägsnas"/><SP WIDTH="16" VPOS="1164" HPOS="543"/>
							<String ID="string_344" HPOS="559" VPOS="1163" WIDTH="49" HEIGHT="22" WC="0.96" CONTENT="från"/><SP WIDTH="17" VPOS="1163" HPOS="608"/>
							<String ID="string_345" HPOS="625" VPOS="1164" WIDTH="33" HEIGHT="21" WC="0.93" CONTENT="sin"/><SP WIDTH="17" VPOS="1164" HPOS="658"/>
							<String ID="string_346" HPOS="675" VPOS="1163" WIDTH="134" HEIGHT="29" WC="0.95" CONTENT="befattning,"/>
						</TextLine>
					</TextBlock>
					<TextBlock ID="block_3" HPOS="194" VPOS="1192" WIDTH="828" HEIGHT="328">
						<TextLine ID="line_35" HPOS="268" VPOS="1192" WIDTH="752" HEIGHT="30">
							<String ID="string_347" HPOS="268" VPOS="1193" WIDTH="51" HEIGHT="21" WC="0.96" CONTENT="Man"/><SP WIDTH="16" VPOS="1193" HPOS="319"/>
							<String ID="string_348" HPOS="335" VPOS="1194" WIDTH="42" HEIGHT="20" WC="0.92" CONTENT="har"/><SP WIDTH="15" VPOS="1194" HPOS="377"/>
							<String ID="string_349" HPOS="392" VPOS="1195" WIDTH="57" HEIGHT="27" WC="0.96" CONTENT="sagt,"/><SP WIDTH="20" VPOS="1195" HPOS="449"/>
							<String ID="string_350" HPOS="469" VPOS="1196" WIDTH="32" HEIGHT="19" WC="0.96" CONTENT="att"/><SP WIDTH="20" VPOS="1196" HPOS="501"/>
							<String ID="string_351" HPOS="521" VPOS="1200" WIDTH="27" HEIGHT="16" WC="0.96" CONTENT="en"/><SP WIDTH="16" VPOS="1200" HPOS="548"/>
							<String ID="string_352" HPOS="564" VPOS="1195" WIDTH="50" HEIGHT="25" WC="0.93" CONTENT="rätt,"/><SP WIDTH="18" VPOS="1195" HPOS="614"/>
							<String ID="string_353" HPOS="632" VPOS="1194" WIDTH="69" HEIGHT="21" WC="0.96" CONTENT="sådan"/><SP WIDTH="16" VPOS="1194" HPOS="701"/>
							<String ID="string_354" HPOS="717" VPOS="1200" WIDTH="48" HEIGHT="15" WC="0.96" CONTENT="som"/><SP WIDTH="17" VPOS="1200" HPOS="765"/>
							<String ID="string_355" HPOS="782" VPOS="1194" WIDTH="43" HEIGHT="21" WC="0.93" CONTENT="den"/><SP WIDTH="16" VPOS="1194" HPOS="825"/>
							<String ID="string_356" HPOS="841" VPOS="1192" WIDTH="179" HEIGHT="29" WC="0.95" CONTENT="ifrågavarande,"/>
						</TextLine>
						<TextLine ID="line_36" HPOS="195" VPOS="1222" WIDTH="825" HEIGHT="27">
							<String ID="string_357" HPOS="195" VPOS="1222" WIDTH="51" HEIGHT="22" WC="0.96" CONTENT="icke"/><SP WIDTH="16" VPOS="1222" HPOS="246"/>
							<String ID="string_358" HPOS="262" VPOS="1222" WIDTH="44" HEIGHT="22" WC="0.92" CONTENT="kan"/><SP WIDTH="17" VPOS="1222" HPOS="306"/>
							<String ID="string_359" HPOS="323" VPOS="1222" WIDTH="151" HEIGHT="23" WC="0.66" CONTENT="ofverlämnas"/><SP WIDTH="15" VPOS="1222" HPOS="474"/>
							<String ID="string_360" HPOS="489" VPOS="1224" WIDTH="22" HEIGHT="22" WC="0.95" CONTENT="ät"/><SP WIDTH="15" VPOS="1224" HPOS="511"/>
							<String ID="string_361" HPOS="526" VPOS="1225" WIDTH="40" HEIGHT="20" WC="0.96" CONTENT="vär"/><SP WIDTH="16" VPOS="1225" HPOS="566"/>
							<String ID="string_362" HPOS="582" VPOS="1224" WIDTH="129" HEIGHT="21" WC="0.93" CONTENT="nuvarande"/><SP WIDTH="16" VPOS="1224" HPOS="711"/>
							<String ID="string_363" HPOS="727" VPOS="1224" WIDTH="70" HEIGHT="25" WC="0.96" CONTENT="senat,"/><SP WIDTH="18" VPOS="1224" HPOS="797"/>
							<String ID="string_364" HPOS="815" VPOS="1223" WIDTH="41" HEIGHT="21" WC="0.96" CONTENT="och"/><SP WIDTH="12" VPOS="1223" HPOS="856"/>
							<String ID="string_365" HPOS="868" VPOS="1230" WIDTH="51" HEIGHT="14" WC="0.96" CONTENT="man"/><SP WIDTH="11" VPOS="1230" HPOS="919"/>
							<String ID="string_366" HPOS="930" VPOS="1223" WIDTH="41" HEIGHT="21" WC="0.93" CONTENT="har"/><SP WIDTH="11" VPOS="1223" HPOS="971"/>
							<String ID="string_367" HPOS="982" VPOS="1230" WIDTH="38" HEIGHT="14" WC="0.93" CONTENT="an-"/>
						</TextLine>
						<TextLine ID="line_37" HPOS="195" VPOS="1251" WIDTH="826" HEIGHT="29">
							<String ID="string_368" HPOS="195" VPOS="1251" WIDTH="51" HEIGHT="23" WC="0.88" CONTENT="fört"/><SP WIDTH="23" VPOS="1251" HPOS="246"/>
							<String ID="string_369" HPOS="269" VPOS="1252" WIDTH="68" HEIGHT="27" WC="0.96" CONTENT="fakta,"/><SP WIDTH="24" VPOS="1252" HPOS="337"/>
							<String ID="string_370" HPOS="361" VPOS="1260" WIDTH="47" HEIGHT="15" WC="0.96" CONTENT="som"/><SP WIDTH="24" VPOS="1260" HPOS="408"/>
							<String ID="string_371" HPOS="432" VPOS="1253" WIDTH="70" HEIGHT="22" WC="0.93" CONTENT="skulle"/><SP WIDTH="23" VPOS="1253" HPOS="502"/>
							<String ID="string_372" HPOS="525" VPOS="1253" WIDTH="78" HEIGHT="22" WC="0.92" CONTENT="bevisa"/><SP WIDTH="23" VPOS="1253" HPOS="603"/>
							<String ID="string_373" HPOS="626" VPOS="1255" WIDTH="32" HEIGHT="20" WC="0.96" CONTENT="att"/><SP WIDTH="20" VPOS="1255" HPOS="658"/>
							<String ID="string_374" HPOS="678" VPOS="1253" WIDTH="75" HEIGHT="22" WC="0.93" CONTENT="denna"/><SP WIDTH="20" VPOS="1253" HPOS="753"/>
							<String ID="string_375" HPOS="773" VPOS="1254" WIDTH="69" HEIGHT="26" WC="0.92" CONTENT="senat,"/><SP WIDTH="16" VPOS="1254" HPOS="842"/>
							<String ID="string_376" HPOS="858" VPOS="1254" WIDTH="15" HEIGHT="20" WC="0.93" CONTENT="t."/><SP WIDTH="17" VPOS="1254" HPOS="873"/>
							<String ID="string_377" HPOS="890" VPOS="1259" WIDTH="20" HEIGHT="15" WC="0.93" CONTENT="o."/><SP WIDTH="17" VPOS="1259" HPOS="910"/>
							<String ID="string_378" HPOS="927" VPOS="1260" WIDTH="28" HEIGHT="14" WC="0.93" CONTENT="m."/><SP WIDTH="17" VPOS="1260" HPOS="955"/>
							<String ID="string_379" HPOS="972" VPOS="1253" WIDTH="49" HEIGHT="21" WC="0.91" CONTENT="värt"/>
						</TextLine>
						<TextLine ID="line_38" HPOS="195" VPOS="1282" WIDTH="827" HEIGHT="30">
							<String ID="string_380" HPOS="195" VPOS="1282" WIDTH="66" HEIGHT="21" WC="0.95" CONTENT="lands"/><SP WIDTH="16" VPOS="1282" HPOS="261"/>
							<String ID="string_381" HPOS="277" VPOS="1283" WIDTH="80" HEIGHT="28" WC="0.96" CONTENT="högsta"/><SP WIDTH="16" VPOS="1283" HPOS="357"/>
							<String ID="string_382" HPOS="373" VPOS="1283" WIDTH="102" HEIGHT="26" WC="0.96" CONTENT="domstol,"/><SP WIDTH="17" VPOS="1283" HPOS="475"/>
							<String ID="string_383" HPOS="492" VPOS="1286" WIDTH="24" HEIGHT="19" WC="0.96" CONTENT="är"/><SP WIDTH="16" VPOS="1286" HPOS="516"/>
							<String ID="string_384" HPOS="532" VPOS="1283" WIDTH="90" HEIGHT="28" WC="0.94" CONTENT="partisk."/><SP WIDTH="16" VPOS="1283" HPOS="622"/>
							<String ID="string_385" HPOS="638" VPOS="1283" WIDTH="46" HEIGHT="29" WC="0.96" CONTENT="Jag"/><SP WIDTH="15" VPOS="1283" HPOS="684"/>
							<String ID="string_386" HPOS="699" VPOS="1284" WIDTH="41" HEIGHT="21" WC="0.93" CONTENT="har"/><SP WIDTH="15" VPOS="1284" HPOS="740"/>
							<String ID="string_387" HPOS="755" VPOS="1283" WIDTH="50" HEIGHT="22" WC="0.96" CONTENT="icke"/><SP WIDTH="16" VPOS="1283" HPOS="805"/>
							<String ID="string_388" HPOS="821" VPOS="1282" WIDTH="53" HEIGHT="28" WC="0.96" CONTENT="följt"/><SP WIDTH="15" VPOS="1282" HPOS="874"/>
							<String ID="string_389" HPOS="889" VPOS="1283" WIDTH="50" HEIGHT="22" WC="0.96" CONTENT="med"/><SP WIDTH="18" VPOS="1283" HPOS="939"/>
							<String ID="string_390" HPOS="957" VPOS="1283" WIDTH="65" HEIGHT="20" WC="0.96" CONTENT="dessa"/>
						</TextLine>
						<TextLine ID="line_39" HPOS="196" VPOS="1312" WIDTH="825" HEIGHT="29">
							<String ID="string_391" HPOS="196" VPOS="1312" WIDTH="159" HEIGHT="22" WC="0.92" CONTENT="förhällanden"/><SP WIDTH="24" VPOS="1312" HPOS="355"/>
							<String ID="string_392" HPOS="379" VPOS="1314" WIDTH="26" HEIGHT="20" WC="0.93" CONTENT="sä"/><SP WIDTH="21" VPOS="1314" HPOS="405"/>
							<String ID="string_393" HPOS="426" VPOS="1320" WIDTH="66" HEIGHT="21" WC="0.92" CONTENT="noga,"/><SP WIDTH="24" VPOS="1320" HPOS="492"/>
							<String ID="string_394" HPOS="516" VPOS="1315" WIDTH="32" HEIGHT="20" WC="0.95" CONTENT="att"/><SP WIDTH="16" VPOS="1315" HPOS="548"/>
							<String ID="string_395" HPOS="564" VPOS="1313" WIDTH="41" HEIGHT="28" WC="0.96" CONTENT="jag"/><SP WIDTH="15" VPOS="1313" HPOS="605"/>
							<String ID="string_396" HPOS="620" VPOS="1313" WIDTH="71" HEIGHT="22" WC="0.96" CONTENT="skulle"/><SP WIDTH="16" VPOS="1313" HPOS="691"/>
							<String ID="string_397" HPOS="707" VPOS="1313" WIDTH="76" HEIGHT="22" WC="0.93" CONTENT="kunna"/><SP WIDTH="16" VPOS="1313" HPOS="783"/>
							<String ID="string_398" HPOS="799" VPOS="1313" WIDTH="91" HEIGHT="21" WC="0.91" CONTENT="bemöta"/><SP WIDTH="16" VPOS="1313" HPOS="890"/>
							<String ID="string_399" HPOS="906" VPOS="1312" WIDTH="44" HEIGHT="21" WC="0.93" CONTENT="alla"/><SP WIDTH="16" VPOS="1312" HPOS="950"/>
							<String ID="string_400" HPOS="966" VPOS="1313" WIDTH="55" HEIGHT="20" WC="0.93" CONTENT="utta-"/>
						</TextLine>
						<TextLine ID="line_40" HPOS="195" VPOS="1341" WIDTH="827" HEIGHT="30">
							<String ID="string_401" HPOS="195" VPOS="1341" WIDTH="82" HEIGHT="22" WC="0.89" CONTENT="landen"/><SP WIDTH="23" VPOS="1341" HPOS="277"/>
							<String ID="string_402" HPOS="300" VPOS="1342" WIDTH="85" HEIGHT="28" WC="0.89" CONTENT="härom,"/><SP WIDTH="25" VPOS="1342" HPOS="385"/>
							<String ID="string_403" HPOS="410" VPOS="1350" WIDTH="52" HEIGHT="15" WC="0.96" CONTENT="men"/><SP WIDTH="23" VPOS="1350" HPOS="462"/>
							<String ID="string_404" HPOS="485" VPOS="1344" WIDTH="31" HEIGHT="21" WC="0.96" CONTENT="ett"/><SP WIDTH="23" VPOS="1344" HPOS="516"/>
							<String ID="string_405" HPOS="539" VPOS="1350" WIDTH="41" HEIGHT="21" WC="0.96" CONTENT="par"/><SP WIDTH="20" VPOS="1350" HPOS="580"/>
							<String ID="string_406" HPOS="600" VPOS="1343" WIDTH="71" HEIGHT="22" WC="0.96" CONTENT="skulle"/><SP WIDTH="19" VPOS="1343" HPOS="671"/>
							<String ID="string_407" HPOS="690" VPOS="1344" WIDTH="41" HEIGHT="27" WC="0.93" CONTENT="jag"/><SP WIDTH="25" VPOS="1344" HPOS="731"/>
							<String ID="string_408" HPOS="756" VPOS="1343" WIDTH="134" HEIGHT="21" WC="0.91" CONTENT="ätminstone"/><SP WIDTH="17" VPOS="1343" HPOS="890"/>
							<String ID="string_409" HPOS="907" VPOS="1343" WIDTH="27" HEIGHT="21" WC="0.96" CONTENT="be"/><SP WIDTH="17" VPOS="1343" HPOS="934"/>
							<String ID="string_410" HPOS="951" VPOS="1343" WIDTH="31" HEIGHT="20" WC="0.93" CONTENT="att"/><SP WIDTH="16" VPOS="1343" HPOS="982"/>
							<String ID="string_411" HPOS="998" VPOS="1341" WIDTH="24" HEIGHT="21" WC="0.91" CONTENT="fä"/>
						</TextLine>
						<TextLine ID="line_41" HPOS="194" VPOS="1371" WIDTH="826" HEIGHT="30">
							<String ID="string_412" HPOS="194" VPOS="1371" WIDTH="85" HEIGHT="28" WC="0.91" CONTENT="belysa."/><SP WIDTH="17" VPOS="1371" HPOS="279"/>
							<String ID="string_413" HPOS="296" VPOS="1371" WIDTH="45" HEIGHT="23" WC="0.96" CONTENT="Det"/><SP WIDTH="14" VPOS="1371" HPOS="341"/>
							<String ID="string_414" HPOS="355" VPOS="1373" WIDTH="42" HEIGHT="20" WC="0.93" CONTENT="har"/><SP WIDTH="15" VPOS="1373" HPOS="397"/>
							<String ID="string_415" HPOS="412" VPOS="1374" WIDTH="68" HEIGHT="27" WC="0.92" CONTENT="sagts,"/><SP WIDTH="16" VPOS="1374" HPOS="480"/>
							<String ID="string_416" HPOS="496" VPOS="1374" WIDTH="32" HEIGHT="20" WC="0.96" CONTENT="att"/><SP WIDTH="16" VPOS="1374" HPOS="528"/>
							<String ID="string_417" HPOS="544" VPOS="1373" WIDTH="29" HEIGHT="21" WC="0.93" CONTENT="dä"/><SP WIDTH="15" VPOS="1373" HPOS="573"/>
							<String ID="string_418" HPOS="588" VPOS="1374" WIDTH="91" HEIGHT="20" WC="0.92" CONTENT="senaten"/><SP WIDTH="17" VPOS="1374" HPOS="679"/>
							<String ID="string_419" HPOS="696" VPOS="1373" WIDTH="51" HEIGHT="21" WC="0.89" CONTENT="icke"/><SP WIDTH="17" VPOS="1373" HPOS="747"/>
							<String ID="string_420" HPOS="764" VPOS="1372" WIDTH="64" HEIGHT="21" WC="0.92" CONTENT="älade"/><SP WIDTH="19" VPOS="1372" HPOS="828"/>
							<String ID="string_421" HPOS="847" VPOS="1373" WIDTH="71" HEIGHT="27" WC="0.93" CONTENT="nägra"/><SP WIDTH="10" VPOS="1373" HPOS="918"/>
							<String ID="string_422" HPOS="928" VPOS="1371" WIDTH="92" HEIGHT="22" WC="0.92" CONTENT="härads-"/>
						</TextLine>
						<TextLine ID="line_42" HPOS="194" VPOS="1396" WIDTH="826" HEIGHT="35">
							<String ID="string_423" HPOS="194" VPOS="1401" WIDTH="121" HEIGHT="29" WC="0.87" CONTENT="höfdingar"/><SP WIDTH="16" VPOS="1401" HPOS="315"/>
							<String ID="string_424" HPOS="331" VPOS="1403" WIDTH="31" HEIGHT="20" WC="0.93" CONTENT="att"/><SP WIDTH="17" VPOS="1403" HPOS="362"/>
							<String ID="string_425" HPOS="379" VPOS="1404" WIDTH="101" HEIGHT="27" WC="0.92" CONTENT="mottaga"/><SP WIDTH="16" VPOS="1404" HPOS="480"/>
							<String ID="string_426" HPOS="496" VPOS="1402" WIDTH="130" HEIGHT="28" WC="0.92" CONTENT="adjunktion"/><SP WIDTH="16" VPOS="1402" HPOS="626"/>
							<String ID="string_427" HPOS="642" VPOS="1403" WIDTH="7" HEIGHT="20" WC="0.93" CONTENT="i"/><SP WIDTH="16" VPOS="1403" HPOS="649"/>
							<String ID="string_428" HPOS="665" VPOS="1396" WIDTH="50" HEIGHT="28" WC="0.88" CONTENT="Äbo"/><SP WIDTH="16" VPOS="1396" HPOS="715"/>
							<String ID="string_429" HPOS="731" VPOS="1401" WIDTH="92" HEIGHT="27" WC="0.92" CONTENT="hofrätt,"/><SP WIDTH="12" VPOS="1401" HPOS="823"/>
							<String ID="string_430" HPOS="835" VPOS="1403" WIDTH="92" HEIGHT="20" WC="0.92" CONTENT="senaten"/><SP WIDTH="11" VPOS="1403" HPOS="927"/>
							<String ID="string_431" HPOS="938" VPOS="1407" WIDTH="82" HEIGHT="22" WC="0.97" CONTENT="genom"/>
						</TextLine>
						<TextLine ID="line_43" HPOS="195" VPOS="1431" WIDTH="827" HEIGHT="30">
							<String ID="string_432" HPOS="195" VPOS="1432" WIDTH="32" HEIGHT="20" WC="0.86" CONTENT="att"/><SP WIDTH="24" VPOS="1432" HPOS="227"/>
							<String ID="string_433" HPOS="251" VPOS="1431" WIDTH="100" HEIGHT="22" WC="0.86" CONTENT="infordra"/><SP WIDTH="24" VPOS="1431" HPOS="351"/>
							<String ID="string_434" HPOS="375" VPOS="1432" WIDTH="65" HEIGHT="21" WC="0.93" CONTENT="deras"/><SP WIDTH="16" VPOS="1432" HPOS="440"/>
							<String ID="string_435" HPOS="456" VPOS="1431" WIDTH="153" HEIGHT="30" WC="0.96" CONTENT="förklaringar"/><SP WIDTH="15" VPOS="1431" HPOS="609"/>
							<String ID="string_436" HPOS="624" VPOS="1431" WIDTH="42" HEIGHT="30" WC="0.96" CONTENT="gaf"/><SP WIDTH="14" VPOS="1431" HPOS="666"/>
							<String ID="string_437" HPOS="680" VPOS="1432" WIDTH="50" HEIGHT="22" WC="0.96" CONTENT="dem"/><SP WIDTH="18" VPOS="1432" HPOS="730"/>
							<String ID="string_438" HPOS="748" VPOS="1439" WIDTH="28" HEIGHT="14" WC="0.93" CONTENT="en"/><SP WIDTH="16" VPOS="1439" HPOS="776"/>
							<String ID="string_439" HPOS="792" VPOS="1432" WIDTH="56" HEIGHT="21" WC="0.96" CONTENT="invit"/><SP WIDTH="17" VPOS="1432" HPOS="848"/>
							<String ID="string_440" HPOS="865" VPOS="1433" WIDTH="32" HEIGHT="20" WC="0.93" CONTENT="att"/><SP WIDTH="16" VPOS="1433" HPOS="897"/>
							<String ID="string_441" HPOS="913" VPOS="1433" WIDTH="58" HEIGHT="20" WC="0.96" CONTENT="sätta"/><SP WIDTH="15" VPOS="1433" HPOS="971"/>
							<String ID="string_442" HPOS="986" VPOS="1431" WIDTH="36" HEIGHT="28" WC="0.96" CONTENT="sig"/>
						</TextLine>
						<TextLine ID="line_44" HPOS="194" VPOS="1461" WIDTH="827" HEIGHT="30">
							<String ID="string_443" HPOS="194" VPOS="1461" WIDTH="29" HEIGHT="28" WC="0.93" CONTENT="pä"/><SP WIDTH="23" VPOS="1461" HPOS="223"/>
							<String ID="string_444" HPOS="246" VPOS="1462" WIDTH="86" HEIGHT="25" WC="0.95" CONTENT="tvären,"/><SP WIDTH="25" VPOS="1462" HPOS="332"/>
							<String ID="string_445" HPOS="357" VPOS="1461" WIDTH="55" HEIGHT="22" WC="0.96" CONTENT="eller"/><SP WIDTH="22" VPOS="1461" HPOS="412"/>
							<String ID="string_446" HPOS="434" VPOS="1463" WIDTH="32" HEIGHT="20" WC="0.93" CONTENT="att"/><SP WIDTH="16" VPOS="1463" HPOS="466"/>
							<String ID="string_447" HPOS="482" VPOS="1464" WIDTH="102" HEIGHT="20" WC="0.96" CONTENT="senatens"/><SP WIDTH="17" VPOS="1464" HPOS="584"/>
							<String ID="string_448" HPOS="601" VPOS="1462" WIDTH="79" HEIGHT="29" WC="0.96" CONTENT="åtgärd"/><SP WIDTH="16" VPOS="1462" HPOS="680"/>
							<String ID="string_449" HPOS="696" VPOS="1464" WIDTH="33" HEIGHT="19" WC="0.93" CONTENT="att"/><SP WIDTH="16" VPOS="1464" HPOS="729"/>
							<String ID="string_450" HPOS="745" VPOS="1462" WIDTH="56" HEIGHT="21" WC="0.96" CONTENT="höra"/><SP WIDTH="16" VPOS="1462" HPOS="801"/>
							<String ID="string_451" HPOS="817" VPOS="1461" WIDTH="50" HEIGHT="22" WC="0.93" CONTENT="dem"/><SP WIDTH="16" VPOS="1461" HPOS="867"/>
							<String ID="string_452" HPOS="883" VPOS="1461" WIDTH="95" HEIGHT="22" WC="0.96" CONTENT="innebar"/><SP WIDTH="16" VPOS="1461" HPOS="978"/>
							<String ID="string_453" HPOS="994" VPOS="1467" WIDTH="27" HEIGHT="15" WC="0.96" CONTENT="en"/>
						</TextLine>
						<TextLine ID="line_45" HPOS="195" VPOS="1490" WIDTH="827" HEIGHT="30">
							<String ID="string_454" HPOS="195" VPOS="1490" WIDTH="63" HEIGHT="23" WC="0.89" CONTENT="invit."/><SP WIDTH="19" VPOS="1490" HPOS="258"/>
							<String ID="string_455" HPOS="277" VPOS="1491" WIDTH="143" HEIGHT="28" WC="0.75" CONTENT="Tillgången."/><SP WIDTH="10" VPOS="1491" HPOS="420"/>
							<String ID="string_456" HPOS="430" VPOS="1491" WIDTH="84" HEIGHT="22" WC="0.90" CONTENT="känner"/><SP WIDTH="13" VPOS="1491" HPOS="514"/>
							<String ID="string_457" HPOS="527" VPOS="1492" WIDTH="41" HEIGHT="28" WC="0.93" CONTENT="jag"/><SP WIDTH="15" VPOS="1492" HPOS="568"/>
							<String ID="string_458" HPOS="583" VPOS="1491" WIDTH="50" HEIGHT="22" WC="0.96" CONTENT="icke"/><SP WIDTH="16" VPOS="1491" HPOS="633"/>
							<String ID="string_459" HPOS="649" VPOS="1495" WIDTH="111" HEIGHT="18" WC="0.96" CONTENT="närmare."/><SP WIDTH="17" VPOS="1495" HPOS="760"/>
							<String ID="string_460" HPOS="777" VPOS="1491" WIDTH="51" HEIGHT="22" WC="0.96" CONTENT="Men"/><SP WIDTH="17" VPOS="1491" HPOS="828"/>
							<String ID="string_461" HPOS="845" VPOS="1497" WIDTH="46" HEIGHT="22" WC="0.93" CONTENT="nog"/><SP WIDTH="10" VPOS="1497" HPOS="891"/>
							<String ID="string_462" HPOS="901" VPOS="1492" WIDTH="71" HEIGHT="21" WC="0.95" CONTENT="måste"/><SP WIDTH="9" VPOS="1492" HPOS="972"/>
							<String ID="string_463" HPOS="981" VPOS="1491" WIDTH="41" HEIGHT="27" WC="0.96" CONTENT="jag"/>
						</TextLine>
					</TextBlock>
				</ComposedBlock>
			</PrintSpace>
		</Page>
	</Layout>
</alto>
