1075 1750
360 102 203 32 Painovapauslaista.
827 106 41 20 801

48 168 40 20 där
104 166 227 28 tidningsutgitvaren
349 166 41 21 och
407 166 51 26 den,
474 172 47 14 som
538 165 111 21 inlämnar
659 165 151 26 bemötandet,
822 166 49 20 icke

48 197 75 21 kunna
139 196 90 21 komma
245 195 109 22 öfverens.
371 195 45 21 Det
432 198 26 18 är
473 195 176 26 bestämmelser,
665 202 46 14 som
730 198 38 18 äro
780 195 91 21 afsedda

49 228 32 20 att
104 226 115 21 användas
242 226 7 20 i
272 224 167 29 undantagsfall
462 224 39 22 för
524 226 32 20 att
580 224 86 28 skydda
687 226 45 20 mot
754 225 116 25 missbruk,

49 263 51 15 men
124 256 83 20 sådana
231 255 147 28 stadganden,
394 261 48 15 som
459 258 38 18 äro
514 254 92 22 afsedda
622 256 31 19 att
670 255 7 20 i
697 254 83 22 nödfall
798 255 74 21 kunna

49 285 127 28 förebygga
200 285 109 21 missbruk
330 284 50 22 från
402 285 43 21 den
464 291 42 15 ena
525 284 54 22 eller
595 284 70 21 andra
681 284 70 27 sidan,
768 288 38 18 äro
823 285 49 21 icke

50 315 145 28 stadganden,
211 321 48 15 som
275 317 38 19 äro
330 314 92 22 afsedda
438 316 32 20 att
485 314 112 28 tillämpas
613 314 7 21 i
637 314 85 28 dagligt
733 314 63 22 bruk.
813 314 59 22 Van-

50 345 75 29 ligtvis
141 345 90 21 komma
245 344 228 28 tidningsutgifvaren
490 344 41 22 och
548 344 49 27 den,
614 350 47 15 som
678 344 110 22 inlämnar
798 345 74 21 bemö-

50 375 84 25 tandet,
156 374 109 26 öfverens,
283 374 42 22 och
342 374 37 21 det
395 377 25 18 är
434 374 24 27 ju
475 374 119 28 själffallet,
611 375 32 20 att
663 374 2 20 i
682 375 83 27 många
780 374 39 22 fall
836 374 36 22 be-

52 404 114 22 mötandet
188 404 43 21 blir
255 404 79 28 längre
357 406 29 19 än
410 405 130 27 angreppet,
565 406 52 19 utan
640 405 31 19 att
693 404 37 21 det
750 404 123 22 kommer
858 400 18 36 i

51 434 70 28 fråga,
147 435 31 20 att
201 433 228 28 tidningsutgifvaren
450 434 70 21 skulle
542 434 68 27 lägga
630 433 79 21 hinder
726 434 6 20 i
748 437 72 25 vägen
838 433 36 22 för

52 463 135 22 införandet.
220 463 44 22 Det
286 466 25 18 är
334 463 78 22 endast
436 466 41 18 när
500 463 110 21 missbruk
631 462 49 22 från
703 463 42 22 den
762 470 42 15 ena
820 464 54 21 eller

52 493 70 22 andra
146 493 63 21 sidan
230 493 65 21 söker
317 496 55 25 göra
393 493 35 28 sig
444 493 111 28 gällande,
572 500 46 14 som
636 493 60 21 detta
712 493 162 28 lagstadgande

52 524 102 21 kommer
169 523 7 21 i
192 523 70 28 fråga.
280 522 47 22 Och
342 523 40 28 jag
399 523 44 21 kan
460 523 49 21 icke
525 522 62 22 finna
603 524 68 20 annat
687 525 27 18 än
731 525 32 19 att
774 525 29 26 pä
814 523 60 22 detta

52 553 168 28 svärreglerade
244 553 91 21 omräde
358 552 158 29 lagutskottets
539 552 85 29 förslag
647 553 6 20 i
675 553 125 28 möjligaste
823 554 51 20 män

52 583 131 28 tillgodoser
204 583 43 26 det,
270 590 47 14 som
334 583 92 21 därmed
443 582 90 28 äsyftas,
551 583 20 21 d.
588 590 20 14 v.
626 590 15 14 s.
659 584 31 20 ati
707 583 86 27 skydda
809 583 65 21 hvar-

54 613 63 22 deras
137 614 44 20 rätt
202 613 40 21 och
259 612 142 22 förekomma
417 613 110 21 missbruk
544 612 49 22 frän
609 613 121 21 hvarderas
746 613 53 21 sida.
831 613 45 28 Jag

54 643 39 21 ber
110 642 77 22 därför
204 644 31 20 att
251 642 23 22 få
289 642 112 28 tillstyrka
416 642 165 28 godkännande
598 642 25 22 af
635 642 157 22 betänkandet.

127 702 45 21 Hra
188 703 14 21 J.
219 703 20 21 A.
258 703 63 21 Roos:
345 702 45 28 Jag
406 704 52 24 tror,
476 704 32 19 att
519 702 50 25 den,
581 709 47 14 som
640 701 52 29 följt
705 702 51 22 med
768 702 106 28 tidnings-

55 739 97 21 pressen,
174 732 45 21 helt
241 732 74 21 säkert
331 731 66 29 gifvit
413 732 39 21 akt
468 732 76 28 därpä,
561 733 32 20 att
609 732 147 28 pressmälens
773 732 60 21 antal
850 732 26 21 de

54 764 88 20 senaste
158 762 87 21 tiderna
260 762 112 28 betydligt
388 762 70 21 ökats.
477 762 100 22 Orsaken
595 762 73 21 därtill
684 762 44 21 kan
744 762 37 21 väl
793 761 84 22 kanske

55 792 62 28 ligga
134 792 53 26 däri,
205 793 32 19 att
253 792 150 21 allmänheten
421 792 97 27 tidigare
534 791 47 21 haft
597 793 55 20 stort
668 791 94 29 fördrag
774 792 49 20 med
834 791 42 21 tid-

56 822 157 28 ningspressen
237 820 84 28 därför,
344 823 32 19 att
400 822 43 21 den
465 822 57 20 varit
542 822 149 20 underkastad
714 828 26 15 en
758 821 120 28 obehaglig

56 858 86 20 censur,
158 852 41 20 och
216 850 77 22 därför
310 850 47 22 haft
368 852 90 27 mycket
470 851 93 28 fördrag
575 851 50 21 med
636 851 124 28 tidningars
772 858 106 21 angrepp,

57 888 47 14 som
127 881 21 21 vi
165 881 84 21 kanske
265 881 50 21 icke
332 888 92 14 numera
440 881 53 21 tåla.
524 881 51 21 Men
591 881 47 21 helt
654 881 74 21 säkert
744 884 25 18 är
784 881 94 21 orsaken

57 911 75 21 därtill
148 910 65 22 äfven
230 911 49 25 den,
297 912 31 20 att
344 911 203 28 tidningspressens
563 910 66 22 anfall
647 912 29 27 på
692 918 105 21 personer
812 910 67 22 också

58 941 70 27 ökats,
150 941 42 21 och
213 940 43 22 kan
277 948 51 14 man
345 943 89 25 antaga,
452 942 32 20 att
500 941 136 27 pressmålen
654 941 120 27 ingalunda
790 941 90 21 komma

58 972 31 20 att
114 970 76 28 aftaga
208 972 53 19 utan
283 972 103 24 tvärtom,
403 971 95 27 sorgligt
514 977 51 21 nog,
583 972 31 19 att
630 970 93 28 tilltaga.
756 970 43 22 Det
816 970 64 28 tyder

58 1000 86 22 således
160 1001 35 27 på,
212 1002 31 19 att
260 1007 130 21 angreppen
406 1000 72 22 skulle
494 1000 69 22 blifva
579 1000 112 22 talrikare.
710 1000 35 21 Då
761 1007 66 20 synes
844 1000 36 21 det

60 1030 46 28 mig
129 1030 114 28 naturligt,
268 1032 31 19 att
317 1030 49 27 den,
384 1037 46 14 som
448 1031 111 27 angripes,
577 1031 28 27 på
621 1031 36 21 det
673 1030 64 21 bästa
753 1032 43 19 sätt
812 1029 68 28 skyd-

59 1060 39 21 das
121 1059 25 21 af
165 1060 78 28 lagen;
265 1060 41 21 och
328 1060 6 21 i
351 1060 66 21 afsikt
434 1062 32 19 att
483 1060 86 28 skydda
586 1060 42 21 den
645 1059 155 29 förolämpade
816 1066 65 14 anser

58 1090 40 28 jag
121 1091 32 19 att
176 1090 81 20 honom
281 1090 41 21 bör
342 1089 126 29 medgifvas
491 1090 106 28 rättighet
614 1091 32 19 att
662 1090 133 21 åtminstone
812 1088 22 22 få
849 1091 32 19 ut-

60 1126 86 21 rymme
168 1121 33 19 att
221 1119 103 21 försvara
340 1120 40 27 sig.
413 1119 86 22 Därför
515 1120 40 21 ber
568 1120 41 27 jag
624 1120 32 20 att
672 1121 28 26 på
717 1120 36 21 det
770 1120 111 20 varmaste

60 1148 23 23 få
108 1149 137 22 understöda
268 1149 112 28 protessor
404 1149 132 29 Rosenqvist
559 1149 138 22 beträffande
720 1150 37 21 det
781 1150 54 20 mått
860 1149 22 20 at

60 1179 58 28 plats
138 1180 6 20 i
161 1179 128 28 tidningens
305 1179 90 28 spalter,
412 1186 46 15 som
475 1180 44 21 han
536 1180 101 27 påyrkat.
662 1179 41 22 Om
720 1182 96 25 gränsen
832 1179 50 21 icke

62 1212 43 18 kan
121 1209 86 21 lämnas
223 1209 114 21 obestämd
354 1211 53 19 utan
423 1209 70 22 måste
510 1209 142 26 bestämmas,
663 1211 25 19 så
698 1209 41 21 bör
749 1209 133 22 åtminstone

61 1241 32 19 ett
116 1239 91 21 dubbelt
228 1241 78 25 större,
328 1246 34 14 om
385 1239 50 21 icke
456 1241 34 19 tre
506 1240 86 27 gånger
608 1241 69 19 större
694 1246 47 14 rum
758 1239 86 20 lämnas
861 1239 22 20 åt

62 1269 43 21 den
121 1269 115 27 angripne.
253 1268 44 29 Jag
313 1267 97 23 föreslår
422 1268 85 28 därför,
520 1271 31 19 att
563 1268 132 29 paragrafen
709 1269 174 21 återremitteras

61 1298 34 20 till
119 1298 106 21 utskottet
249 1298 37 21 för
309 1300 32 19 att
365 1299 152 27 omredigeras
539 1299 6 20 i
566 1299 37 20 det
619 1298 64 28 syfte,
701 1300 31 19 att
748 1300 70 19 större
835 1305 48 13 rum

62 1328 114 21 lämnades
193 1328 22 20 åt
231 1328 43 21 den
291 1328 109 28 angripne
416 1330 32 19 att
464 1327 103 22 försvara
583 1328 40 28 sig.

134 1386 47 22 Hra
202 1387 20 21 K.
246 1388 19 20 A.
284 1387 138 22 Schroderus:
455 1387 130 21 Lukiessani
601 1388 46 20 tätä
662 1387 150 21 valiokunnau
828 1386 56 21 laki-

64 1416 116 22 ehdotusta
203 1416 71 22 tuntui
299 1417 103 27 minusta,
426 1418 45 20 että
491 1419 60 19 tämä
575 1417 82 27 pykälä
673 1424 28 14 on
718 1417 72 21 vallan
807 1416 79 21 tärkeä

64 1453 38 15 osa
117 1448 46 19 tätä
175 1446 129 22 ehdotettua
316 1448 105 25 asetusta,
433 1447 24 27 ja
468 1447 56 21 tulin
536 1447 71 21 siihen
617 1447 180 21 vakaumukseen
809 1447 76 20 tämän

64 1476 98 28 pykälän
184 1476 100 26 suhteen,
306 1478 46 19 että
368 1483 23 15 se
408 1483 28 15 on
453 1476 70 28 hyvin
538 1476 70 28 tehty.
640 1476 148 22 Keskustelun
804 1475 82 21 aikana

792 1517 22 17 51
