1089 1750
257 92 139 18 Eduskunnan
408 92 109 18 uudestaan
528 92 168 23 järjestämisestä.
850 91 44 22 599

66 152 50 22 sina
138 151 147 23 kandidater..
307 151 52 22 Man
383 151 44 22 kan
447 151 131 28 visserligen
594 154 62 25 säga,
673 152 31 20 att
721 151 56 21 blott
793 151 97 22 valkret-

66 188 67 15 sarna
150 181 48 21 icke
214 184 65 25 göras
296 181 80 22 alltför
392 182 55 26 små,
463 182 25 20 sä
504 181 57 21 skall
577 181 222 28 proportionaliteten
816 181 56 21 dock
887 181 6 21 i

68 211 45 22 viss
136 212 51 20 män
207 211 75 21 kunna
297 214 57 26 göra
373 211 36 28 sig
425 210 105 29 gällande
546 210 67 22 äfven
629 211 7 21 i
653 211 64 21 dessa
733 211 86 21 mindre
836 210 57 22 kret-

66 248 49 19 sar,
136 247 49 15 men
209 240 66 23 också
297 241 90 21 relativt
411 242 60 20 stora
495 241 138 21 minoriteter
649 240 63 22 skola
727 240 66 22 äfven
810 247 81 21 genom

67 277 28 15 en
111 270 88 22 mindre
214 270 167 29 förminskning
397 270 26 22 af
435 270 166 22 valkretsarnas
617 270 83 22 storlek
716 271 29 27 pä
760 272 33 20 ett
803 272 89 19 onatur-

67 300 42 28 ligt
132 302 44 19 sätt
199 299 100 23 afskäras
315 300 49 22 från
381 300 133 22 samverkan
532 300 51 22 med
599 300 127 22 hvarandra
742 300 42 21 och
800 300 94 21 sålunda

67 330 92 22 faktiskt
175 329 85 23 förlora
275 330 124 28 inflytande
415 331 28 27 på
454 330 217 28 representationens
683 330 207 28 sammansättning.

70 360 64 26 yMen
158 366 36 15 om
217 359 96 29 afsteget
330 373 27 3 —
374 363 66 25 säger
463 360 108 21 utskottet
595 360 51 21 med
662 361 58 20 rätta
737 361 28 27 på
780 360 40 21 sid.
840 360 29 20 28
886 359 7 21 i

67 390 38 21 sitt
121 389 142 22 betänkande
281 402 26 4 —
323 389 50 22 från
389 390 155 28 grundsatsen,
562 391 32 20 att
610 389 44 22 alla
670 390 55 21 böra
740 388 23 22 få
776 396 54 14 vara
844 389 48 21 med

67 426 38 15 om
128 419 118 29 rådslagen
270 420 40 21 och
333 426 37 15 om
394 419 115 22 bildandet
531 418 25 23 af
575 419 43 22 den
635 419 117 27 majoritet,
770 426 46 14 som
834 418 58 22 skall

68 456 54 15 vara
146 449 43 22 den
207 448 128 30 afgörande,
353 452 66 26 göres
434 451 53 19 utan
503 449 124 29 tvingande
643 448 56 28 skäl,
716 449 20 21 d.
753 452 20 18 ä.
791 451 51 19 utan
860 450 32 20 att

67 479 38 21 det
129 479 59 22 visar
205 479 35 29 sig
255 479 101 29 omöjligt
373 480 32 20 att
422 479 6 21 i
445 479 117 29 praktiken
579 478 134 29 genomföra
729 478 26 22 de
772 479 118 28 grundsat-

67 515 42 21 ser,
126 509 76 21 hvilka
219 516 50 14 man
285 509 106 28 uppställt
407 510 73 20 såsom
496 509 89 28 riktiga,
603 509 54 21 eller
665 516 36 14 om
713 508 36 22 det
761 509 57 25 sker,
830 515 61 15 eme-

68 538 45 22 dan
130 546 51 14 man
197 546 65 14 anser
279 540 35 21 det
331 546 54 14 vara
401 538 26 22 af
440 539 87 21 mindre
543 539 123 27 betydelse,
684 539 109 21 huruvida
805 538 88 22 mindre

68 569 201 28 meningsgrupper
293 568 22 22 få
337 576 56 14 vara
416 569 50 22 med
483 569 55 22 eller
553 576 36 14 om
606 568 28 22 de
649 568 113 27 uteslutas,
780 570 25 20 så
821 568 72 29 ligger

68 599 48 21 häri
141 605 27 16 en
193 599 175 28 hänsynslöshet,
393 599 117 22 besläktad
535 599 50 22 med
604 599 43 22 den
663 598 151 29 uppfattning,
831 597 63 22 inför

69 628 90 22 hvilken
183 629 38 21 det
243 631 26 19 är
291 629 43 21 den
358 629 59 27 yttre
441 629 97 26 makten,
555 635 47 15 som
620 629 40 20 har
676 630 52 24 rätt,
745 635 52 15 vare
813 628 35 29 sig
864 628 29 21 då

69 660 31 19 att
124 659 74 21 denna
220 658 131 22 innehafves
375 657 25 23 af
419 665 28 15 en
463 659 55 21 eller
534 657 25 23 af
572 658 117 22 flertalet".
721 658 48 22 Och
785 659 107 20 utskottet

68 687 123 23 fortsätter:
209 688 111 26 ,Beaktas
335 688 42 22 bör
392 687 67 23 äfven
475 690 32 19 att
524 688 27 22 de
563 688 86 21 mindre
661 688 232 28 meningsgrupperna

68 717 50 22 icke
134 718 57 21 blott
206 720 91 26 utgöras
313 717 26 22 af
351 718 91 26 sädana,
459 725 47 14 som
523 719 20 27 ej
560 718 90 21 tillhöra
667 719 68 27 nägot
749 717 24 22 af
789 718 27 21 de
833 719 60 20 stora

67 748 114 27 partierna
197 748 7 21 i
220 748 82 27 landet,
323 749 52 20 utan
389 748 86 27 jämväl
491 747 26 22 af
531 748 153 28 medborgare,
701 755 53 18 som,
772 755 36 14 om
827 747 42 22 ock
886 747 7 21 i

68 777 123 22 allmänhet
207 777 94 22 delande
317 777 112 22 åsikterna
447 778 59 21 inom
523 779 32 20 ett
570 777 80 22 sådant
666 778 64 27 parti,
747 777 56 22 dock
820 777 72 22 antin-

67 814 46 21 gen
137 814 53 15 anse
213 808 35 28 sig
268 807 55 22 böra
339 808 76 27 intaga
431 815 27 14 en
475 808 7 21 i
498 807 45 22 viss
560 809 51 20 män
629 807 142 28 själfständig
787 807 107 28 ställning

69 837 60 22 inom
153 837 130 27 detsamma,
307 837 54 22 eller
378 837 50 22 icke
444 837 75 22 kunna
535 837 121 29 godkänna
672 837 28 22 de
716 844 114 21 personer,
846 843 48 15 som

69 866 26 22 af
115 867 141 28 pluraliteten
280 867 122 28 uppställas
425 868 73 21 säsom
522 867 139 22 kandidater.
693 867 48 22 Och
765 874 28 14 en
816 866 78 29 vallag

69 897 69 22 borde
159 897 57 22 dock
233 897 48 22 icke
299 904 52 15 vara
367 897 75 26 sädan,
459 899 32 20 att
507 897 44 22 den
567 898 24 21 sä
607 899 33 19 att
655 899 55 26 säga
726 897 89 28 tvingar
831 896 61 21 med-

70 926 97 29 borgare
183 927 23 21 in
222 927 7 21 i
245 927 59 21 vissa
320 927 105 28 partier.*

141 956 51 21 Man
209 957 40 21 bör
265 957 100 26 sälunda,
381 963 37 15 om
436 963 51 15 man
503 957 40 21 vill
559 963 54 15 vara
629 958 79 27 trogen
725 956 42 21 den
779 956 115 21 allmänna

69 986 42 21 och
135 986 46 21 lika
201 988 131 21 rösträttens
348 986 43 27 idé,
407 987 51 22 icke
475 986 56 22 blott
547 987 56 27 yrka
619 988 30 27 pä
665 986 169 29 proportionellt
849 985 45 22 val-

68 1017 44 20 sätt
129 1017 53 20 utan
198 1015 66 23 äfven
280 1023 24 15 se
320 1016 33 21 till
369 1017 33 20 att
418 1016 154 22 vaikretsarna
587 1016 70 22 blitva
673 1017 25 20 sä
709 1018 60 19 stora
779 1022 47 15 som
838 1015 56 28 möj-

69 1045 48 28 ligt.
150 1045 71 29 Ingen
236 1046 41 21 har
293 1046 47 25 här,
357 1046 73 21 sävidt
444 1046 41 29 jag
501 1046 85 21 kunnat
601 1045 58 29 följa
671 1046 50 21 med
732 1045 161 26 diskussionen,

69 1075 95 22 förmätt
187 1076 48 21 visa
251 1077 31 20 att
299 1076 124 22 valkretsar
438 1075 25 22 af
478 1076 43 21 den
537 1076 83 21 storlek
637 1076 43 21 den
696 1076 82 27 nädiga
795 1075 99 28 proposi-

69 1105 76 22 tionen
169 1104 104 28 föreslär,
298 1105 71 22 skulle
387 1107 59 20 stöta
463 1107 28 27 pä
507 1106 192 28 oötvervinneliga
715 1105 114 29 praktiska
844 1105 50 21 svä-

70 1135 105 28 righeter.
208 1135 34 22 De
265 1135 102 29 verkliga
390 1135 116 28 praktiska
522 1135 145 29 svårigheter,
683 1142 47 15 som
747 1134 147 23 öfverhufvud

70 1165 90 21 vidläda
183 1165 37 22 det
244 1165 175 29 proportionella
442 1165 111 28 valsättet,
575 1173 67 20 synas
659 1165 46 29 mig
721 1172 53 15 vara
789 1164 105 22 väsentli-

69 1202 45 21 gen
131 1195 120 25 desamma,
268 1202 36 15 om
321 1195 154 22 valkretsarna
491 1198 67 26 göras
573 1196 34 21 till
631 1196 6 20 7
653 1197 14 20 a
685 1196 26 20 10
728 1202 61 14 mans
806 1194 55 22 eller
872 1194 22 22 få

70 1224 43 22 den
136 1224 85 22 storlek
244 1225 168 28 propositionen
435 1224 103 23 föreslär.
571 1225 49 22 Den
636 1225 114 28 praktiska
767 1225 87 21 vinsten
871 1224 25 22 af

70 1254 28 22 de
116 1257 84 19 smärre
216 1255 155 21 valkretsarna
387 1258 25 18 är
428 1255 57 26 icke,
501 1256 74 20 säsom
592 1254 111 29 professor
718 1255 120 27 Runeberg
854 1254 41 22 här

69 1284 98 28 tidigare
191 1284 130 27 framhällit,
338 1284 25 22 af
376 1286 76 27 nägon
469 1285 124 21 nämnvärd
609 1284 122 29 betydelse.
763 1284 66 22 Hvad
843 1291 52 14 man

70 1314 107 28 möjligen
201 1321 81 21 genom
302 1314 165 22 valkretsarnas
484 1314 167 28 förminskning
667 1315 78 21 vinner
760 1315 7 20 i
785 1314 110 28 praktiskt

69 1342 112 28 afseende,
206 1344 37 22 det
261 1344 97 22 förlorar
375 1351 51 15 man
443 1345 6 21 i
467 1344 135 28 principiellt
618 1344 111 28 afseende,
745 1344 41 22 och
804 1343 89 28 därige-

69 1380 53 14 nom
146 1373 101 22 kommer
270 1381 52 14 man
345 1374 6 21 i
374 1374 71 28 högre
468 1374 55 22 eller
539 1374 62 28 lägre
618 1374 55 28 grad
689 1376 32 20 att
738 1373 85 22 kränka
840 1374 54 20 rätt-

70 1403 75 21 visans
169 1403 43 26 idé,
236 1403 74 22 denna
333 1404 44 26 idé,
396 1388 73 49 såsom
485 1404 80 28 biskop
581 1404 105 28 Råbergh
702 1403 128 26 framhållit,
848 1410 47 14 som

69 1434 80 26 ytterst
172 1433 87 28 uppbär
282 1422 174 45 ifrågavarande
480 1433 132 29 lagförslag.
645 1433 79 22 Denna
747 1433 38 22 idé
803 1420 91 34 kräfver

70 1462 85 26 därför,
172 1470 67 20 synes
255 1463 37 22 det
310 1463 53 28 mig,
380 1462 68 23 äfven
463 1465 61 20 stora
540 1464 130 22 valkretsar.
