1081 1759
206 105 58 21 1010
444 105 131 24 Pappissääty
587 106 68 24 syysk.
670 106 23 17 10
705 112 17 18 p.
737 106 51 18 1906.

203 166 54 21 utan
279 166 124 21 samarbete
425 166 51 21 med
499 166 77 21 andra.
607 166 10 21 I
641 164 58 29 följd
724 165 25 22 af
766 166 62 21 detta
852 168 24 18 är
900 165 37 22 det
959 165 67 22 också

204 195 89 28 mycket
309 195 134 29 förklarligt,
460 197 32 20 att
508 196 45 21 han
568 195 50 22 icke
634 198 26 19 är
675 195 123 29 vittnesgill
814 195 116 29 angäende
941 195 85 29 opinio-

204 232 47 20 ner,
268 232 47 14 som
340 225 76 22 kunna
437 232 53 15 vara
506 225 105 28 gällande
627 226 69 21 bland
712 226 55 21 hans
783 225 201 27 tjänstekamrater,
1001 226 24 26 ty

203 254 46 22 han
265 257 25 19 är
305 256 99 28 tvungen
421 257 32 19 att
469 254 60 23 lefva
545 262 47 15 mer
608 254 37 23 för
661 256 41 28 sig,
719 255 40 22 och
778 254 78 22 därför
873 258 25 18 är
914 255 37 21 det
966 254 58 22 frän-

203 284 50 22 sedt
277 284 39 22 allt
338 287 75 24 annat,
437 285 50 22 icke
508 285 79 29 riktigt
603 287 32 19 att
651 285 98 29 äberopa
765 285 83 21 honom
864 286 74 20 säsom
954 285 72 21 vittne

203 316 46 20 mot
265 314 45 22 alla
326 315 27 21 de
369 315 122 22 afskedade
506 316 188 27 tjänstemännen.

275 344 43 22 Det
341 345 41 21 har
405 347 61 26 sagts
486 346 32 20 att
539 352 28 15 en
587 345 38 28 lag
641 344 25 22 af
679 344 173 29 ifrågavarande
868 344 155 23 beskaffenhet

202 374 71 22 skulle
289 374 63 29 gifva
367 382 27 14 en
411 375 148 21 diskretionär
575 375 62 21 makt
653 376 21 20 ät
691 374 116 29 styrelsen,
824 374 94 22 emedan
934 374 65 29 lagen
1016 374 7 21 i

203 404 114 29 ätskilliga
339 404 40 22 fall
402 405 70 21 mäste
496 412 65 14 anses
579 412 54 14 vara
649 405 92 28 otydlig.
773 404 45 28 Jag
833 404 78 26 skulle,
928 404 95 22 emedan

202 434 49 22 mitt
275 441 68 15 namn
359 434 74 22 blifvit
448 435 94 21 nämndt
557 435 8 21 i
581 435 173 25 reservationen,
771 434 70 22 önska
857 434 81 22 anföra
952 435 71 27 nägot

202 464 117 28 angäende
340 464 65 22 dessa
420 464 157 29 otydligheter,
595 472 50 14 men
659 464 41 29 jag
715 464 41 22 har
772 464 69 22 redan
858 463 79 23 alltför
954 464 68 28 länge

200 494 124 28 uppehällit
347 494 69 28 tiden,
440 496 25 20 sä
487 496 33 20 att
539 495 41 28 jag
603 496 70 20 mäste
696 494 95 28 förbigä
812 494 72 21 denna
900 494 64 28 fräga
980 494 42 22 och

201 524 78 22 endast
296 524 89 22 anhälla
401 526 38 26 att,
450 532 36 14 om
503 524 122 29 anledning
641 524 73 22 därtill
730 524 80 28 längre
826 523 58 22 fram
899 531 71 21 yppar
979 524 43 28 sig,

202 553 23 22 fä
241 554 92 28 angifva
349 556 70 27 nägra
435 554 154 29 förklaringar
605 554 7 22 i
629 554 60 22 detta
706 554 112 22 afseende.
850 554 50 21 Men
917 554 6 21 i
940 554 82 21 sakens

200 584 140 22 närvarande
362 584 68 22 skede
453 587 26 19 är
495 584 36 22 det
548 584 37 22 för
601 584 46 28 mig
663 591 45 22 nog
724 586 32 19 att
773 583 119 22 framhålla
908 584 113 26 hurusom,

200 612 48 23 ifall
271 620 28 15 en
319 614 38 28 lag
380 614 69 22 sädan
470 621 47 15 som
534 614 43 22 den
593 614 173 28 ifrägavarande
782 614 101 27 kommer
898 614 34 20 till
948 614 72 26 ständ,

200 643 37 22 det
261 644 44 21 blir
321 644 42 22 den
380 644 156 28 tillämpandes
553 644 128 29 skyldighet
697 646 31 20 att
746 644 50 21 icke
813 644 103 21 använda
931 643 66 29 lagen
1013 644 7 20 i

198 672 158 30 tvifvelaktiga
372 674 49 22 fall:
446 674 61 22 detta
531 674 6 21 i
561 674 50 22 stöd
635 674 26 22 af
682 674 42 22 den
751 674 119 28 grundsats
886 680 47 15 som
949 674 69 27 lyder:

199 703 72 22 hellre
298 703 42 22 fria
362 707 29 18 än
413 703 60 23 fälla.
507 704 42 22 Det
572 707 25 19 är
620 706 56 25 sant,
698 706 31 19 att
754 704 43 21 den
824 703 147 28 grundsatsen
994 706 26 19 är

198 734 87 21 uttalad
310 734 77 21 endast
411 736 29 26 pä
455 734 148 22 straffrättens
627 734 97 26 omräde,
750 734 42 21 och
818 733 42 21 den
886 733 72 22 skulle
973 733 46 22 helt

200 763 76 21 säkert
298 764 50 22 icke
372 765 29 27 pä
423 764 60 22 detta
507 766 43 20 sätt
575 764 118 28 tillämpas,
710 771 35 14 om
771 763 37 21 det
826 763 74 28 gällde
917 765 31 19 att
964 763 7 21 i
988 764 31 21 ett

198 793 116 21 tvistemål
339 794 65 21 döma
420 794 95 22 emellan
540 794 42 22 den
607 800 42 15 ena
670 794 42 21 och
731 794 44 21 den
792 793 75 21 andra.
899 792 50 22 Men
966 794 52 20 utan

200 822 105 23 afseende
327 823 44 21 blir
393 831 85 14 samma
501 824 119 28 grundsats
643 824 50 21 icke
720 823 63 22 ensi
800 822 118 27 tvistemäl,
935 824 23 26 ty
976 823 43 21 kan

197 860 51 14 man
265 853 49 21 icke
331 854 50 21 med
397 854 54 28 godt
467 856 98 20 samvete
581 856 60 27 säga,
654 855 32 20 att
702 853 70 22 skada
783 853 41 21 har
839 852 58 22 skett
914 852 55 22 eller
985 855 33 19 att

197 883 43 22 den
257 883 41 22 bör
313 884 130 28 uppskattas
458 884 34 22 till
507 885 32 21 ett
554 884 54 22 visst
619 883 88 29 belopp,
724 884 25 21 sä
770 883 128 21 underläter
912 883 106 22 domaren

196 914 33 21 att
254 913 91 22 utdöma
369 914 140 22 skadestånd.
542 914 50 22 Men
616 915 29 27 pä
669 914 37 21 det
722 913 99 25 område,
838 913 92 21 hvarom
946 920 29 14 nu
992 916 27 18 är

196 942 73 30 fråga,
289 943 71 22 skulle
374 944 41 28 jag
430 944 37 22 för
484 944 46 21 min
547 944 36 22 del
598 944 112 21 bestämdt
725 943 61 22 hålla
802 942 58 27 före,
879 956 26 2 —
922 943 42 21 och
977 943 43 28 jag

196 974 54 24 tror,
275 975 31 19 att
329 976 80 19 nästan
433 974 55 21 hvar
512 974 42 21 och
575 980 34 17 en,
626 980 46 15 som
697 973 72 21 skulle
786 972 70 22 blifva
872 975 99 25 tvungen
987 974 31 20 att

195 1002 102 29 tillämpa
320 1003 43 22 den
386 1004 73 28 lagen,
477 1004 67 21 också
565 1003 56 22 skall
643 1004 99 21 erkänna
759 1002 43 22 den
818 1002 147 28 grundsatsen
981 1016 36 12 —,

196 1034 32 20 att
244 1032 7 22 i
267 1032 157 30 tvifvelaktiga
445 1033 39 23 fall
500 1034 36 21 mä
553 1033 38 29 lag
607 1034 20 27 ej
644 1033 119 28 tillämpas.
796 1032 48 22 Och
861 1033 31 21 att
910 1039 50 14 man
976 1032 42 22 har

196 1062 117 28 objektiva
335 1063 48 21 skäl
407 1063 36 23 för
465 1064 135 28 antagandet
624 1064 32 20 att
673 1063 73 21 denna
762 1062 62 28 regel
840 1062 72 22 skulle
928 1062 89 22 komma

194 1094 33 19 att
250 1092 113 29 tillämpas
386 1093 26 22 af
429 1095 98 24 senaten,
544 1093 37 21 det
598 1093 87 21 bevisas
701 1092 25 22 af
740 1092 28 22 de
784 1092 168 28 upplysningar,
969 1098 48 16 som

195 1122 109 22 utskottet
327 1123 70 21 erhöll
424 1123 116 29 angående
567 1123 56 21 huru
644 1124 92 20 senaten
761 1122 58 21 hade
843 1121 63 21 tänkt
925 1122 41 28 sig,
983 1123 32 20 att

194 1151 81 29 frägan
297 1152 71 22 skulle
384 1153 6 21 i
407 1153 119 28 praktiken
542 1152 95 29 gestalta
654 1152 40 28 sig.
726 1151 34 22 Af
774 1152 64 21 dessa
853 1151 163 29 upplysningar

194 1180 101 30 framgär
318 1182 70 29 enligt
405 1183 45 21 min
467 1182 149 29 öfvertygelse
633 1182 51 22 med
699 1182 29 22 all
746 1181 86 22 önskad
848 1181 118 28 tydlighet,
983 1183 31 19 att

194 1213 93 20 senaten
313 1212 73 28 hyllar
410 1213 43 21 den
475 1212 153 29 grundsatsen,
653 1214 32 19 att
706 1212 68 28 lagen
799 1211 119 28 rätteligen
937 1211 20 27 ej
975 1210 41 22 bör

194 1241 113 28 tillämpas
323 1242 7 21 i
345 1242 158 29 tvifvelaktiga
518 1242 46 22 fall.
596 1242 43 22 Det
656 1244 64 26 säges
736 1248 38 19 nu,
792 1242 32 20 att
840 1248 52 14 man
908 1240 50 23 icke
975 1240 41 22 bör

194 1270 62 22 stifta
280 1278 27 15 en
331 1272 44 28 lag,
399 1279 48 15 som
469 1272 94 22 sålunda
585 1271 72 29 gifver
681 1271 111 29 styrelsen
811 1270 88 22 tillfälle
916 1272 30 20 att
963 1269 52 23 ofva

192 1300 119 29 godtycke.
344 1302 49 22 Men
411 1302 6 21 i
433 1302 82 28 mänga
530 1301 39 22 fall
586 1303 69 20 mäste
671 1308 51 15 man
739 1301 76 21 lemna
831 1300 36 22 det
878 1300 26 21 af
912 1300 102 28 myndig-

193 1330 50 22 hets
259 1330 106 30 pröfning
380 1332 119 27 beroende,
515 1332 59 21 hvad
591 1338 46 15 som
654 1332 40 21 bör
710 1330 122 22 fastställas
848 1331 72 21 säsom
937 1330 78 28 riktigt

192 1360 42 22 och
251 1361 40 22 lita
306 1361 33 21 till
356 1363 32 20 att
405 1362 74 21 denna
496 1361 105 29 pröfning
616 1361 44 22 blir
671 1362 179 26 samvetsgrann.
881 1359 45 29 Jag
936 1359 78 22 behöf-

191 1396 40 16 ver
255 1398 29 14 nu
304 1391 49 21 icke
369 1392 106 28 päminna
491 1398 35 15 om
543 1392 28 21 de
587 1392 81 27 mänga
684 1390 46 27 fall,
748 1391 36 21 för
799 1390 77 21 hvilka
892 1389 37 22 det
945 1390 45 20 stär
1007 1390 6 20 i

190 1419 68 29 lagen
276 1420 91 28 ,pröfve
384 1421 127 22 domaren."
544 1421 49 21 Man
611 1421 44 21 kan
672 1420 105 26 invända,
794 1421 33 20 att
843 1426 27 15 en
887 1419 91 22 domare
988 1422 26 18 är

191 1456 48 15 mer
255 1457 44 14 van
315 1452 32 20 att
364 1451 59 21 hälla
439 1452 35 28 sig
489 1451 34 21 till
538 1451 45 28 lag,
599 1458 51 14 men
666 1458 51 14 man
734 1449 153 23 öfverlämnar
896 1450 25 26 ju
932 1449 42 21 och
986 1449 27 21 de

190 1480 57 21 allra
271 1480 119 28 vigtigaste
417 1480 75 29 frågor
515 1482 22 20 ät
558 1481 106 27 jurymän
687 1484 41 18 när
753 1486 52 15 man
830 1479 50 21 icke
896 1478 72 22 funnit
984 1480 30 27 pä
