1086 1759
199 116 58 22 1116
435 116 131 25 Pappissääty
578 115 68 26 syysk.
659 117 24 18 14
695 122 19 19 p.
727 117 52 18 1906.

196 175 148 29 aktningsfull
359 176 68 22 täflan
442 176 36 22 för
492 177 59 28 höga
567 176 66 28 ideal,
650 176 51 24 icke
716 184 28 15 en
761 176 55 22 strid
832 176 7 22 i
855 176 165 22 misstänksam-

196 205 88 28 hetens,
300 206 138 27 smäsinnets,
455 207 72 21 hatets
542 206 88 27 tecken,
646 208 25 27 ty
687 206 43 23 den
745 205 129 24 fördärfvar
889 207 42 21 och
945 206 75 22 dödar.

269 271 59 22 Herr
343 272 74 22 Baron
433 272 41 22 och
491 272 194 26 Landtmarskalk,

270 308 84 22 Herrar
369 308 145 22 medlemmar
530 307 25 23 af
567 308 163 28 Ridderskapet
746 308 43 22 och
805 308 79 22 Adeln!

270 367 66 23 Stora
351 368 129 29 privilegier
495 368 41 22 har
551 368 108 22 Finlands
675 366 69 24 första
760 367 73 28 ständ,
849 368 41 22 har
905 368 68 21 ocksä
984 366 36 23 det

197 397 71 22 andra
300 397 49 22 gifvit
365 397 55 23 bort.
452 398 51 21 Men
530 398 37 22 det
590 400 81 20 största
687 397 67 23 hafva
769 398 23 21 vi
809 398 56 21 kvar
881 410 25 3 —
924 397 96 22 bildnin-

196 434 57 22 gens
289 427 109 23 företräde.
429 427 88 23 Plikten
543 429 32 21 att
600 428 72 22 bruka
696 428 125 22 detsamma
836 428 7 21 i
859 427 44 22 den
919 426 101 23 folkkära

196 457 81 22 tankes
302 458 75 28 tjänst,
403 464 47 15 som
476 456 131 24 förestatvat
629 459 50 21 vårt
702 458 80 25 beslut,
799 457 44 22 blir
857 457 113 29 bjudande
986 456 35 23 för

196 494 37 15 oss
249 487 52 22 alla.
331 487 33 28 Ty
390 487 29 22 då
444 487 55 22 först
525 487 44 22 kan
595 488 50 21 vårt
661 487 53 22 land
729 487 98 29 förtjäna
843 489 31 20 att
891 487 71 22 kallas
977 486 42 23 den

196 524 72 15 sanna
284 517 150 22 demokratins
449 518 103 26 hemvist,
568 520 42 19 när
625 517 144 29 bildningens
785 517 72 22 källor
867 520 39 19 äro
918 516 102 30 öppnade

197 546 35 22 för
249 546 40 23 allt
305 546 75 26 folket,
397 547 104 22 flödande
517 547 77 29 rikligt
610 548 30 28 på
655 547 50 23 dess
721 549 52 27 eget
789 547 72 29 språk,
873 550 41 19 när
924 547 96 22 insikten

197 577 87 26 härom,
311 576 95 23 insikten
430 584 35 15 om
490 579 32 20 att
539 578 39 21 vår
593 577 111 23 starkaste
720 576 190 27 motståndskraft,
926 577 30 28 ja,
971 576 48 22 huf-

196 606 151 23 vudvillkoret
362 606 35 22 för
412 608 41 20 vår
468 607 121 22 nationella
604 607 92 22 tillvaro
710 607 73 29 ligger
798 607 8 21 i
822 607 29 22 de
866 607 68 29 djupa
944 606 76 23 ledens

196 637 138 28 upplysning
359 636 139 29 bemäktigat
520 637 35 29 sig
571 637 51 27 alla,
638 637 21 29 ej
675 637 56 22 blott
747 644 48 15 som
812 644 28 15 en
855 637 65 28 ljumt
935 636 84 23 erkänd

196 668 53 24 sats,
266 674 51 14 men
333 673 47 15 som
396 674 28 15 en
441 667 156 29 öfvertygelse,
614 668 81 21 omsatt
711 668 7 21 i
733 666 150 23 verksamhet.

269 708 108 22 Finlands
392 709 54 21 sista
462 708 185 30 ståndslandtdag
663 709 41 22 har
718 708 132 23 medverkat
865 708 35 22 till
915 710 32 20 att
956 707 64 30 gifva

196 739 50 21 vårt
272 737 47 23 folk
345 738 169 29 grundlagfästa
537 738 99 28 friheter,
660 738 85 23 sådana
771 738 37 22 det
823 738 74 29 aldrig
912 737 59 23 förut
987 739 32 21 åt-

196 768 74 28 njutit.
301 768 50 22 Den
377 768 41 22 har
440 769 47 29 lagt
503 775 27 15 en
547 776 29 21 ny
592 768 110 29 grundval
718 772 35 18 tör
768 770 41 20 vår
823 768 137 29 utveckling,
976 768 42 22 den

196 798 42 22 har
254 800 82 27 öppnat
353 805 45 21 nya
413 801 71 26 vägar
498 798 36 22 för
548 798 136 23 samarbetet
700 798 83 22 mellan
795 798 28 22 de
834 798 61 22 olika
906 798 113 22 klasserna

195 828 7 21 i
219 829 51 21 vårt
285 828 59 22 land.
375 828 37 22 Må
437 828 154 22 skilsmässans
614 828 66 22 stund
702 828 97 28 besjälas
814 828 26 22 af
853 828 118 26 vissheten,
987 829 33 21 att

197 857 52 23 dess
265 858 96 29 gärning
376 858 57 22 skall
449 858 54 22 bära
519 858 34 22 rik
569 858 60 22 frukt
645 857 36 23 för
696 858 135 22 kommande
842 858 57 22 tider
909 858 42 21 och
961 858 58 22 släk-

195 888 46 27 ten,
269 889 32 20 att
326 888 42 22 den
395 888 57 22 skall
477 888 69 22 varda
569 888 194 29 lyckobringande
787 887 34 23 för
837 888 37 22 det
892 887 126 25 fosterland,

195 917 69 31 hvars
280 920 39 20 ära
334 918 42 22 och
392 917 119 29 framgång
526 920 25 19 är
567 925 36 15 oss
619 918 117 28 dyrbarast
753 917 26 22 af
791 918 80 28 allting
886 918 30 28 på
928 917 91 28 jorden!

268 953 11 21 I
305 953 73 23 denna
403 953 150 29 förhoppning
575 954 80 28 bjuder
675 954 168 22 Prästeståndet
857 953 161 29 Ridderskapet

195 982 43 22 och
255 982 72 23 Adeln
342 984 38 21 sitt
396 983 77 23 farväl.

268 1066 63 22 Hra
345 1067 161 29 Bergerin
523 1068 81 28 puhe
619 1067 327 29 Porvarissäädylle:

194 1125 187 24 Kunnioitettava
404 1127 72 22 Herra
498 1127 128 22 Puhemies!
657 1127 167 28 Hyvinarvoisa
839 1127 179 28 Porvarissääty!

269 1186 88 22 Kaihon
373 1186 61 22 hetki
450 1193 29 15 on
495 1193 31 21 se,
539 1186 79 28 jolloin
633 1187 44 22 veli
691 1187 73 27 jättää
780 1186 99 29 hyvästit
893 1186 124 28 veljelleen,

194 1215 93 27 tietäen,
313 1216 52 22 ettei
391 1216 45 22 hän
462 1218 46 20 tätä
531 1216 113 28 veljeänsä
668 1219 73 20 enään
757 1218 74 26 tapaa.
863 1216 155 22 Tämmöisenä

194 1245 239 23 eroamisenhetkeänä
458 1246 145 28 Pappissääty
619 1248 41 26 nyt
675 1246 90 22 meidan
781 1246 138 22 kauttamme
935 1249 83 25 pyytää

193 1274 204 29 sydämmellisesti,
424 1276 135 28 veljellisesti
584 1276 116 22 tervehtää
731 1276 175 28 hyvinarvoisaa
937 1276 81 22 Porva-

193 1305 118 28 rissäätyä.

268 1340 97 23 Suomen
392 1340 107 29 Säätyjen
519 1341 196 29 tähdellisimpänä
729 1342 130 25 tehtävänä,
875 1341 45 22 kun
936 1348 28 15 ne
980 1341 38 22 ko-

194 1370 132 22 koontuivat
352 1370 68 23 näille
443 1371 166 28 ylimääräisille
631 1371 170 29 valtiopäiville,
816 1371 31 22 oli
863 1370 102 23 käsitellä
979 1370 39 23 eh-

194 1400 90 22 dotusta
299 1400 93 22 uudeksi
408 1401 167 28 perustuslaiksi
592 1401 254 22 kansaneduskunnasta
863 1407 155 19 maassamme,

193 1429 188 23 sovelluttamalla
405 1430 85 28 yleisen
509 1432 25 27 ja
549 1431 125 28 yhtäläisen
690 1431 165 22 äänioikeuden
871 1430 145 29 periaatteita.

193 1459 277 29 Nelikamarijärjestelmä
496 1467 28 15 on
550 1460 144 23 vaillinainen
718 1461 25 28 ja
759 1460 154 22 vanhentunut
929 1460 51 22 eikä
994 1466 25 16 se

192 1488 99 29 tyydytä
305 1489 184 23 uudenaikaisten
502 1490 26 28 ja
544 1490 168 28 kehittyneiden
728 1490 220 29 yhteiskuntaolojen
966 1496 52 16 vaa-
