<?xml version="1.0" encoding="UTF-8"?>
<alto xmlns="http://www.loc.gov/standards/alto/ns-v3#" xmlns:xlink="http://www.w3.org/1999/xlink" xmlns:xsi="http://www.w3.org/2001/XMLSchema-instance" xsi:schemaLocation="http://www.loc.gov/standards/alto/ns-v3# http://www.loc.gov/alto/v3/alto-3-0.xsd">
	<Description>
		<MeasurementUnit>pixel</MeasurementUnit>
		<sourceImageInformation>
			<fileName>/tmp/tess_bvbwjfja_input.PNG</fileName>
		</sourceImageInformation>
		<OCRProcessing ID="OCR_0">
			<ocrProcessingStep>
				<processingSoftware>
					<softwareName>tesseract 5.3.4</softwareName>
				</processingSoftware>
			</ocrProcessingStep>
		</OCRProcessing>
	</Description>
	<Layout>
		<Page WIDTH="1078" HEIGHT="1753" PHYSICAL_IMG_NR="0" ID="page_0">
			<PrintSpace HPOS="0" VPOS="0" WIDTH="1078" HEIGHT="1753">
				<ComposedBlock ID="cblock_0" HPOS="329" VPOS="106" WIDTH="543" HEIGHT="23">
					<TextBlock ID="block_0" HPOS="329" VPOS="106" WIDTH="543" HEIGHT="23">
						<TextLine ID="line_0" HPOS="329" VPOS="106" WIDTH="543" HEIGHT="23">
							<String ID="string_0" HPOS="329" VPOS="106" WIDTH="94" HEIGHT="19" WC="0.92" CONTENT="Yleisistä"/><SP WIDTH="11" VPOS="106" HPOS="423"/>
							<String ID="string_1" HPOS="434" VPOS="106" WIDTH="135" HEIGHT="19" WC="0.92" CONTENT="kokouksista."/><SP WIDTH="262" VPOS="106" HPOS="569"/>
							<String ID="string_2" HPOS="831" VPOS="108" WIDTH="41" HEIGHT="21" WC="0.94" CONTENT="951"/>
						</TextLine>
					</TextBlock>
				</ComposedBlock>
				<ComposedBlock ID="cblock_1" HPOS="47" VPOS="165" WIDTH="827" HEIGHT="208">
					<TextBlock ID="block_1" HPOS="47" VPOS="165" WIDTH="827" HEIGHT="208">
						<TextLine ID="line_1" HPOS="47" VPOS="165" WIDTH="827" HEIGHT="30">
							<String ID="string_3" HPOS="47" VPOS="166" WIDTH="74" HEIGHT="29" WC="0.95" CONTENT="dylikt"/><SP WIDTH="15" VPOS="166" HPOS="121"/>
							<String ID="string_4" HPOS="136" VPOS="169" WIDTH="25" HEIGHT="19" WC="0.96" CONTENT="är"/><SP WIDTH="15" VPOS="169" HPOS="161"/>
							<String ID="string_5" HPOS="176" VPOS="165" WIDTH="152" HEIGHT="23" WC="0.96" CONTENT="förhållandet"/><SP WIDTH="16" VPOS="165" HPOS="328"/>
							<String ID="string_6" HPOS="344" VPOS="168" WIDTH="31" HEIGHT="20" WC="0.96" CONTENT="ett"/><SP WIDTH="17" VPOS="168" HPOS="375"/>
							<String ID="string_7" HPOS="392" VPOS="168" WIDTH="75" HEIGHT="24" WC="0.96" CONTENT="annat,"/><SP WIDTH="18" VPOS="168" HPOS="467"/>
							<String ID="string_8" HPOS="485" VPOS="174" WIDTH="35" HEIGHT="14" WC="0.96" CONTENT="om"/><SP WIDTH="13" VPOS="174" HPOS="520"/>
							<String ID="string_9" HPOS="533" VPOS="167" WIDTH="28" HEIGHT="22" WC="0.96" CONTENT="de"/><SP WIDTH="13" VPOS="167" HPOS="561"/>
							<String ID="string_10" HPOS="574" VPOS="166" WIDTH="74" HEIGHT="22" WC="0.96" CONTENT="blifvit"/><SP WIDTH="12" VPOS="166" HPOS="648"/>
							<String ID="string_11" HPOS="660" VPOS="167" WIDTH="137" HEIGHT="28" WC="0.93" CONTENT="sedvanliga."/><SP WIDTH="17" VPOS="167" HPOS="797"/>
							<String ID="string_12" HPOS="814" VPOS="167" WIDTH="60" HEIGHT="28" WC="0.92" CONTENT="Upp-"/>
						</TextLine>
						<TextLine ID="line_2" HPOS="48" VPOS="196" WIDTH="826" HEIGHT="29">
							<String ID="string_13" HPOS="48" VPOS="196" WIDTH="136" HEIGHT="29" WC="0.90" CONTENT="vaktningar"/><SP WIDTH="15" VPOS="196" HPOS="184"/>
							<String ID="string_14" HPOS="199" VPOS="199" WIDTH="38" HEIGHT="19" WC="0.96" CONTENT="äro"/><SP WIDTH="16" VPOS="199" HPOS="237"/>
							<String ID="string_15" HPOS="253" VPOS="196" WIDTH="47" HEIGHT="22" WC="0.96" CONTENT="ofta"/><SP WIDTH="16" VPOS="196" HPOS="300"/>
							<String ID="string_16" HPOS="316" VPOS="196" WIDTH="87" HEIGHT="28" WC="0.95" CONTENT="egnade"/><SP WIDTH="17" VPOS="196" HPOS="403"/>
							<String ID="string_17" HPOS="420" VPOS="198" WIDTH="32" HEIGHT="20" WC="0.96" CONTENT="att"/><SP WIDTH="16" VPOS="198" HPOS="452"/>
							<String ID="string_18" HPOS="468" VPOS="198" WIDTH="80" HEIGHT="27" WC="0.93" CONTENT="utgöra"/><SP WIDTH="16" VPOS="198" HPOS="548"/>
							<String ID="string_19" HPOS="564" VPOS="197" WIDTH="116" HEIGHT="27" WC="0.92" CONTENT="surpriser,"/><SP WIDTH="17" VPOS="197" HPOS="680"/>
							<String ID="string_20" HPOS="697" VPOS="204" WIDTH="52" HEIGHT="14" WC="0.96" CONTENT="men"/><SP WIDTH="16" VPOS="204" HPOS="749"/>
							<String ID="string_21" HPOS="765" VPOS="196" WIDTH="38" HEIGHT="22" WC="0.93" CONTENT="för"/><SP WIDTH="16" VPOS="196" HPOS="803"/>
							<String ID="string_22" HPOS="819" VPOS="196" WIDTH="55" HEIGHT="29" WC="0.93" CONTENT="poli-"/>
						</TextLine>
						<TextLine ID="line_3" HPOS="49" VPOS="225" WIDTH="825" HEIGHT="30">
							<String ID="string_23" HPOS="49" VPOS="233" WIDTH="41" HEIGHT="15" WC="0.96" CONTENT="sen"/><SP WIDTH="23" VPOS="233" HPOS="90"/>
							<String ID="string_24" HPOS="113" VPOS="226" WIDTH="69" HEIGHT="22" WC="0.96" CONTENT="borde"/><SP WIDTH="21" VPOS="226" HPOS="182"/>
							<String ID="string_25" HPOS="203" VPOS="226" WIDTH="27" HEIGHT="22" WC="0.95" CONTENT="de"/><SP WIDTH="16" VPOS="226" HPOS="230"/>
							<String ID="string_26" HPOS="246" VPOS="226" WIDTH="51" HEIGHT="22" WC="0.96" CONTENT="icke"/><SP WIDTH="15" VPOS="226" HPOS="297"/>
							<String ID="string_27" HPOS="312" VPOS="225" WIDTH="23" HEIGHT="22" WC="0.96" CONTENT="få"/><SP WIDTH="15" VPOS="225" HPOS="335"/>
							<String ID="string_28" HPOS="350" VPOS="228" WIDTH="81" HEIGHT="26" WC="0.92" CONTENT="utgöra"/><SP WIDTH="16" VPOS="228" HPOS="431"/>
							<String ID="string_29" HPOS="447" VPOS="227" WIDTH="114" HEIGHT="28" WC="0.91" CONTENT="surpriser."/><SP WIDTH="32" VPOS="227" HPOS="561"/>
							<String ID="string_30" HPOS="593" VPOS="226" WIDTH="45" HEIGHT="29" WC="0.96" CONTENT="Jag"/><SP WIDTH="15" VPOS="226" HPOS="638"/>
							<String ID="string_31" HPOS="653" VPOS="228" WIDTH="65" HEIGHT="27" WC="0.96" CONTENT="tager"/><SP WIDTH="14" VPOS="228" HPOS="718"/>
							<String ID="string_32" HPOS="732" VPOS="227" WIDTH="47" HEIGHT="28" WC="0.96" CONTENT="mig"/><SP WIDTH="16" VPOS="227" HPOS="779"/>
							<String ID="string_33" HPOS="795" VPOS="226" WIDTH="79" HEIGHT="22" WC="0.95" CONTENT="därför"/>
						</TextLine>
						<TextLine ID="line_4" HPOS="48" VPOS="255" WIDTH="826" HEIGHT="29">
							<String ID="string_34" HPOS="48" VPOS="256" WIDTH="98" HEIGHT="22" WC="0.96" CONTENT="friheten"/><SP WIDTH="22" VPOS="256" HPOS="146"/>
							<String ID="string_35" HPOS="168" VPOS="257" WIDTH="32" HEIGHT="21" WC="0.96" CONTENT="att"/><SP WIDTH="21" VPOS="257" HPOS="200"/>
							<String ID="string_36" HPOS="221" VPOS="255" WIDTH="85" HEIGHT="23" WC="0.96" CONTENT="föreslå"/><SP WIDTH="23" VPOS="255" HPOS="306"/>
							<String ID="string_37" HPOS="329" VPOS="256" WIDTH="42" HEIGHT="21" WC="0.96" CONTENT="den"/><SP WIDTH="18" VPOS="256" HPOS="371"/>
							<String ID="string_38" HPOS="389" VPOS="256" WIDTH="102" HEIGHT="28" WC="0.96" CONTENT="ändring,"/><SP WIDTH="18" VPOS="256" HPOS="491"/>
							<String ID="string_39" HPOS="509" VPOS="258" WIDTH="31" HEIGHT="20" WC="0.96" CONTENT="att"/><SP WIDTH="18" VPOS="258" HPOS="540"/>
							<String ID="string_40" HPOS="558" VPOS="256" WIDTH="38" HEIGHT="22" WC="0.97" CONTENT="det"/><SP WIDTH="15" VPOS="256" HPOS="596"/>
							<String ID="string_41" HPOS="611" VPOS="256" WIDTH="71" HEIGHT="22" WC="0.96" CONTENT="skulle"/><SP WIDTH="16" VPOS="256" HPOS="682"/>
							<String ID="string_42" HPOS="698" VPOS="256" WIDTH="53" HEIGHT="22" WC="0.93" CONTENT="heta"/><SP WIDTH="18" VPOS="256" HPOS="751"/>
							<String ID="string_43" HPOS="769" VPOS="256" WIDTH="105" HEIGHT="28" WC="0.88" CONTENT=",sedvan-"/>
						</TextLine>
						<TextLine ID="line_5" HPOS="49" VPOS="285" WIDTH="825" HEIGHT="29">
							<String ID="string_44" HPOS="49" VPOS="286" WIDTH="47" HEIGHT="28" WC="0.96" CONTENT="liga"/><SP WIDTH="21" VPOS="286" HPOS="96"/>
							<String ID="string_45" HPOS="117" VPOS="286" WIDTH="180" HEIGHT="28" WC="0.95" CONTENT="uppvaktningar"/><SP WIDTH="16" VPOS="286" HPOS="297"/>
							<String ID="string_46" HPOS="313" VPOS="286" WIDTH="42" HEIGHT="21" WC="0.96" CONTENT="och"/><SP WIDTH="16" VPOS="286" HPOS="355"/>
							<String ID="string_47" HPOS="371" VPOS="286" WIDTH="132" HEIGHT="28" WC="0.93" CONTENT="sedvanliga"/><SP WIDTH="16" VPOS="286" HPOS="503"/>
							<String ID="string_48" HPOS="519" VPOS="285" WIDTH="104" HEIGHT="29" WC="0.83" CONTENT="festtäg*."/><SP WIDTH="34" VPOS="285" HPOS="623"/>
							<String ID="string_49" HPOS="657" VPOS="286" WIDTH="151" HEIGHT="28" WC="0.82" CONTENT=",Sedvanliga"/><SP WIDTH="15" VPOS="286" HPOS="808"/>
							<String ID="string_50" HPOS="823" VPOS="286" WIDTH="51" HEIGHT="22" WC="0.92" CONTENT="fest-"/>
						</TextLine>
						<TextLine ID="line_6" HPOS="48" VPOS="315" WIDTH="825" HEIGHT="29">
							<String ID="string_51" HPOS="48" VPOS="317" WIDTH="62" HEIGHT="27" WC="0.94" CONTENT="tåg&quot;,"/><SP WIDTH="24" VPOS="317" HPOS="110"/>
							<String ID="string_52" HPOS="134" VPOS="315" WIDTH="37" HEIGHT="22" WC="0.96" CONTENT="det"/><SP WIDTH="23" VPOS="315" HPOS="171"/>
							<String ID="string_53" HPOS="194" VPOS="318" WIDTH="24" HEIGHT="18" WC="0.96" CONTENT="är"/><SP WIDTH="23" VPOS="318" HPOS="218"/>
							<String ID="string_54" HPOS="241" VPOS="316" WIDTH="91" HEIGHT="26" WC="0.96" CONTENT="sådana,"/><SP WIDTH="16" VPOS="316" HPOS="332"/>
							<String ID="string_55" HPOS="348" VPOS="322" WIDTH="48" HEIGHT="15" WC="0.96" CONTENT="som"/><SP WIDTH="21" VPOS="322" HPOS="396"/>
							<String ID="string_56" HPOS="417" VPOS="316" WIDTH="145" HEIGHT="22" WC="0.93" CONTENT="studenterna"/><SP WIDTH="16" VPOS="316" HPOS="562"/>
							<String ID="string_57" HPOS="578" VPOS="316" WIDTH="104" HEIGHT="28" WC="0.91" CONTENT="företaga"/><SP WIDTH="15" VPOS="316" HPOS="682"/>
							<String ID="string_58" HPOS="697" VPOS="316" WIDTH="29" HEIGHT="28" WC="0.96" CONTENT="på"/><SP WIDTH="17" VPOS="316" HPOS="726"/>
							<String ID="string_59" HPOS="743" VPOS="318" WIDTH="10" HEIGHT="19" WC="0.96" CONTENT="1"/><SP WIDTH="18" VPOS="318" HPOS="753"/>
							<String ID="string_60" HPOS="771" VPOS="316" WIDTH="44" HEIGHT="28" WC="0.95" CONTENT="maj"/><SP WIDTH="18" VPOS="316" HPOS="815"/>
							<String ID="string_61" HPOS="833" VPOS="316" WIDTH="40" HEIGHT="22" WC="0.96" CONTENT="och"/>
						</TextLine>
						<TextLine ID="line_7" HPOS="50" VPOS="345" WIDTH="83" HEIGHT="28">
							<String ID="string_62" HPOS="50" VPOS="345" WIDTH="83" HEIGHT="28" WC="0.96" CONTENT="dylika."/>
						</TextLine>
					</TextBlock>
				</ComposedBlock>
				<ComposedBlock ID="cblock_2" HPOS="49" VPOS="410" WIDTH="827" HEIGHT="118">
					<TextBlock ID="block_2" HPOS="49" VPOS="410" WIDTH="827" HEIGHT="118">
						<TextLine ID="line_8" HPOS="121" VPOS="410" WIDTH="753" HEIGHT="23">
							<String ID="string_63" HPOS="121" VPOS="410" WIDTH="49" HEIGHT="21" WC="0.91" CONTENT="Hra"/><SP WIDTH="23" VPOS="410" HPOS="170"/>
							<String ID="string_64" HPOS="193" VPOS="411" WIDTH="138" HEIGHT="21" WC="0.91" CONTENT="Mannermaa:"/><SP WIDTH="33" VPOS="411" HPOS="331"/>
							<String ID="string_65" HPOS="364" VPOS="411" WIDTH="63" HEIGHT="21" WC="0.92" CONTENT="Pieni"/><SP WIDTH="24" VPOS="411" HPOS="427"/>
							<String ID="string_66" HPOS="451" VPOS="411" WIDTH="117" HEIGHT="22" WC="0.92" CONTENT="kielivirhe"/><SP WIDTH="22" VPOS="411" HPOS="568"/>
							<String ID="string_67" HPOS="590" VPOS="411" WIDTH="49" HEIGHT="22" WC="0.92" CONTENT="olisi"/><SP WIDTH="26" VPOS="411" HPOS="639"/>
							<String ID="string_68" HPOS="665" VPOS="413" WIDTH="59" HEIGHT="19" WC="0.93" CONTENT="tässä"/><SP WIDTH="21" VPOS="413" HPOS="724"/>
							<String ID="string_69" HPOS="745" VPOS="411" WIDTH="129" HEIGHT="21" WC="0.89" CONTENT="oikaistava."/>
						</TextLine>
						<TextLine ID="line_9" HPOS="49" VPOS="440" WIDTH="825" HEIGHT="27">
							<String ID="string_70" HPOS="49" VPOS="440" WIDTH="70" HEIGHT="22" WC="0.96" CONTENT="Tässä"/><SP WIDTH="16" VPOS="440" HPOS="119"/>
							<String ID="string_71" HPOS="135" VPOS="442" WIDTH="117" HEIGHT="19" WC="0.91" CONTENT="sanotaan:"/><SP WIDTH="23" VPOS="442" HPOS="252"/>
							<String ID="string_72" HPOS="275" VPOS="440" WIDTH="135" HEIGHT="27" WC="0.89" CONTENT=",Kuitenkin"/><SP WIDTH="17" VPOS="440" HPOS="410"/>
							<String ID="string_73" HPOS="427" VPOS="441" WIDTH="81" HEIGHT="22" WC="0.96" CONTENT="älköön"/><SP WIDTH="13" VPOS="441" HPOS="508"/>
							<String ID="string_74" HPOS="521" VPOS="441" WIDTH="122" HEIGHT="22" WC="0.93" CONTENT="ilmoitusta"/><SP WIDTH="10" VPOS="441" HPOS="643"/>
							<String ID="string_75" HPOS="653" VPOS="441" WIDTH="122" HEIGHT="22" WC="0.92" CONTENT="tarvittako"/><SP WIDTH="10" VPOS="441" HPOS="775"/>
							<String ID="string_76" HPOS="785" VPOS="440" WIDTH="89" HEIGHT="22" WC="0.73" CONTENT="tehdä*."/>
						</TextLine>
						<TextLine ID="line_10" HPOS="51" VPOS="470" WIDTH="825" HEIGHT="26">
							<String ID="string_77" HPOS="51" VPOS="470" WIDTH="77" HEIGHT="22" WC="0.96" CONTENT="Pitäisi"/><SP WIDTH="15" VPOS="470" HPOS="128"/>
							<String ID="string_78" HPOS="143" VPOS="470" WIDTH="45" HEIGHT="22" WC="0.93" CONTENT="olla"/><SP WIDTH="16" VPOS="470" HPOS="188"/>
							<String ID="string_79" HPOS="204" VPOS="470" WIDTH="171" HEIGHT="26" WC="0.80" CONTENT=",kuitenkaan*."/><SP WIDTH="20" VPOS="470" HPOS="375"/>
							<String ID="string_80" HPOS="395" VPOS="470" WIDTH="68" HEIGHT="22" WC="0.96" CONTENT="Sama"/><SP WIDTH="16" VPOS="470" HPOS="463"/>
							<String ID="string_81" HPOS="479" VPOS="471" WIDTH="63" HEIGHT="22" WC="0.96" CONTENT="virhe"/><SP WIDTH="17" VPOS="471" HPOS="542"/>
							<String ID="string_82" HPOS="559" VPOS="478" WIDTH="28" HEIGHT="15" WC="0.96" CONTENT="on"/><SP WIDTH="11" VPOS="478" HPOS="587"/>
							<String ID="string_83" HPOS="598" VPOS="471" WIDTH="93" HEIGHT="22" WC="0.93" CONTENT="toisessa"/><SP WIDTH="11" VPOS="471" HPOS="691"/>
							<String ID="string_84" HPOS="702" VPOS="471" WIDTH="174" HEIGHT="22" WC="0.92" CONTENT="vastalauseessa"/>
						</TextLine>
						<TextLine ID="line_11" HPOS="51" VPOS="500" WIDTH="286" HEIGHT="28">
							<String ID="string_85" HPOS="51" VPOS="502" WIDTH="144" HEIGHT="20" WC="0.96" CONTENT="vastaavassa"/><SP WIDTH="15" VPOS="502" HPOS="195"/>
							<String ID="string_86" HPOS="210" VPOS="500" WIDTH="127" HEIGHT="28" WC="0.96" CONTENT="pykälässä."/>
						</TextLine>
					</TextBlock>
				</ComposedBlock>
				<ComposedBlock ID="cblock_3" HPOS="51" VPOS="565" WIDTH="826" HEIGHT="119">
					<TextBlock ID="block_3" HPOS="51" VPOS="565" WIDTH="826" HEIGHT="119">
						<TextLine ID="line_12" HPOS="123" VPOS="565" WIDTH="754" HEIGHT="30">
							<String ID="string_87" HPOS="123" VPOS="565" WIDTH="48" HEIGHT="22" WC="0.96" CONTENT="Hra"/><SP WIDTH="15" VPOS="565" HPOS="171"/>
							<String ID="string_88" HPOS="186" VPOS="566" WIDTH="76" HEIGHT="22" WC="0.96" CONTENT="Setälä:"/><SP WIDTH="27" VPOS="566" HPOS="262"/>
							<String ID="string_89" HPOS="289" VPOS="566" WIDTH="117" HEIGHT="21" WC="0.96" CONTENT="Minunkin"/><SP WIDTH="17" VPOS="566" HPOS="406"/>
							<String ID="string_90" HPOS="423" VPOS="566" WIDTH="156" HEIGHT="22" WC="0.96" CONTENT="aikomukseni"/><SP WIDTH="16" VPOS="566" HPOS="579"/>
							<String ID="string_91" HPOS="595" VPOS="566" WIDTH="30" HEIGHT="22" WC="0.96" CONTENT="oli"/><SP WIDTH="16" VPOS="566" HPOS="625"/>
							<String ID="string_92" HPOS="641" VPOS="566" WIDTH="144" HEIGHT="29" WC="0.96" CONTENT="huomauttaa"/><SP WIDTH="16" VPOS="566" HPOS="785"/>
							<String ID="string_93" HPOS="801" VPOS="572" WIDTH="76" HEIGHT="15" WC="0.96" CONTENT="samaa"/>
						</TextLine>
						<TextLine ID="line_13" HPOS="51" VPOS="595" WIDTH="825" HEIGHT="29">
							<String ID="string_94" HPOS="51" VPOS="596" WIDTH="99" HEIGHT="25" WC="0.96" CONTENT="seikkaa,"/><SP WIDTH="22" VPOS="596" HPOS="150"/>
							<String ID="string_95" HPOS="172" VPOS="595" WIDTH="59" HEIGHT="28" WC="0.96" CONTENT="josta"/><SP WIDTH="22" VPOS="595" HPOS="231"/>
							<String ID="string_96" HPOS="253" VPOS="596" WIDTH="66" HEIGHT="21" WC="0.96" CONTENT="herra"/><SP WIDTH="21" VPOS="596" HPOS="319"/>
							<String ID="string_97" HPOS="340" VPOS="596" WIDTH="146" HEIGHT="22" WC="0.96" CONTENT="Mannermaa"/><SP WIDTH="14" VPOS="596" HPOS="486"/>
							<String ID="string_98" HPOS="500" VPOS="596" WIDTH="24" HEIGHT="28" WC="0.96" CONTENT="jo"/><SP WIDTH="17" VPOS="596" HPOS="524"/>
							<String ID="string_99" HPOS="541" VPOS="596" WIDTH="130" HEIGHT="22" WC="0.95" CONTENT="huomautti."/><SP WIDTH="31" VPOS="596" HPOS="671"/>
							<String ID="string_100" HPOS="702" VPOS="596" WIDTH="89" HEIGHT="22" WC="0.91" CONTENT="Älköön"/><SP WIDTH="16" VPOS="596" HPOS="791"/>
							<String ID="string_101" HPOS="807" VPOS="595" WIDTH="69" HEIGHT="22" WC="0.88" CONTENT="ilmoi-"/>
						</TextLine>
						<TextLine ID="line_14" HPOS="51" VPOS="625" WIDTH="825" HEIGHT="29">
							<String ID="string_102" HPOS="51" VPOS="627" WIDTH="59" HEIGHT="20" WC="0.74" CONTENT="tusta"/><SP WIDTH="23" VPOS="627" HPOS="110"/>
							<String ID="string_103" HPOS="133" VPOS="625" WIDTH="148" HEIGHT="27" WC="0.58" CONTENT=",tarvittako*"/><SP WIDTH="22" VPOS="625" HPOS="281"/>
							<String ID="string_104" HPOS="303" VPOS="626" WIDTH="74" HEIGHT="26" WC="0.96" CONTENT="tehdä,"/><SP WIDTH="18" VPOS="626" HPOS="377"/>
							<String ID="string_105" HPOS="395" VPOS="626" WIDTH="20" HEIGHT="22" WC="0.96" CONTENT="ei"/><SP WIDTH="17" VPOS="626" HPOS="415"/>
							<String ID="string_106" HPOS="432" VPOS="626" WIDTH="36" HEIGHT="22" WC="0.96" CONTENT="ole"/><SP WIDTH="16" VPOS="626" HPOS="468"/>
							<String ID="string_107" HPOS="484" VPOS="626" WIDTH="124" HEIGHT="28" WC="0.96" CONTENT="myöskään"/><SP WIDTH="15" VPOS="626" HPOS="608"/>
							<String ID="string_108" HPOS="623" VPOS="626" WIDTH="69" HEIGHT="28" WC="0.96" CONTENT="hyvin"/><SP WIDTH="17" VPOS="626" HPOS="692"/>
							<String ID="string_109" HPOS="709" VPOS="628" WIDTH="94" HEIGHT="19" WC="0.91" CONTENT="sanottu."/><SP WIDTH="34" VPOS="628" HPOS="803"/>
							<String ID="string_110" HPOS="837" VPOS="625" WIDTH="39" HEIGHT="22" WC="0.91" CONTENT="Pa-"/>
						</TextLine>
						<TextLine ID="line_15" HPOS="52" VPOS="655" WIDTH="286" HEIGHT="29">
							<String ID="string_111" HPOS="52" VPOS="655" WIDTH="70" HEIGHT="29" WC="0.96" CONTENT="rempi"/><SP WIDTH="17" VPOS="655" HPOS="122"/>
							<String ID="string_112" HPOS="139" VPOS="656" WIDTH="49" HEIGHT="21" WC="0.93" CONTENT="olisi"/><SP WIDTH="18" VPOS="656" HPOS="188"/>
							<String ID="string_113" HPOS="206" VPOS="656" WIDTH="132" HEIGHT="25" WC="0.78" CONTENT=",tarvitko*."/>
						</TextLine>
					</TextBlock>
				</ComposedBlock>
				<ComposedBlock ID="cblock_4" HPOS="52" VPOS="721" WIDTH="826" HEIGHT="207">
					<TextBlock ID="block_4" HPOS="52" VPOS="721" WIDTH="826" HEIGHT="207">
						<TextLine ID="line_16" HPOS="122" VPOS="721" WIDTH="755" HEIGHT="27">
							<String ID="string_114" HPOS="122" VPOS="721" WIDTH="48" HEIGHT="22" WC="0.96" CONTENT="Hra"/><SP WIDTH="23" VPOS="721" HPOS="170"/>
							<String ID="string_115" HPOS="193" VPOS="721" WIDTH="115" HEIGHT="27" WC="0.96" CONTENT="Björklund:"/><SP WIDTH="32" VPOS="721" HPOS="308"/>
							<String ID="string_116" HPOS="340" VPOS="721" WIDTH="62" HEIGHT="22" WC="0.96" CONTENT="Minä"/><SP WIDTH="24" VPOS="721" HPOS="402"/>
							<String ID="string_117" HPOS="426" VPOS="722" WIDTH="103" HEIGHT="25" WC="0.96" CONTENT="muistan,"/><SP WIDTH="22" VPOS="722" HPOS="529"/>
							<String ID="string_118" HPOS="551" VPOS="723" WIDTH="46" HEIGHT="20" WC="0.93" CONTENT="että"/><SP WIDTH="15" VPOS="723" HPOS="597"/>
							<String ID="string_119" HPOS="612" VPOS="721" WIDTH="220" HEIGHT="22" WC="0.91" CONTENT="lakivaliokunnassa"/><SP WIDTH="15" VPOS="721" HPOS="832"/>
							<String ID="string_120" HPOS="847" VPOS="721" WIDTH="30" HEIGHT="22" WC="0.96" CONTENT="oli"/>
						</TextLine>
						<TextLine ID="line_17" HPOS="53" VPOS="751" WIDTH="825" HEIGHT="28">
							<String ID="string_121" HPOS="53" VPOS="751" WIDTH="108" HEIGHT="28" WC="0.96" CONTENT="kysymys"/><SP WIDTH="16" VPOS="751" HPOS="161"/>
							<String ID="string_122" HPOS="177" VPOS="752" WIDTH="58" HEIGHT="21" WC="0.96" CONTENT="tästä"/><SP WIDTH="16" VPOS="752" HPOS="235"/>
							<String ID="string_123" HPOS="251" VPOS="752" WIDTH="88" HEIGHT="26" WC="0.96" CONTENT="asiasta,"/><SP WIDTH="14" VPOS="752" HPOS="339"/>
							<String ID="string_124" HPOS="353" VPOS="752" WIDTH="26" HEIGHT="27" WC="0.97" CONTENT="ja"/><SP WIDTH="15" VPOS="752" HPOS="379"/>
							<String ID="string_125" HPOS="394" VPOS="751" WIDTH="75" HEIGHT="22" WC="0.96" CONTENT="silloin"/><SP WIDTH="18" VPOS="751" HPOS="469"/>
							<String ID="string_126" HPOS="487" VPOS="751" WIDTH="171" HEIGHT="22" WC="0.96" CONTENT="huomautettiin"/><SP WIDTH="16" VPOS="751" HPOS="658"/>
							<String ID="string_127" HPOS="674" VPOS="753" WIDTH="46" HEIGHT="20" WC="0.93" CONTENT="että"/><SP WIDTH="15" VPOS="753" HPOS="720"/>
							<String ID="string_128" HPOS="735" VPOS="751" WIDTH="143" HEIGHT="22" WC="0.91" CONTENT="lakikielessä"/>
						</TextLine>
						<TextLine ID="line_18" HPOS="52" VPOS="781" WIDTH="824" HEIGHT="28">
							<String ID="string_129" HPOS="52" VPOS="781" WIDTH="122" HEIGHT="28" WC="0.96" CONTENT="käytetään"/><SP WIDTH="16" VPOS="781" HPOS="174"/>
							<String ID="string_130" HPOS="190" VPOS="781" WIDTH="79" HEIGHT="22" WC="0.93" CONTENT="välistä"/><SP WIDTH="18" VPOS="781" HPOS="269"/>
							<String ID="string_131" HPOS="287" VPOS="781" WIDTH="172" HEIGHT="22" WC="0.90" CONTENT="kielteisissäkin"/><SP WIDTH="16" VPOS="781" HPOS="459"/>
							<String ID="string_132" HPOS="475" VPOS="781" WIDTH="108" HEIGHT="22" WC="0.95" CONTENT="lauseissa"/><SP WIDTH="15" VPOS="781" HPOS="583"/>
							<String ID="string_133" HPOS="598" VPOS="781" WIDTH="128" HEIGHT="22" WC="0.93" CONTENT="tämmöistä"/><SP WIDTH="15" VPOS="781" HPOS="726"/>
							<String ID="string_134" HPOS="741" VPOS="781" WIDTH="135" HEIGHT="28" WC="0.93" CONTENT="lausetapaa."/>
						</TextLine>
						<TextLine ID="line_19" HPOS="52" VPOS="811" WIDTH="825" HEIGHT="28">
							<String ID="string_135" HPOS="52" VPOS="811" WIDTH="113" HEIGHT="22" WC="0.92" CONTENT="Sanottiin"/><SP WIDTH="16" VPOS="811" HPOS="165"/>
							<String ID="string_136" HPOS="181" VPOS="811" WIDTH="80" HEIGHT="22" WC="0.96" CONTENT="olevan"/><SP WIDTH="14" VPOS="811" HPOS="261"/>
							<String ID="string_137" HPOS="275" VPOS="811" WIDTH="101" HEIGHT="28" WC="0.96" CONTENT="jossakin"/><SP WIDTH="12" VPOS="811" HPOS="376"/>
							<String ID="string_138" HPOS="388" VPOS="811" WIDTH="129" HEIGHT="22" WC="0.96" CONTENT="muussakin"/><SP WIDTH="16" VPOS="811" HPOS="517"/>
							<String ID="string_139" HPOS="533" VPOS="811" WIDTH="73" HEIGHT="26" WC="0.96" CONTENT="laissa,"/><SP WIDTH="10" VPOS="811" HPOS="606"/>
							<String ID="string_140" HPOS="616" VPOS="811" WIDTH="36" HEIGHT="28" WC="0.96" CONTENT="jos"/><SP WIDTH="11" VPOS="811" HPOS="652"/>
							<String ID="string_141" HPOS="663" VPOS="818" WIDTH="27" HEIGHT="15" WC="0.96" CONTENT="en"/><SP WIDTH="12" VPOS="818" HPOS="690"/>
							<String ID="string_142" HPOS="702" VPOS="811" WIDTH="77" HEIGHT="21" WC="0.96" CONTENT="väärin"/><SP WIDTH="12" VPOS="811" HPOS="779"/>
							<String ID="string_143" HPOS="791" VPOS="811" WIDTH="86" HEIGHT="26" WC="0.96" CONTENT="muista,"/>
						</TextLine>
						<TextLine ID="line_20" HPOS="54" VPOS="840" WIDTH="824" HEIGHT="23">
							<String ID="string_144" HPOS="54" VPOS="841" WIDTH="127" HEIGHT="21" WC="0.93" CONTENT="rikoslaissa"/><SP WIDTH="15" VPOS="841" HPOS="181"/>
							<String ID="string_145" HPOS="196" VPOS="841" WIDTH="135" HEIGHT="22" WC="0.92" CONTENT="samallaisia"/><SP WIDTH="16" VPOS="841" HPOS="331"/>
							<String ID="string_146" HPOS="347" VPOS="841" WIDTH="100" HEIGHT="22" WC="0.95" CONTENT="lauseita."/><SP WIDTH="22" VPOS="841" HPOS="447"/>
							<String ID="string_147" HPOS="469" VPOS="841" WIDTH="98" HEIGHT="22" WC="0.96" CONTENT="Ainakin"/><SP WIDTH="16" VPOS="841" HPOS="567"/>
							<String ID="string_148" HPOS="583" VPOS="841" WIDTH="150" HEIGHT="22" WC="0.96" CONTENT="valiokunnan"/><SP WIDTH="16" VPOS="841" HPOS="733"/>
							<String ID="string_149" HPOS="749" VPOS="840" WIDTH="129" HEIGHT="22" WC="0.96" CONTENT="lakimiehet"/>
						</TextLine>
						<TextLine ID="line_21" HPOS="54" VPOS="870" WIDTH="822" HEIGHT="29">
							<String ID="string_150" HPOS="54" VPOS="872" WIDTH="53" HEIGHT="20" WC="0.96" CONTENT="ovat"/><SP WIDTH="14" VPOS="872" HPOS="107"/>
							<String ID="string_151" HPOS="121" VPOS="870" WIDTH="39" HEIGHT="22" WC="0.96" CONTENT="siis"/><SP WIDTH="16" VPOS="870" HPOS="160"/>
							<String ID="string_152" HPOS="176" VPOS="871" WIDTH="155" HEIGHT="28" WC="0.96" CONTENT="hyväksyneet"/><SP WIDTH="16" VPOS="871" HPOS="331"/>
							<String ID="string_153" HPOS="347" VPOS="878" WIDTH="39" HEIGHT="15" WC="0.96" CONTENT="sen"/><SP WIDTH="17" VPOS="878" HPOS="386"/>
							<String ID="string_154" HPOS="403" VPOS="871" WIDTH="104" HEIGHT="26" WC="0.96" CONTENT="muodon,"/><SP WIDTH="18" VPOS="871" HPOS="507"/>
							<String ID="string_155" HPOS="525" VPOS="871" WIDTH="61" HEIGHT="22" WC="0.96" CONTENT="mikä"/><SP WIDTH="10" VPOS="871" HPOS="586"/>
							<String ID="string_156" HPOS="596" VPOS="871" WIDTH="54" HEIGHT="22" WC="0.96" CONTENT="tällä"/><SP WIDTH="11" VPOS="871" HPOS="650"/>
							<String ID="string_157" HPOS="661" VPOS="871" WIDTH="105" HEIGHT="22" WC="0.94" CONTENT="lauseella"/><SP WIDTH="11" VPOS="871" HPOS="766"/>
							<String ID="string_158" HPOS="777" VPOS="877" WIDTH="28" HEIGHT="15" WC="0.96" CONTENT="on"/><SP WIDTH="10" VPOS="877" HPOS="805"/>
							<String ID="string_159" HPOS="815" VPOS="870" WIDTH="61" HEIGHT="22" WC="0.96" CONTENT="esillä"/>
						</TextLine>
						<TextLine ID="line_22" HPOS="53" VPOS="900" WIDTH="242" HEIGHT="28">
							<String ID="string_160" HPOS="53" VPOS="900" WIDTH="103" HEIGHT="22" WC="0.94" CONTENT="olevassa"/><SP WIDTH="14" VPOS="900" HPOS="156"/>
							<String ID="string_161" HPOS="170" VPOS="901" WIDTH="125" HEIGHT="27" WC="0.95" CONTENT="pykälässä."/>
						</TextLine>
					</TextBlock>
				</ComposedBlock>
				<ComposedBlock ID="cblock_5" HPOS="54" VPOS="965" WIDTH="826" HEIGHT="148">
					<TextBlock ID="block_5" HPOS="54" VPOS="965" WIDTH="826" HEIGHT="148">
						<TextLine ID="line_23" HPOS="126" VPOS="965" WIDTH="752" HEIGHT="29">
							<String ID="string_162" HPOS="126" VPOS="965" WIDTH="48" HEIGHT="22" WC="0.96" CONTENT="Hra"/><SP WIDTH="19" VPOS="965" HPOS="174"/>
							<String ID="string_163" HPOS="193" VPOS="972" WIDTH="18" HEIGHT="15" WC="0.96" CONTENT="v."/><SP WIDTH="21" VPOS="972" HPOS="211"/>
							<String ID="string_164" HPOS="232" VPOS="966" WIDTH="77" HEIGHT="22" WC="0.95" CONTENT="Pfaler:"/><SP WIDTH="32" VPOS="966" HPOS="309"/>
							<String ID="string_165" HPOS="341" VPOS="966" WIDTH="68" HEIGHT="28" WC="0.96" CONTENT="Kyllä"/><SP WIDTH="16" VPOS="966" HPOS="409"/>
							<String ID="string_166" HPOS="425" VPOS="968" WIDTH="62" HEIGHT="19" WC="0.96" CONTENT="tämä"/><SP WIDTH="15" VPOS="968" HPOS="487"/>
							<String ID="string_167" HPOS="502" VPOS="968" WIDTH="76" HEIGHT="21" WC="0.96" CONTENT="muoto"/><SP WIDTH="16" VPOS="968" HPOS="578"/>
							<String ID="string_168" HPOS="594" VPOS="967" WIDTH="21" HEIGHT="21" WC="0.96" CONTENT="ei"/><SP WIDTH="16" VPOS="967" HPOS="615"/>
							<String ID="string_169" HPOS="631" VPOS="966" WIDTH="34" HEIGHT="22" WC="0.96" CONTENT="ole"/><SP WIDTH="17" VPOS="966" HPOS="665"/>
							<String ID="string_170" HPOS="682" VPOS="966" WIDTH="196" HEIGHT="22" WC="0.96" CONTENT="lakivaliokunnan"/>
						</TextLine>
						<TextLine ID="line_24" HPOS="54" VPOS="995" WIDTH="825" HEIGHT="30">
							<String ID="string_171" HPOS="54" VPOS="995" WIDTH="100" HEIGHT="29" WC="0.94" CONTENT="puolelta"/><SP WIDTH="22" VPOS="995" HPOS="154"/>
							<String ID="string_172" HPOS="176" VPOS="995" WIDTH="89" HEIGHT="22" WC="0.95" CONTENT="mikään"/><SP WIDTH="24" VPOS="995" HPOS="265"/>
							<String ID="string_173" HPOS="289" VPOS="996" WIDTH="102" HEIGHT="28" WC="0.95" CONTENT="erehdys,"/><SP WIDTH="24" VPOS="996" HPOS="391"/>
							<String ID="string_174" HPOS="415" VPOS="1003" WIDTH="58" HEIGHT="14" WC="0.95" CONTENT="vaan"/><SP WIDTH="24" VPOS="1003" HPOS="473"/>
							<String ID="string_175" HPOS="497" VPOS="1003" WIDTH="24" HEIGHT="15" WC="0.95" CONTENT="se"/><SP WIDTH="24" VPOS="1003" HPOS="521"/>
							<String ID="string_176" HPOS="545" VPOS="997" WIDTH="36" HEIGHT="26" WC="0.95" CONTENT="oli,"/><SP WIDTH="19" VPOS="997" HPOS="581"/>
							<String ID="string_177" HPOS="600" VPOS="997" WIDTH="36" HEIGHT="28" WC="0.96" CONTENT="jos"/><SP WIDTH="25" VPOS="997" HPOS="636"/>
							<String ID="string_178" HPOS="661" VPOS="1003" WIDTH="28" HEIGHT="15" WC="0.96" CONTENT="en"/><SP WIDTH="17" VPOS="1003" HPOS="689"/>
							<String ID="string_179" HPOS="706" VPOS="996" WIDTH="76" HEIGHT="21" WC="0.96" CONTENT="väärin"/><SP WIDTH="17" VPOS="996" HPOS="782"/>
							<String ID="string_180" HPOS="799" VPOS="995" WIDTH="80" HEIGHT="22" WC="0.96" CONTENT="muista"/>
						</TextLine>
						<TextLine ID="line_25" HPOS="55" VPOS="1025" WIDTH="824" HEIGHT="28">
							<String ID="string_181" HPOS="55" VPOS="1025" WIDTH="63" HEIGHT="21" WC="0.96" CONTENT="kaksi"/><SP WIDTH="24" VPOS="1025" HPOS="118"/>
							<String ID="string_182" HPOS="142" VPOS="1025" WIDTH="32" HEIGHT="21" WC="0.96" CONTENT="eri"/><SP WIDTH="23" VPOS="1025" HPOS="174"/>
							<String ID="string_183" HPOS="197" VPOS="1026" WIDTH="78" HEIGHT="22" WC="0.95" CONTENT="kertaa"/><SP WIDTH="21" VPOS="1026" HPOS="275"/>
							<String ID="string_184" HPOS="296" VPOS="1026" WIDTH="122" HEIGHT="27" WC="0.93" CONTENT="pitemmän"/><SP WIDTH="16" VPOS="1026" HPOS="418"/>
							<String ID="string_185" HPOS="434" VPOS="1026" WIDTH="93" HEIGHT="21" WC="0.91" CONTENT="debatin"/><SP WIDTH="16" VPOS="1026" HPOS="527"/>
							<String ID="string_186" HPOS="543" VPOS="1026" WIDTH="104" HEIGHT="22" WC="0.96" CONTENT="alaisena."/><SP WIDTH="32" VPOS="1026" HPOS="647"/>
							<String ID="string_187" HPOS="679" VPOS="1026" WIDTH="61" HEIGHT="21" WC="0.96" CONTENT="Minä"/><SP WIDTH="15" VPOS="1026" HPOS="740"/>
							<String ID="string_188" HPOS="755" VPOS="1025" WIDTH="124" HEIGHT="28" WC="0.96" CONTENT="puolestani"/>
						</TextLine>
						<TextLine ID="line_26" HPOS="55" VPOS="1055" WIDTH="825" HEIGHT="28">
							<String ID="string_189" HPOS="55" VPOS="1055" WIDTH="68" HEIGHT="28" WC="0.95" CONTENT="pidän"/><SP WIDTH="22" VPOS="1055" HPOS="123"/>
							<String ID="string_190" HPOS="145" VPOS="1055" WIDTH="66" HEIGHT="21" WC="0.95" CONTENT="aivan"/><SP WIDTH="18" VPOS="1055" HPOS="211"/>
							<String ID="string_191" HPOS="229" VPOS="1055" WIDTH="164" HEIGHT="22" WC="0.96" CONTENT="luonnollisena"/><SP WIDTH="16" VPOS="1055" HPOS="393"/>
							<String ID="string_192" HPOS="409" VPOS="1057" WIDTH="46" HEIGHT="20" WC="0.96" CONTENT="että"/><SP WIDTH="16" VPOS="1057" HPOS="455"/>
							<String ID="string_193" HPOS="471" VPOS="1056" WIDTH="61" HEIGHT="27" WC="0.96" CONTENT="pitää"/><SP WIDTH="17" VPOS="1056" HPOS="532"/>
							<String ID="string_194" HPOS="549" VPOS="1055" WIDTH="56" HEIGHT="23" WC="0.93" CONTENT="olla:"/><SP WIDTH="18" VPOS="1055" HPOS="605"/>
							<String ID="string_195" HPOS="623" VPOS="1055" WIDTH="170" HEIGHT="28" WC="0.78" CONTENT=",kuitenkaan*,"/><SP WIDTH="17" VPOS="1055" HPOS="793"/>
							<String ID="string_196" HPOS="810" VPOS="1056" WIDTH="70" HEIGHT="20" WC="0.96" CONTENT="mutta"/>
						</TextLine>
						<TextLine ID="line_27" HPOS="55" VPOS="1085" WIDTH="401" HEIGHT="28">
							<String ID="string_197" HPOS="55" VPOS="1085" WIDTH="132" HEIGHT="22" WC="0.96" CONTENT="enemmistö"/><SP WIDTH="16" VPOS="1085" HPOS="187"/>
							<String ID="string_198" HPOS="203" VPOS="1085" WIDTH="30" HEIGHT="22" WC="0.97" CONTENT="oli"/><SP WIDTH="16" VPOS="1085" HPOS="233"/>
							<String ID="string_199" HPOS="249" VPOS="1085" WIDTH="88" HEIGHT="22" WC="0.96" CONTENT="toisella"/><SP WIDTH="16" VPOS="1085" HPOS="337"/>
							<String ID="string_200" HPOS="353" VPOS="1085" WIDTH="103" HEIGHT="28" WC="0.96" CONTENT="puolella."/>
						</TextLine>
					</TextBlock>
				</ComposedBlock>
				<ComposedBlock ID="cblock_6" HPOS="127" VPOS="1150" WIDTH="675" HEIGHT="88">
					<TextBlock ID="block_6" HPOS="127" VPOS="1150" WIDTH="675" HEIGHT="88">
						<TextLine ID="line_28" HPOS="128" VPOS="1150" WIDTH="507" HEIGHT="29">
							<String ID="string_201" HPOS="128" VPOS="1151" WIDTH="13" HEIGHT="21" WC="0.82" CONTENT="9"/><SP WIDTH="17" VPOS="1151" HPOS="141"/>
							<String ID="string_202" HPOS="158" VPOS="1150" WIDTH="34" HEIGHT="29" WC="0.82" CONTENT="&amp;:n"/><SP WIDTH="16" VPOS="1150" HPOS="192"/>
							<String ID="string_203" HPOS="208" VPOS="1153" WIDTH="96" HEIGHT="20" WC="0.96" CONTENT="säännös"/><SP WIDTH="16" VPOS="1153" HPOS="304"/>
							<String ID="string_204" HPOS="320" VPOS="1151" WIDTH="138" HEIGHT="28" WC="0.96" CONTENT="hyväksyttiin,"/><SP WIDTH="17" VPOS="1151" HPOS="458"/>
							<String ID="string_205" HPOS="475" VPOS="1152" WIDTH="86" HEIGHT="21" WC="0.96" CONTENT="samoin"/><SP WIDTH="15" VPOS="1152" HPOS="561"/>
							<String ID="string_206" HPOS="576" VPOS="1151" WIDTH="24" HEIGHT="22" WC="0.96" CONTENT="10"/><SP WIDTH="16" VPOS="1151" HPOS="600"/>
							<String ID="string_207" HPOS="616" VPOS="1151" WIDTH="19" HEIGHT="28" WC="0.34" CONTENT="8."/>
						</TextLine>
						<TextLine ID="line_29" HPOS="127" VPOS="1209" WIDTH="675" HEIGHT="29">
							<String ID="string_208" HPOS="127" VPOS="1209" WIDTH="17" HEIGHT="23" WC="0.92" CONTENT="11"/><SP WIDTH="17" VPOS="1209" HPOS="144"/>
							<String ID="string_209" HPOS="161" VPOS="1210" WIDTH="34" HEIGHT="28" WC="0.22" CONTENT="8:n"/><SP WIDTH="17" VPOS="1210" HPOS="195"/>
							<String ID="string_210" HPOS="212" VPOS="1213" WIDTH="95" HEIGHT="19" WC="0.96" CONTENT="säännös"/><SP WIDTH="16" VPOS="1213" HPOS="307"/>
							<String ID="string_211" HPOS="323" VPOS="1211" WIDTH="60" HEIGHT="21" WC="0.96" CONTENT="antoi"/><SP WIDTH="17" VPOS="1211" HPOS="383"/>
							<String ID="string_212" HPOS="400" VPOS="1211" WIDTH="85" HEIGHT="21" WC="0.96" CONTENT="aihetta"/><SP WIDTH="16" VPOS="1211" HPOS="485"/>
							<String ID="string_213" HPOS="501" VPOS="1211" WIDTH="125" HEIGHT="22" WC="0.96" CONTENT="seuraaviin"/><SP WIDTH="17" VPOS="1211" HPOS="626"/>
							<String ID="string_214" HPOS="643" VPOS="1211" WIDTH="159" HEIGHT="21" WC="0.96" CONTENT="lausuntoihin:"/>
						</TextLine>
					</TextBlock>
				</ComposedBlock>
				<ComposedBlock ID="cblock_7" HPOS="56" VPOS="1269" WIDTH="827" HEIGHT="235">
					<TextBlock ID="block_7" HPOS="56" VPOS="1269" WIDTH="827" HEIGHT="235">
						<TextLine ID="line_30" HPOS="128" VPOS="1269" WIDTH="752" HEIGHT="30">
							<String ID="string_215" HPOS="128" VPOS="1269" WIDTH="48" HEIGHT="22" WC="0.96" CONTENT="Hra"/><SP WIDTH="21" VPOS="1269" HPOS="176"/>
							<String ID="string_216" HPOS="197" VPOS="1270" WIDTH="77" HEIGHT="22" WC="0.95" CONTENT="Heikel:"/><SP WIDTH="31" VPOS="1270" HPOS="274"/>
							<String ID="string_217" HPOS="305" VPOS="1270" WIDTH="45" HEIGHT="28" WC="0.95" CONTENT="Jag"/><SP WIDTH="15" VPOS="1270" HPOS="350"/>
							<String ID="string_218" HPOS="365" VPOS="1270" WIDTH="41" HEIGHT="22" WC="0.96" CONTENT="ber"/><SP WIDTH="16" VPOS="1270" HPOS="406"/>
							<String ID="string_219" HPOS="422" VPOS="1277" WIDTH="37" HEIGHT="15" WC="0.92" CONTENT="om"/><SP WIDTH="16" VPOS="1277" HPOS="459"/>
							<String ID="string_220" HPOS="475" VPOS="1270" WIDTH="76" HEIGHT="22" WC="0.84" CONTENT="ursäkt"/><SP WIDTH="17" VPOS="1270" HPOS="551"/>
							<String ID="string_221" HPOS="568" VPOS="1272" WIDTH="32" HEIGHT="19" WC="0.96" CONTENT="att"/><SP WIDTH="13" VPOS="1272" HPOS="600"/>
							<String ID="string_222" HPOS="613" VPOS="1271" WIDTH="41" HEIGHT="28" WC="0.93" CONTENT="jag"/><SP WIDTH="16" VPOS="1271" HPOS="654"/>
							<String ID="string_223" HPOS="670" VPOS="1271" WIDTH="47" HEIGHT="21" WC="0.96" CONTENT="åter"/><SP WIDTH="15" VPOS="1271" HPOS="717"/>
							<String ID="string_224" HPOS="732" VPOS="1272" WIDTH="35" HEIGHT="19" WC="0.93" CONTENT="tar"/><SP WIDTH="15" VPOS="1272" HPOS="767"/>
							<String ID="string_225" HPOS="782" VPOS="1269" WIDTH="98" HEIGHT="22" WC="0.93" CONTENT="ständets"/>
						</TextLine>
						<TextLine ID="line_31" HPOS="56" VPOS="1299" WIDTH="826" HEIGHT="29">
							<String ID="string_226" HPOS="56" VPOS="1299" WIDTH="198" HEIGHT="29" WC="0.96" CONTENT="uppmärksamhet"/><SP WIDTH="16" VPOS="1299" HPOS="254"/>
							<String ID="string_227" HPOS="270" VPOS="1300" WIDTH="8" HEIGHT="21" WC="0.93" CONTENT="i"/><SP WIDTH="16" VPOS="1300" HPOS="278"/>
							<String ID="string_228" HPOS="294" VPOS="1300" WIDTH="103" HEIGHT="28" WC="0.92" CONTENT="anspräk."/><SP WIDTH="28" VPOS="1300" HPOS="397"/>
							<String ID="string_229" HPOS="425" VPOS="1300" WIDTH="46" HEIGHT="28" WC="0.95" CONTENT="Jag"/><SP WIDTH="15" VPOS="1300" HPOS="471"/>
							<String ID="string_230" HPOS="486" VPOS="1300" WIDTH="71" HEIGHT="21" WC="0.96" CONTENT="skulle"/><SP WIDTH="16" VPOS="1300" HPOS="557"/>
							<String ID="string_231" HPOS="573" VPOS="1300" WIDTH="29" HEIGHT="21" WC="0.96" CONTENT="be"/><SP WIDTH="16" VPOS="1300" HPOS="602"/>
							<String ID="string_232" HPOS="618" VPOS="1302" WIDTH="32" HEIGHT="19" WC="0.93" CONTENT="att"/><SP WIDTH="14" VPOS="1302" HPOS="650"/>
							<String ID="string_233" HPOS="664" VPOS="1299" WIDTH="24" HEIGHT="22" WC="0.93" CONTENT="fä"/><SP WIDTH="15" VPOS="1299" HPOS="688"/>
							<String ID="string_234" HPOS="703" VPOS="1302" WIDTH="54" HEIGHT="26" WC="0.96" CONTENT="göra"/><SP WIDTH="17" VPOS="1302" HPOS="757"/>
							<String ID="string_235" HPOS="774" VPOS="1306" WIDTH="27" HEIGHT="15" WC="0.93" CONTENT="en"/><SP WIDTH="16" VPOS="1306" HPOS="801"/>
							<String ID="string_236" HPOS="817" VPOS="1299" WIDTH="65" HEIGHT="28" WC="0.91" CONTENT="fräga"/>
						</TextLine>
						<TextLine ID="line_32" HPOS="56" VPOS="1329" WIDTH="825" HEIGHT="29">
							<String ID="string_237" HPOS="56" VPOS="1329" WIDTH="141" HEIGHT="22" WC="0.96" CONTENT="beträffande"/><SP WIDTH="16" VPOS="1329" HPOS="197"/>
							<String ID="string_238" HPOS="213" VPOS="1329" WIDTH="72" HEIGHT="22" WC="0.93" CONTENT="denna"/><SP WIDTH="16" VPOS="1329" HPOS="285"/>
							<String ID="string_239" HPOS="301" VPOS="1330" WIDTH="78" HEIGHT="28" WC="0.93" CONTENT="punkt."/><SP WIDTH="27" VPOS="1330" HPOS="379"/>
							<String ID="string_240" HPOS="406" VPOS="1330" WIDTH="79" HEIGHT="28" WC="0.93" CONTENT="Enligt"/><SP WIDTH="15" VPOS="1330" HPOS="485"/>
							<String ID="string_241" HPOS="500" VPOS="1330" WIDTH="14" HEIGHT="28" WC="0.91" CONTENT="&amp;"/><SP WIDTH="15" VPOS="1330" HPOS="514"/>
							<String ID="string_242" HPOS="529" VPOS="1331" WIDTH="14" HEIGHT="20" WC="0.92" CONTENT="9"/><SP WIDTH="17" VPOS="1331" HPOS="543"/>
							<String ID="string_243" HPOS="560" VPOS="1330" WIDTH="108" HEIGHT="22" WC="0.92" CONTENT="likställes"/><SP WIDTH="16" VPOS="1330" HPOS="668"/>
							<String ID="string_244" HPOS="684" VPOS="1329" WIDTH="130" HEIGHT="28" WC="0.92" CONTENT="visserligen"/><SP WIDTH="16" VPOS="1329" HPOS="814"/>
							<String ID="string_245" HPOS="830" VPOS="1335" WIDTH="51" HEIGHT="22" WC="0.92" CONTENT="pro-"/>
						</TextLine>
						<TextLine ID="line_33" HPOS="57" VPOS="1358" WIDTH="824" HEIGHT="30">
							<String ID="string_246" HPOS="57" VPOS="1359" WIDTH="87" HEIGHT="22" WC="0.84" CONTENT="cession"/><SP WIDTH="20" VPOS="1359" HPOS="144"/>
							<String ID="string_247" HPOS="164" VPOS="1359" WIDTH="42" HEIGHT="22" WC="0.93" CONTENT="och"/><SP WIDTH="19" VPOS="1359" HPOS="206"/>
							<String ID="string_248" HPOS="225" VPOS="1361" WIDTH="40" HEIGHT="27" WC="0.96" CONTENT="tåg"/><SP WIDTH="16" VPOS="1361" HPOS="265"/>
							<String ID="string_249" HPOS="281" VPOS="1359" WIDTH="51" HEIGHT="22" WC="0.96" CONTENT="med"/><SP WIDTH="17" VPOS="1359" HPOS="332"/>
							<String ID="string_250" HPOS="349" VPOS="1360" WIDTH="83" HEIGHT="21" WC="0.93" CONTENT="allmän"/><SP WIDTH="17" VPOS="1360" HPOS="432"/>
							<String ID="string_251" HPOS="449" VPOS="1360" WIDTH="176" HEIGHT="21" WC="0.96" CONTENT="sammankomst"/><SP WIDTH="16" VPOS="1360" HPOS="625"/>
							<String ID="string_252" HPOS="641" VPOS="1359" WIDTH="70" HEIGHT="22" WC="0.96" CONTENT="under"/><SP WIDTH="15" VPOS="1359" HPOS="711"/>
							<String ID="string_253" HPOS="726" VPOS="1359" WIDTH="41" HEIGHT="22" WC="0.93" CONTENT="bar"/><SP WIDTH="16" VPOS="1359" HPOS="767"/>
							<String ID="string_254" HPOS="783" VPOS="1358" WIDTH="98" HEIGHT="27" WC="0.96" CONTENT="himmel,"/>
						</TextLine>
						<TextLine ID="line_34" HPOS="57" VPOS="1388" WIDTH="824" HEIGHT="30">
							<String ID="string_255" HPOS="57" VPOS="1396" WIDTH="52" HEIGHT="14" WC="0.95" CONTENT="men"/><SP WIDTH="22" VPOS="1396" HPOS="109"/>
							<String ID="string_256" HPOS="131" VPOS="1389" WIDTH="7" HEIGHT="21" WC="0.95" CONTENT="i"/><SP WIDTH="22" VPOS="1389" HPOS="138"/>
							<String ID="string_257" HPOS="160" VPOS="1389" WIDTH="72" HEIGHT="21" WC="0.93" CONTENT="denna"/><SP WIDTH="16" VPOS="1389" HPOS="232"/>
							<String ID="string_258" HPOS="248" VPOS="1389" WIDTH="109" HEIGHT="28" WC="0.96" CONTENT="paragraf"/><SP WIDTH="12" VPOS="1389" HPOS="357"/>
							<String ID="string_259" HPOS="369" VPOS="1389" WIDTH="73" HEIGHT="21" WC="0.93" CONTENT="finnas"/><SP WIDTH="17" VPOS="1389" HPOS="442"/>
							<String ID="string_260" HPOS="459" VPOS="1389" WIDTH="177" HEIGHT="29" WC="0.91" CONTENT="straffpäföljder"/><SP WIDTH="16" VPOS="1389" HPOS="636"/>
							<String ID="string_261" HPOS="652" VPOS="1389" WIDTH="55" HEIGHT="21" WC="0.96" CONTENT="blott"/><SP WIDTH="16" VPOS="1389" HPOS="707"/>
							<String ID="string_262" HPOS="723" VPOS="1389" WIDTH="37" HEIGHT="21" WC="0.93" CONTENT="för"/><SP WIDTH="15" VPOS="1389" HPOS="760"/>
							<String ID="string_263" HPOS="775" VPOS="1388" WIDTH="106" HEIGHT="22" WC="0.57" CONTENT="ofverträ-"/>
						</TextLine>
						<TextLine ID="line_35" HPOS="58" VPOS="1417" WIDTH="824" HEIGHT="30">
							<String ID="string_264" HPOS="58" VPOS="1418" WIDTH="60" HEIGHT="22" WC="0.96" CONTENT="delse"/><SP WIDTH="16" VPOS="1418" HPOS="118"/>
							<String ID="string_265" HPOS="134" VPOS="1418" WIDTH="26" HEIGHT="22" WC="0.93" CONTENT="af"/><SP WIDTH="12" VPOS="1418" HPOS="160"/>
							<String ID="string_266" HPOS="172" VPOS="1418" WIDTH="133" HEIGHT="29" WC="0.92" CONTENT="stadgandet"/><SP WIDTH="17" VPOS="1418" HPOS="305"/>
							<String ID="string_267" HPOS="322" VPOS="1419" WIDTH="6" HEIGHT="21" WC="0.92" CONTENT="i"/><SP WIDTH="23" VPOS="1419" HPOS="328"/>
							<String ID="string_268" HPOS="351" VPOS="1418" WIDTH="6" HEIGHT="29" WC="0.65" CONTENT="&amp;"/><SP WIDTH="16" VPOS="1418" HPOS="357"/>
							<String ID="string_269" HPOS="373" VPOS="1420" WIDTH="14" HEIGHT="20" WC="0.93" CONTENT="3"/><SP WIDTH="16" VPOS="1420" HPOS="387"/>
							<String ID="string_270" HPOS="403" VPOS="1419" WIDTH="96" HEIGHT="21" WC="0.96" CONTENT="rörande"/><SP WIDTH="16" VPOS="1419" HPOS="499"/>
							<String ID="string_271" HPOS="515" VPOS="1419" WIDTH="84" HEIGHT="21" WC="0.93" CONTENT="allmän"/><SP WIDTH="16" VPOS="1419" HPOS="599"/>
							<String ID="string_272" HPOS="615" VPOS="1418" WIDTH="180" HEIGHT="26" WC="0.95" CONTENT="sammankomst,"/><SP WIDTH="17" VPOS="1418" HPOS="795"/>
							<String ID="string_273" HPOS="812" VPOS="1418" WIDTH="19" HEIGHT="28" WC="0.96" CONTENT="ej"/><SP WIDTH="12" VPOS="1418" HPOS="831"/>
							<String ID="string_274" HPOS="843" VPOS="1417" WIDTH="39" HEIGHT="22" WC="0.77" CONTENT="för"/>
						</TextLine>
						<TextLine ID="line_36" HPOS="57" VPOS="1447" WIDTH="825" HEIGHT="30">
							<String ID="string_275" HPOS="57" VPOS="1447" WIDTH="160" HEIGHT="23" WC="0.0" CONTENT="ofverträdelse"/><SP WIDTH="19" VPOS="1447" HPOS="217"/>
							<String ID="string_276" HPOS="236" VPOS="1448" WIDTH="26" HEIGHT="22" WC="0.93" CONTENT="af"/><SP WIDTH="13" VPOS="1448" HPOS="262"/>
							<String ID="string_277" HPOS="275" VPOS="1448" WIDTH="13" HEIGHT="28" WC="0.62" CONTENT="$"/><SP WIDTH="16" VPOS="1448" HPOS="288"/>
							<String ID="string_278" HPOS="304" VPOS="1449" WIDTH="21" HEIGHT="21" WC="0.95" CONTENT="9."/><SP WIDTH="31" VPOS="1449" HPOS="325"/>
							<String ID="string_279" HPOS="356" VPOS="1448" WIDTH="45" HEIGHT="29" WC="0.97" CONTENT="Jag"/><SP WIDTH="15" VPOS="1448" HPOS="401"/>
							<String ID="string_280" HPOS="416" VPOS="1448" WIDTH="41" HEIGHT="22" WC="0.94" CONTENT="ber"/><SP WIDTH="16" VPOS="1448" HPOS="457"/>
							<String ID="string_281" HPOS="473" VPOS="1450" WIDTH="32" HEIGHT="20" WC="0.93" CONTENT="att"/><SP WIDTH="16" VPOS="1450" HPOS="505"/>
							<String ID="string_282" HPOS="521" VPOS="1448" WIDTH="23" HEIGHT="22" WC="0.96" CONTENT="få"/><SP WIDTH="16" VPOS="1448" HPOS="544"/>
							<String ID="string_283" HPOS="560" VPOS="1448" WIDTH="64" HEIGHT="29" WC="0.96" CONTENT="fråga"/><SP WIDTH="15" VPOS="1448" HPOS="624"/>
							<String ID="string_284" HPOS="639" VPOS="1448" WIDTH="93" HEIGHT="26" WC="0.96" CONTENT="ståndet,"/><SP WIDTH="17" VPOS="1448" HPOS="732"/>
							<String ID="string_285" HPOS="749" VPOS="1448" WIDTH="56" HEIGHT="21" WC="0.97" CONTENT="huru"/><SP WIDTH="16" VPOS="1448" HPOS="805"/>
							<String ID="string_286" HPOS="821" VPOS="1448" WIDTH="61" HEIGHT="21" WC="0.97" CONTENT="detta"/>
						</TextLine>
						<TextLine ID="line_37" HPOS="57" VPOS="1477" WIDTH="826" HEIGHT="27">
							<String ID="string_287" HPOS="57" VPOS="1478" WIDTH="42" HEIGHT="21" WC="0.91" CONTENT="bör"/><SP WIDTH="23" VPOS="1478" HPOS="99"/>
							<String ID="string_288" HPOS="122" VPOS="1477" WIDTH="91" HEIGHT="26" WC="0.92" CONTENT="förstäs,"/><SP WIDTH="24" VPOS="1477" HPOS="213"/>
							<String ID="string_289" HPOS="237" VPOS="1485" WIDTH="36" HEIGHT="14" WC="0.96" CONTENT="om"/><SP WIDTH="27" VPOS="1485" HPOS="273"/>
							<String ID="string_290" HPOS="300" VPOS="1478" WIDTH="36" HEIGHT="22" WC="0.94" CONTENT="det"/><SP WIDTH="24" VPOS="1478" HPOS="336"/>
							<String ID="string_291" HPOS="360" VPOS="1480" WIDTH="53" HEIGHT="20" WC="0.95" CONTENT="utan"/><SP WIDTH="24" VPOS="1480" HPOS="413"/>
							<String ID="string_292" HPOS="437" VPOS="1478" WIDTH="78" HEIGHT="22" WC="0.96" CONTENT="vidare"/><SP WIDTH="24" VPOS="1478" HPOS="515"/>
							<String ID="string_293" HPOS="539" VPOS="1478" WIDTH="43" HEIGHT="22" WC="0.93" CONTENT="kan"/><SP WIDTH="25" VPOS="1478" HPOS="582"/>
							<String ID="string_294" HPOS="607" VPOS="1478" WIDTH="71" HEIGHT="22" WC="0.90" CONTENT="tolkas"/><SP WIDTH="20" VPOS="1478" HPOS="678"/>
							<String ID="string_295" HPOS="698" VPOS="1480" WIDTH="30" HEIGHT="24" WC="0.95" CONTENT="sä,"/><SP WIDTH="22" VPOS="1480" HPOS="728"/>
							<String ID="string_296" HPOS="750" VPOS="1480" WIDTH="31" HEIGHT="18" WC="0.96" CONTENT="att"/><SP WIDTH="16" VPOS="1480" HPOS="781"/>
							<String ID="string_297" HPOS="797" VPOS="1484" WIDTH="86" HEIGHT="15" WC="0.95" CONTENT="samma"/>
						</TextLine>
					</TextBlock>
				</ComposedBlock>
			</PrintSpace>
		</Page>
	</Layout>
</alto>
