1078 1753
372 103 50 18 Laki
434 103 154 24 yhdistyksistä.
849 104 45 20 959

68 164 75 27 tysten
164 163 242 22 konstitueeraaminen
427 163 116 28 tapahtuu,
563 163 92 22 etteivät
672 170 28 14 ne
716 163 47 22 tule
778 162 115 22 turmioksi

69 193 230 29 yhteiskunnalliselle
316 193 109 22 elämälle.
452 193 191 22 Minkäkaltaisiin
660 193 146 21 onnettomiin
823 192 70 22 tulok-

69 223 42 22 siin
133 223 130 27 joudutaan,
285 223 61 27 jollei
363 223 158 27 yhdistyksillä
537 223 36 21 ole
588 223 90 21 selvästi
695 223 120 21 ilmoitetut
831 225 63 19 sään-

69 254 46 24 nöt,
136 253 95 21 osoittaa
252 253 61 27 kyllä
330 253 68 21 viime
415 252 74 22 aikain
506 253 111 21 surulliset
633 252 124 29 tapaukset.
788 252 106 22 Jokaisen

69 282 148 29 yhdistyksen
240 282 110 22 tarkoitus
371 289 28 15 on
421 282 89 22 selvästi
528 282 174 22 ilmilausuttava
715 282 25 28 ja
756 282 90 22 luettelo
862 283 32 27 pi-

70 312 90 22 dettävä
182 312 157 28 jäsenluvusta,
362 312 48 22 niin
426 314 46 20 että
488 312 141 28 yhdistykset
645 312 97 22 voidaan
759 312 134 26 lakkauttaa,

68 342 36 28 jos
124 342 75 21 niiden
215 342 102 21 toiminta
333 342 66 21 alkaa
416 342 81 21 kulkea
513 342 86 21 vastoin
615 342 60 21 lakia
688 342 24 27 ja
730 342 67 28 hyviä
812 342 82 28 tapoja.

71 371 56 23 Olen
143 372 121 21 sentähden
282 372 79 21 valmis
377 372 171 27 hyväksymään
563 372 170 28 pääasiallisesti
745 371 149 22 valiokunnan

71 401 131 27 mietinnön,
217 401 117 22 kuitenkin
352 401 177 22 kannaitamalla
546 402 128 21 ensimäistä
690 402 164 21 vastalausetta.

142 461 48 22 Hra
206 462 77 21 Heikel:
304 461 9 21 I
329 463 94 20 motsats
438 461 34 22 till
488 461 54 22 flere
559 461 25 22 af
597 461 27 22 de
641 461 138 28 föregäende
795 461 99 22 talarene

71 491 71 22 skulle
164 491 40 28 jag
227 491 74 22 tilläta
323 491 48 28 mig
395 493 32 20 att
451 491 125 26 framhälla,
599 493 32 20 att
648 491 37 22 det
701 492 50 21 icke
768 499 65 20 synes
849 491 47 28 mig

71 521 99 28 önskligt
194 521 53 22 eller
267 521 109 28 lämpligt,
401 523 30 20 att
449 521 28 22 de
494 521 139 29 föreningar,
650 528 46 15 som
714 521 49 22 icke
779 521 70 22 önska
864 521 32 21 in-

71 551 120 28 registrera
214 551 41 27 sig,
279 551 63 21 skola
363 550 70 22 blifva
449 551 92 21 bundna
557 551 26 21 af
595 558 28 14 en
640 551 82 28 mängd
739 551 104 28 speciella
858 551 38 21 be-

72 581 145 27 stämmelser,
235 581 84 21 sädana
335 588 46 14 som
399 582 71 20 mäste
487 581 60 28 gälla
563 581 36 21 för
616 581 27 21 de
660 581 173 27 inregistrerade
848 580 47 22 för-

73 611 130 28 eningarna.
220 610 43 22 Det
285 613 24 19 är
325 618 46 21 nog
386 610 85 29 riktigt,
489 612 31 20 att
537 611 64 21 dessa
613 611 138 28 stadganden
763 610 94 22 rörande
868 611 28 21 de

72 641 175 28 inregistrerade
262 640 165 29 föreningarna
443 641 76 21 kunna
535 648 54 14 vara
605 641 88 27 nyttiga
709 640 102 26 direktiv,
823 642 73 20 säsom

72 678 52 14 man
147 672 56 26 sagt,
225 670 65 22 äfven
307 670 40 22 för
363 671 27 21 de
406 670 50 22 icke
473 671 172 28 inregistrerade
661 670 167 29 föreningarna,
846 677 50 15 men

73 701 7 20 i
104 700 61 22 detta
188 700 39 21 fall
248 700 111 28 tjänstgör
374 700 65 28 lagen
457 701 117 28 angäende
591 701 27 21 de
634 701 147 28 registrerade
797 700 99 21 förenin-

72 737 71 22 garna
164 731 72 20 såsom
257 732 30 19 ett
309 730 60 28 slags
389 730 106 21 handbok
513 729 37 23 för
567 731 56 24 dem,
641 737 47 14 som
704 730 55 28 vilja
776 730 59 21 bilda
851 729 45 22 för-

73 760 94 28 eningar
190 762 53 19 utan
267 761 32 20 att
320 760 46 21 läta
383 760 144 28 inregistrera
544 760 57 21 dem.
633 760 43 28 Jag
692 760 44 22 kan
753 760 49 21 icke
818 767 29 18 se,
864 761 33 20 att

73 789 36 22 det
126 797 53 14 vore
195 789 110 28 lämpligt,
322 791 32 20 att
371 790 44 21 alla
431 790 28 21 de
476 789 137 29 paragrafer,
630 797 47 14 som
694 789 24 22 af
727 791 170 20 reservanterna

72 819 128 29 uppräknas
215 821 72 20 säsom
303 820 144 28 nödvändiga
463 819 39 22 för
518 820 27 21 de
556 820 50 21 icke
617 820 171 28 inregistrerade
799 819 97 22 förenin-

73 857 78 20 garna,
168 849 117 28 värkligen
302 856 53 15 vore
372 849 37 22 för
425 850 51 21 dem
493 850 150 28 nödvändiga,
655 850 49 21 icke
716 850 70 21 heller
797 850 27 21 de
835 856 62 21 para-

73 879 82 28 grater,
179 886 47 14 som
250 879 25 22 af
294 879 113 28 professor
422 879 121 29 Runeberg
559 880 97 21 anförts.
688 879 41 22 Om
747 887 27 14 en
790 879 108 28 förening

73 909 50 22 icke
139 912 25 18 är
179 909 159 28 inregistrerad
355 909 41 22 och
414 909 65 29 ingär
495 909 146 26 förbindelse,
656 911 24 20 sä
691 917 95 14 ansvara
797 909 100 22 enskilda

73 945 107 22 personer
195 938 37 22 för
249 939 63 22 dessa
328 939 159 26 förbindelser,
504 940 114 27 nämligen
635 939 33 26 de,
686 946 45 15 som
749 939 90 22 tecknat
850 939 48 21 sina

73 976 68 14 namn
158 969 75 28 därpä.
251 969 78 28 Nägon
346 969 115 22 rättsväda
476 971 92 26 uppstär
585 970 49 21 icke
650 969 69 22 däraf.
751 969 44 28 Jag
811 969 40 21 ber
866 970 32 20 att

73 999 87 21 ständet
184 999 53 21 ville
261 1001 54 26 taga
330 999 7 21 i
354 999 155 26 betraktande,
527 999 76 22 hvilka
619 999 59 22 olika
694 999 49 28 slag
759 999 25 21 af
798 998 99 22 förenin-

73 1035 42 21 gar
139 1028 76 21 kunna
237 1028 150 27 förekomma,
408 1029 81 28 hvilka
510 1029 101 28 tydligen
628 1029 49 21 icke
693 1028 68 22 hafva
777 1029 121 27 anledning

75 1059 33 20 att
123 1057 45 22 låta
185 1057 142 29 inregistrera
343 1059 41 28 sig.
401 1058 93 29 Årligen
511 1059 72 20 bildas
599 1065 27 15 en
643 1059 35 21 hel
690 1065 73 14 massa
773 1057 125 29 syförenin-

74 1094 42 22 gar
131 1086 39 23 för
186 1088 135 28 välgörande
338 1088 115 27 ändamål;
471 1089 71 21 måste
558 1095 29 14 nu
604 1089 64 21 dessa
683 1088 138 28 nödvändigt
832 1087 67 22 hafva

75 1117 92 28 stadgar
182 1118 42 21 och
241 1117 137 23 ordförande
395 1118 41 21 och
453 1118 138 22 sekreterare
608 1125 18 15 o.
645 1125 15 14 s.
678 1118 32 21 v.?
734 1117 68 22 Skola
819 1117 80 22 verkli-

75 1154 44 21 gen
146 1147 99 28 kafferep
271 1155 54 14 vara
347 1148 165 21 underkastade
535 1148 84 21 sådana
642 1147 182 22 bestämmelser?
855 1147 44 22 Det

75 1177 72 22 finnes
171 1177 179 28 läseföreningar
374 1179 25 20 af
421 1178 55 21 barn
499 1178 40 21 och
556 1178 104 28 ungdom,
678 1178 148 21 elevkonvent
841 1184 20 15 o.
878 1177 20 21 d.

76 1207 34 22 De
131 1209 38 19 äro
188 1207 24 27 ju
233 1207 66 22 också
319 1208 139 28 töreningar,
476 1215 50 14 men
543 1208 27 21 de
587 1207 67 22 hafva
669 1208 44 21 alla
729 1215 26 14 en
773 1209 79 26 ytterst
867 1206 32 22 fa-

76 1237 74 27 miljär
168 1237 109 21 karaktär.
294 1237 52 22 Icke
363 1238 40 21 bör
414 1238 68 28 lagen
493 1238 82 21 blanda
586 1238 35 28 sig
632 1238 6 21 i
650 1237 248 28 familjeförhållanden.

147 1266 75 22 Sedan
238 1267 52 22 ville
304 1269 40 26 jag
355 1267 66 22 äfven
432 1268 108 27 påminna
551 1274 36 15 om
599 1269 31 20 att
641 1267 259 28 studentafdelningarna

76 1296 50 22 icke
146 1297 75 20 kunna
243 1297 96 21 existera
363 1297 7 21 i
386 1297 34 22 sin
436 1297 131 22 nuvarande
583 1297 63 25 form,
663 1297 47 22 ifall
727 1299 28 26 på
771 1297 50 21 dem
837 1296 63 22 skola

75 1326 113 28 tillämpas
204 1327 59 20 vissa
279 1326 25 22 af
317 1327 28 21 de
361 1327 148 28 stadganden,
526 1334 46 15 som
590 1329 169 20 reservanterna
775 1333 53 16 anse
846 1326 54 21 böra

76 1356 112 28 tillämpas
206 1357 27 27 på
249 1357 44 20 alla
309 1356 141 29 föreningar.
469 1357 34 21 Nu
520 1357 43 21 kan
580 1364 51 14 man
648 1357 130 28 visserligen
795 1359 61 25 säga,
868 1357 32 20 att

77 1386 262 28 studentafdelningarna
362 1387 69 21 redan
456 1387 69 21 hafva
546 1387 49 21 sina
610 1387 90 27 stadgar
716 1387 125 27 godkända,
858 1386 42 21 och

77 1415 86 22 således
179 1416 89 21 komme
283 1415 187 29 föreningslagen
488 1416 49 22 icke
553 1416 41 22 alls
610 1418 32 20 att
658 1416 59 28 gälla
728 1416 61 26 dem;
803 1423 50 14 men
864 1414 38 23 för

76 1446 141 20 närvarande
237 1448 26 18 är
278 1446 7 20 i
301 1446 159 21 konsistorium
478 1446 71 22 under
564 1446 137 28 behandling
717 1448 30 20 ett
764 1445 88 29 förslag
867 1445 34 21 till

77 1474 137 30 fullständigt
237 1474 139 23 förändrade
399 1476 93 28 stadgar
515 1476 95 22 rörande
633 1475 267 29 studentafdelningarna.
