1081 1753
352 106 94 18 Yleisistä
457 106 135 18 kokouksista.
833 105 42 22 917

52 166 136 29 författning
206 167 87 21 tillkom
309 166 72 22 under
397 166 131 22 ständernas
545 166 143 27 medverkan,
706 166 41 22 och
764 165 112 22 såtillvida

51 198 41 21 har
116 196 43 22 den
180 196 49 23 icke
250 196 101 28 praktisk
367 196 116 28 betydelse
499 196 7 21 i
522 196 69 22 saken
608 196 37 22 för
661 196 147 26 närvarande,
825 202 51 14 men

53 227 43 21 den
117 226 195 29 omständigheten
328 227 33 21 att
376 225 166 29 författningen
557 226 41 21 har
613 225 91 28 funnits,
721 228 24 19 är
762 227 30 20 ett
808 227 68 26 ytter-

51 257 73 28 ligare
143 256 91 22 slående
254 256 63 22 bevis
337 257 29 27 på
384 256 57 21 huru
458 256 82 28 oriktig
557 256 43 22 den
615 256 108 28 teckning
738 258 32 24 är,
786 255 90 22 hvilken

51 286 108 22 utskottet
175 285 71 29 gifvit.

123 315 45 29 Jag
182 316 44 21 kan
243 316 50 22 icke
308 316 71 22 heller
394 315 80 22 förena
492 316 47 28 mig
555 323 36 14 om
607 315 133 29 tolkningen
757 314 25 22 af
794 316 14 20 9
824 314 13 29 $
850 316 26 20 16

52 346 50 27 kap.
128 345 136 29 strafflagen,
285 347 25 26 ty
330 346 43 21 den
393 348 66 25 säger
480 346 139 28 ingenting
613 340 13 38 i
636 346 73 21 denna
724 344 72 29 fråga.
826 344 50 22 Den

52 375 133 22 förutsätter
208 375 78 22 endast
310 377 31 20 att
365 375 203 22 sammankomster
591 375 75 22 kunna
690 382 43 21 ega
754 381 56 20 rum,
826 381 50 14 men

51 405 120 28 ingenting
187 407 68 20 annat
271 405 76 22 heller.
374 406 56 20 1743
448 406 35 21 års
499 405 136 28 förordning
651 404 49 23 blef
712 405 50 22 icke
778 403 98 30 upphäfd

52 441 82 22 genom
158 436 13 20 9
192 436 12 26 8
227 436 27 20 16
275 435 50 28 kap.
347 434 138 29 strafflagen,
508 437 53 20 utan
584 435 42 22 den
642 435 70 22 måste
729 441 64 15 anses
809 433 67 22 hafva

52 465 74 22 blifvit
148 465 99 28 upphätd
268 471 83 22 genom
374 465 341 28 promulgationsförordningen
736 465 41 22 och
796 471 80 22 genom

51 496 30 20 44
96 495 51 28 kap.
164 494 136 29 strafflagen.
320 495 44 28 Jag
380 502 36 15 ser
431 497 33 19 att
481 495 113 28 professor
610 495 126 22 Serlachius
752 495 80 28 begärt
842 501 34 14 or-

52 525 44 27 det,
113 525 41 21 och
170 525 98 28 troligen
284 527 78 19 ämnar
379 525 44 21 han
439 527 61 26 yttra
516 525 35 28 sig
567 525 6 21 i
591 526 73 21 denna
680 525 45 21 sak.

123 555 67 21 Detta
214 555 116 27 angående
352 554 43 22 den
418 555 146 21 ekonomiska
579 554 171 29 lagstiftningen
766 552 110 23 öfverhuf-

51 584 51 22 vud.
126 584 44 29 Jag
186 584 57 22 skall
258 584 79 28 längre
353 584 65 26 fram,
434 584 30 22 då
480 585 22 21 vi
518 584 90 22 komma
624 584 34 22 till
674 583 202 29 detaljgransknin-

52 621 50 21 gen,
126 615 54 22 visa,
209 616 32 20 att
261 614 107 22 utskottet
389 614 68 22 också
478 615 7 21 i
508 616 31 20 ett
560 616 68 20 annat
644 614 90 28 mycket
750 613 127 28 betydande

52 643 104 23 afseende
180 644 85 22 lämnat
288 644 97 28 oriktiga
408 644 170 29 upplysningar,
599 644 142 28 naturligtvis
761 644 49 21 icke
826 643 51 21 med

52 675 47 20 vett
115 674 41 22 och
172 674 61 28 vilja.
254 674 34 22 De
304 674 170 28 upplysningar,
492 682 47 14 som
556 674 6 21 i
574 674 151 22 betänkandet
736 674 142 21 förekomma

52 703 118 28 angående
186 703 42 22 den
245 703 61 22 äldre
322 705 80 24 rätten,
420 707 38 18 äro
476 704 50 21 icke
542 704 89 28 riktiga.
648 703 39 22 Att
696 704 40 28 jag
747 706 130 19 omnämner

52 733 70 28 detta,
139 733 67 22 beror
221 733 49 22 icke
285 733 57 22 blott
358 735 29 27 på
403 733 44 22 den
464 734 201 28 omständigheten,
682 735 32 20 att
728 734 40 27 jag
778 733 50 22 icke
839 739 38 14 an-

51 765 43 20 sett
109 764 47 27 mig
172 763 76 22 kunna
263 763 52 22 med
330 763 91 28 tystnad
436 763 94 29 förbigå
542 764 84 21 sådana
637 762 136 27 uttalanden,
785 770 47 14 som
844 763 32 20 ut-

51 793 100 26 skottets,
175 795 53 19 utan
245 793 67 22 också
328 793 94 22 emedan
438 794 108 21 utskottet
563 793 98 22 användt
682 794 42 21 den
741 792 135 29 omständig-

51 823 74 25 heten,
142 825 32 19 att
190 822 61 23 förut
268 823 71 22 skulle
354 823 92 22 saknats
462 823 168 22 bestämmelser
646 823 6 21 i
668 823 151 22 förevarande
831 825 45 18 äm-

51 859 51 21 nen,
126 854 73 20 såsom
224 853 69 21 motiv
315 852 37 23 för
373 853 39 22 sitt
433 853 59 22 ifrån
508 853 145 28 regeringens
668 853 136 28 proposition
822 851 54 22 afvi-

51 882 74 22 kande
140 882 94 29 förslag.
250 882 69 23 Detta
334 886 25 18 är
375 890 29 14 nu
420 883 51 22 icke
488 883 84 28 riktigt.
589 883 35 22 Då
639 883 63 22 Hans
718 883 104 28 Majestät
837 882 41 21 har

52 913 111 27 samtyckt
178 913 34 21 till
228 914 38 25 att,
284 914 72 20 såsom
372 913 80 28 riktigt
468 916 32 24 är,
516 913 170 28 lagstiftningen
703 913 116 28 angående
833 912 43 27 det,

51 949 48 14 som
120 942 42 22 bör
185 943 112 28 iakttagas
317 942 39 22 för
377 944 31 20 att
430 943 82 22 hindra
528 943 110 21 missbruk
655 942 25 22 af
693 941 183 29 församlingsfri-

52 972 74 26 heten,
150 973 56 20 skall
222 973 88 21 utöfvas
326 973 70 21 under
412 972 266 29 folkrepresentationens
694 972 143 25 medverkan,
853 973 25 20 så

52 1004 24 19 är
92 1002 38 21 det
146 1002 50 21 icke
212 1002 77 29 riktigt
306 1004 32 20 att
354 1003 49 21 rida
419 1004 30 27 på
466 1003 42 22 den
525 1003 201 28 omständigheten,
738 1005 31 19 att
780 1002 96 21 bestäm-

51 1031 81 28 ningar
148 1033 6 19 i
172 1032 64 21 dessa
251 1034 81 19 ämnen
348 1032 62 21 förut
427 1032 68 21 hafva
511 1033 97 21 saknats.
625 1033 32 27 Ty
674 1032 70 21 skulle
756 1032 50 21 icke
817 1032 61 21 detta

51 1061 115 27 samtycke
182 1061 34 21 till
232 1061 90 28 frågans
334 1062 115 21 ordnande
460 1062 71 21 under
542 1061 264 30 folkrepresentationens
816 1061 61 21 med-

51 1091 85 21 verkan
152 1091 68 21 hafva
236 1091 83 28 gifvits,
336 1093 24 20 så
376 1092 72 21 skulle
464 1099 82 21 genom
564 1092 41 21 den
622 1091 145 23 ekonomiska
782 1089 94 30 lagstift-

51 1121 84 28 ningen
150 1121 86 21 kunnat
252 1121 114 22 meddelas
383 1121 85 22 sådana
485 1122 175 26 bestämmelser,
678 1128 46 15 som
736 1121 142 22 förekomma

51 1151 7 20 i
78 1150 60 22 detta
161 1151 132 28 lagförslag.
325 1151 35 22 Nu
382 1151 40 22 vill
436 1151 42 29 jag
494 1152 121 28 ingalunda
631 1154 56 26 göra
702 1153 86 20 ensamt
804 1151 74 21 denna

51 1181 166 28 omständighet
233 1181 111 28 gällande,
362 1183 52 20 utan
431 1189 47 21 nog
494 1185 24 18 är
535 1182 37 21 det
587 1181 141 29 naturligtvis
739 1181 37 22 det
788 1181 88 28 riktiga,

51 1211 33 20 att
108 1211 120 21 ständerna
250 1218 30 14 nu
303 1211 88 22 förfara
412 1211 58 22 efter
487 1211 105 29 pröfning
607 1211 25 22 af
645 1211 59 22 hvad
721 1211 27 22 de
764 1217 54 15 anse
834 1211 43 20 rätt

51 1240 41 21 och
109 1240 78 29 nödigt
204 1241 7 20 i
227 1241 41 21 och
284 1240 40 23 för
342 1241 40 28 sig,
400 1248 52 15 men
468 1243 41 27 jag
520 1248 64 15 anser
595 1241 47 28 mig
652 1241 76 21 kunna
738 1243 55 26 göra
805 1241 73 21 denna

52 1270 155 29 anmärkning,
224 1271 94 21 emedan
335 1271 43 21 den
394 1271 86 28 nådiga
495 1271 166 28 propositionen
678 1272 6 20 i
701 1271 61 21 detta
777 1273 65 18 ämne
853 1273 25 18 är

51 1300 7 21 i
80 1300 114 28 åtskilliga
218 1299 119 23 afseenden
359 1307 61 15 mera
441 1300 117 28 frisinnad,
574 1308 36 14 om
625 1301 39 28 jag
680 1303 25 19 så
720 1300 34 22 får
770 1303 62 26 säga,
849 1303 28 18 än

51 1329 113 28 åtskilliga
190 1330 70 21 andra
287 1331 132 28 europeiska
443 1331 71 28 lagar.
546 1331 67 21 Detta
636 1332 71 20 måste
726 1330 152 28 uttryckligen

51 1358 135 27 framhållas,
215 1360 28 21 då
268 1367 52 14 man
345 1361 29 27 på
395 1361 86 28 många
502 1361 46 21 håll
567 1361 49 21 hört
636 1361 137 25 uttalanden,
790 1359 88 29 gående

51 1389 70 27 därpå
144 1391 30 24 ut,
199 1391 31 19 att
254 1389 43 21 den
319 1390 82 28 nådiga
422 1391 168 27 propositionen
606 1390 70 22 skulle
693 1390 61 28 hylla
770 1391 32 20 ett
818 1389 60 27 slags

50 1418 214 28 strypningssystem
288 1419 7 21 i
316 1418 152 23 förevarande
486 1420 111 21 afseende.
628 1420 52 21 Man
697 1418 108 23 behöfver
821 1418 57 22 blott

50 1448 63 21 kasta
134 1448 89 22 blicken
246 1450 28 27 på
294 1449 42 21 den
358 1449 146 28 redogörelse
528 1450 39 22 för
583 1450 27 21 de
626 1449 140 22 främmande
781 1447 96 30 lagstift-

50 1478 116 28 ningarna,
184 1485 47 15 som
248 1478 107 22 utskottet
372 1479 62 27 själft
451 1479 42 21 har
508 1478 72 29 gifvit,
597 1478 37 23 för
645 1481 33 19 att
688 1479 70 26 finna,
770 1480 32 20 att
814 1478 64 22 dessa
