1081 1756
146 102 125 19 Laittomasti
284 104 115 17 erotetuista
411 102 43 18 tahi
466 104 134 23 nimitetyistä
612 102 154 19 virkamiehistä.
817 104 53 20 1011

51 162 134 29 lämpligare
206 164 70 27 utväg
299 164 31 21 att
347 161 79 30 afgöra
442 162 76 22 saken.
550 162 82 21 Härtill
648 162 102 22 kommer
766 165 58 19 ännu
841 165 32 19 att

52 193 37 21 det
113 192 49 21 icke
186 195 25 18 är
226 192 120 29 meningen
362 194 32 19 att
410 191 62 22 stifta
488 199 28 15 en
532 192 44 28 lag,
593 199 47 14 som
656 191 36 22 för
708 192 59 22 allan
783 191 90 23 framtid

51 221 73 23 skulle
140 222 75 21 lemna
232 223 22 20 åt
270 222 108 28 styrelsen
395 221 55 22 eller
466 222 78 28 högsta
562 222 125 21 domstolen
696 223 136 28 rättigheten
840 224 32 20 att

51 253 131 25 bestämma,
207 259 36 14 om
267 252 134 27 tjänsteman
424 251 57 22 skall
506 251 52 29 afgå
583 251 55 22 eller
662 252 56 21 icke.
749 253 44 20 Det
810 255 24 19 är
847 253 25 27 ju

52 281 120 29 meningen
188 283 32 20 att
236 282 110 28 begränsa
363 282 73 21 denna
452 281 33 22 tid
501 281 34 22 till
551 281 43 22 den
611 281 98 22 kortaste
720 282 99 28 möjliga,
830 283 42 21 och

51 312 60 22 hvad
126 318 49 15 som
191 311 49 22 icke
256 312 59 21 inom
332 312 74 21 denna
421 311 32 22 tid
470 314 25 19 är
511 312 90 27 rättadt,
613 311 37 22 det
661 311 44 22 blir
712 311 159 27 beståndande,

52 341 94 23 emedan
162 341 122 22 monarken
300 341 42 22 och
358 341 122 22 ständerna
495 343 71 20 måste
583 348 65 15 anses
664 341 67 22 hafva
746 342 59 22 varit
820 349 52 14 ense

52 379 36 14 om
112 373 32 20 att
168 371 43 22 den
227 371 61 27 hrist,
305 378 47 15 som
368 371 150 28 tilläfventyrs
535 371 95 22 vidläter
646 371 50 22 icke
711 371 113 28 upphäfda
840 374 32 19 ut-

51 401 141 28 nämningar,
209 401 41 22 bör
266 408 64 15 anses
346 408 54 15 vara
416 401 73 22 helad.

124 431 44 22 Det
191 431 40 22 har
250 433 61 26 sagts
327 438 36 15 om
380 431 37 22 det
433 430 26 23 af
472 431 48 28 mig
535 431 139 21 framställda
690 431 116 29 förslaget,
825 438 47 15 som

52 461 49 22 sökt
124 462 70 27 nägot
218 461 121 22 inskränka
362 461 78 28 lagens
464 461 151 28 tillämpning,
640 463 32 19 att
696 468 51 15 man
764 463 45 20 mot
826 461 45 22 det-

52 498 85 15 samma
161 491 89 22 komme
272 493 33 19 att
321 491 114 25 anmärka,
453 493 33 20 att
502 491 37 22 det
555 493 25 19 är
595 491 130 28 partisinne,
742 491 129 28 partiskhet,

52 528 47 15 som
116 521 96 22 dikterat
228 521 100 22 beslutet.
350 521 52 22 Med
417 521 54 28 godt
488 523 100 19 samvete
604 523 64 26 tager
681 521 40 28 jag
738 523 46 20 mot
800 521 72 22 denna

52 551 149 28 beskyllning.
234 551 51 22 Den
301 551 68 22 ärade
384 553 146 20 reservanten
546 551 41 21 har
603 551 50 21 icke
669 553 49 26 sagt
734 564 28 3 —
777 551 40 28 jag
833 551 38 22 vill

51 581 130 22 konstatera
196 581 36 22 det
250 594 26 2 —
294 583 32 19 att
341 581 45 21 han
402 580 38 22 för
448 581 34 21 sin
492 581 35 21 del
537 581 113 27 beskyller
658 581 56 24 dem,
724 587 47 16 som
779 580 93 23 omfatta

52 610 117 29 förslaget,
186 610 38 23 för
248 611 130 28 partiskhet,
395 613 53 19 utan
473 611 44 21 han
538 611 40 21 har
594 613 56 26 sagt,
668 612 32 20 att
715 611 71 21 andra
801 611 70 22 skulle

52 641 90 21 komma
166 643 32 20 att
221 641 89 21 utkasta
333 641 73 21 denna
430 641 151 28 beskyllning.
614 640 51 22 Men
689 641 67 21 också
779 641 7 21 i
811 641 61 22 detta

52 670 105 23 afseende
174 671 109 21 vidhäller
298 671 38 28 jag
352 671 59 21 hvad
425 671 42 28 jag
483 671 59 26 sade,
560 672 24 27 ty
595 671 41 20 här
647 670 125 29 föreligger
783 672 31 21 ett
825 670 46 22 för-

52 701 40 21 sök
116 702 38 25 att,
170 702 26 20 sä
219 702 32 20 att
267 702 61 27 säga,
344 701 65 21 ställa
426 701 87 27 kyrkan
529 700 55 22 midt
601 700 7 21 i
624 700 46 28 byn
687 701 42 22 och
745 702 31 21 ett
792 700 79 22 försök

52 732 32 20 att
107 731 91 21 komma
220 729 57 23 ifrän
293 731 145 28 svärigheter,
456 729 58 23 ifrän
531 730 76 22 hvilka
621 730 41 29 jag
677 731 49 21 icke
742 731 45 21 kan
802 729 70 23 förstä

51 761 56 21 huru
124 768 52 14 man
192 761 29 28 pä
237 762 68 20 annat
320 762 44 20 sätt
379 760 57 22 skall
451 761 97 21 komma.
569 759 77 23 Skulle
663 760 36 22 det
715 767 54 15 vara
785 760 86 29 möjligt

52 792 32 20 att
107 791 48 22 lösa
178 790 73 22 denna
274 790 72 29 fräga,
363 798 46 14 som
434 798 29 14 nu
485 790 125 29 föreligger
633 790 34 22 till
691 790 128 29 afgörande,
843 792 29 27 pä

51 822 68 20 annat
142 822 50 27 sätt,
216 822 24 20 sä
263 822 46 20 tror
331 821 40 28 jag
394 822 32 20 att
448 821 41 28 jag
510 820 71 22 skulle
602 827 55 15 vara
673 820 67 22 bland
757 821 27 21 de
799 820 73 22 första

50 857 47 15 som
122 857 53 15 vore
199 850 51 22 med
274 858 35 14 om
334 850 43 28 det,
398 857 51 15 men
465 852 41 27 jag
522 851 44 21 kan
583 850 49 22 icke
650 850 79 27 förstä,
746 852 31 20 att
794 850 37 22 det
847 853 25 19 är

50 880 93 28 möjligt.

122 910 44 22 Det
190 911 41 21 har
254 913 61 26 sagts
338 917 36 15 om
391 910 57 26 dem,
466 917 47 15 som
530 910 50 22 icke
596 910 55 28 vilja
667 910 53 28 ingä
735 910 7 22 i
758 912 31 20 ett
805 910 26 21 af
844 910 27 22 de

50 940 172 29 ifrågavarande
246 940 90 26 verken,
359 942 32 20 att
416 940 28 22 de
464 940 81 22 liksom
570 940 71 22 skulle
658 940 68 21 hafva
740 941 70 27 något
826 941 45 21 mot

50 970 64 22 deras
138 977 112 21 personer,
276 970 76 22 hvilka
376 970 40 22 där
436 970 59 28 tagit
511 972 48 20 säte
575 970 42 21 och
634 972 100 19 stämma.
766 970 44 21 För
826 970 45 21 min

51 1000 35 22 del
102 1002 38 20 vet
152 1001 42 28 jag
209 1000 50 22 icke
276 1000 108 22 huruvida
400 1000 62 22 detta
478 1003 25 18 är
519 999 68 27 fallet,
605 1006 50 15 men
667 1000 71 22 skulle
748 999 123 23 förhållan-

50 1030 37 22 det
110 1037 55 15 vara
186 1030 86 26 sådant,
289 1030 28 22 då
333 1030 96 22 behöfde
445 1030 38 21 det
504 1030 49 22 icke
570 1030 160 22 konsidereras.
761 1030 51 21 Men
828 1030 43 21 den

51 1059 165 29 öfvertygelsen
238 1062 70 20 måste
327 1060 164 26 konsidereras,
508 1062 33 19 att
558 1060 36 21 det
610 1066 54 15 vore
681 1061 32 20 att
728 1060 94 28 bidraga
837 1059 34 21 till

52 1096 27 16 en
96 1090 130 28 olaglighet,
243 1097 35 15 om
296 1097 52 15 man
364 1090 103 22 inträdde
485 1090 6 20 i
508 1092 30 20 ett
555 1090 61 26 verk,
634 1090 67 21 hvars
716 1091 154 20 sammansätt-

50 1120 56 28 ning
121 1122 25 19 är
162 1120 91 28 olaglig.
284 1119 32 22 Af
330 1120 27 22 de
372 1120 171 28 upplysningar,
553 1119 175 29 knapphändiga
744 1120 38 21 det
792 1119 79 22 erkän-

50 1156 40 15 ner
102 1150 48 28 jag,
166 1157 48 15 som
230 1150 106 22 utskottet
353 1150 88 22 erhållit
456 1149 51 22 från
524 1151 98 25 senaten,
632 1148 98 30 framgår
741 1151 31 19 att
784 1148 87 29 följden

50 1179 25 22 af
93 1180 43 22 den
160 1180 172 28 ifrågavarande
348 1180 78 28 lagens
442 1178 135 23 utfärdande
594 1179 89 22 komme
699 1181 31 20 att
745 1178 77 28 blifva,
839 1181 33 19 att

51 1210 27 21 de
102 1216 48 15 som
168 1210 137 22 återinträda
322 1210 6 21 i
344 1210 99 22 ämbetet
459 1210 73 21 skulle
548 1208 22 22 få
586 1208 34 22 lof
633 1210 32 20 att
681 1209 123 29 tjänstgöra
820 1209 50 21 med

49 1239 89 28 sådana,
156 1246 47 15 som
220 1239 74 22 blifvit
310 1239 121 22 afskedade
446 1240 72 21 under
532 1239 137 27 otärdsåren,
686 1239 93 21 emedan
796 1239 37 21 det
848 1238 23 22 af

49 1269 67 29 lagen
132 1268 72 23 skulle
219 1268 61 29 följa,
298 1271 32 20 att
346 1270 28 21 de
390 1269 50 22 icke
456 1269 72 22 skulle
544 1268 68 22 hafva
627 1268 77 22 behöft
716 1268 82 29 skiljas.

120 1298 45 30 Jag
188 1299 69 22 slutar
280 1299 52 22 med
355 1301 32 20 att
410 1299 72 21 uttala
506 1299 37 21 det
559 1299 41 28 jag
615 1298 71 22 skulle
702 1299 76 27 önska,
795 1300 32 20 att
842 1298 29 22 de

50 1329 59 21 olika
116 1329 146 28 synpunkter,
272 1336 47 15 som
329 1328 130 22 framställts
468 1329 84 21 idenna
562 1328 70 29 fråga,
650 1328 88 22 komme
754 1328 61 22 inför
830 1328 41 22 vår

49 1358 133 22 allmänhets
198 1362 65 26 ögon.
296 1359 90 22 Kanske
404 1358 72 22 skulle
494 1359 28 21 då
537 1366 48 14 mer
601 1361 28 19 än
646 1366 28 14 en
690 1365 47 15 som
747 1366 30 14 nu
788 1358 82 28 påstår,

49 1390 32 20 att
105 1389 37 21 det
167 1391 25 19 är
216 1389 57 21 blott
296 1389 148 28 partihänsyn
468 1395 48 15 som
534 1388 96 22 dikterat
647 1388 116 28 förslaget,
781 1388 90 22 komma

48 1418 34 22 till
106 1418 42 23 den
172 1418 174 29 öfvertygelsen,
370 1420 32 20 att
425 1418 42 22 här
492 1418 56 23 dock
570 1418 124 29 föreligger
710 1420 31 20 ett
756 1417 114 29 allvarligt

48 1448 128 22 sträfvande
192 1450 32 21 att
239 1448 67 22 träffa
322 1449 37 22 det
374 1450 65 20 rätta.
