1078 1753
337 117 93 19 Yleisistä
440 117 135 18 kokouksista.
820 116 42 20 945

39 178 124 30 päätöksen
180 178 97 22 mukaan
292 184 29 15 on
337 177 130 22 ainoastaan
481 176 114 29 julkiselle
611 176 179 22 viranomaiselle
801 175 62 27 tehty

40 208 100 22 ilmoitus
156 209 87 27 pätevä.

113 266 48 22 Hra
182 267 123 22 Johansson:
337 266 58 22 Eikö
417 266 49 22 olisi
486 267 66 27 syytä
567 266 115 28 palauttaa
697 265 83 29 pykälä
796 264 67 22 valio-

41 298 92 22 kunnan
149 296 160 28 korjattavaksi
325 296 73 22 edellä
413 296 84 28 tehdyn
515 296 122 28 päätöksen
654 295 103 22 mukaan.

114 356 48 22 Hra
178 357 114 26 Runeberg:
311 355 45 29 Jag
371 355 39 22 vill
426 355 77 22 förena
520 355 47 29 mig
582 355 52 22 med
650 355 26 21 hr
692 354 91 28 Berger.
817 353 49 28 Nog

42 386 103 30 päkallar
161 386 37 22 det
213 386 143 28 naturligtvis
373 392 28 15 en
416 385 139 28 uteslutning
571 384 25 22 af
609 385 65 22 dessa
689 384 47 22 ord.

115 446 73 22 Herra
203 445 109 29 Bergerin
327 445 90 22 tekemä
432 445 87 22 ehdotus
536 445 134 28 hyväksyttiin.

117 505 120 22 Niinikään
254 505 127 28 hyväksyttiin
398 505 151 22 valiokunnan
567 505 93 22 ehdotus
677 510 49 16 arm.
739 503 103 28 esityksen
853 502 14 21 4

43 538 36 25 &:n
96 535 157 28 poistamisesta.

117 594 123 22 Mietinnön
256 594 13 22 5
285 593 12 29 &
313 594 136 27 hyväksyttiin.

119 654 51 22 Arm.
194 653 101 28 esityksen
318 653 13 22 6
354 653 33 28 S:n
412 653 29 22 oli
463 654 130 22 valiokunta
609 654 132 22 ehdottanut
757 652 112 29 poistetta-

45 684 76 26 vaksi;
139 690 39 15 sen
193 683 105 28 johdosta
314 683 81 22 lausui:

119 742 49 22 Hra
183 742 78 22 Heikel:
292 742 45 28 Jag
359 741 35 23 för
410 742 46 21 min
473 742 36 22 del
525 749 72 19 anser,
613 744 32 20 att
662 741 133 29 paragrafen
811 747 59 22 myc-

47 773 39 21 ket
107 772 38 21 väl
170 772 43 21 kan
229 772 113 26 uteslutas,
354 772 49 21 icke
420 773 29 27 pä
465 772 42 22 den
524 772 72 29 grund
613 779 46 14 som
676 772 107 21 utskottet
799 777 71 19 anser,

47 804 55 19 utan
118 801 76 22 därför
210 804 31 19 att
261 802 3 21 i
280 801 13 29 $
309 802 21 26 8,
353 803 6 20 2
377 809 65 14 mom.
460 804 58 19 samt
537 803 23 20 11
578 802 14 29 &
609 803 45 20 mot
670 801 65 22 slutet
752 801 42 22 af
790 797 13 38 1
805 807 65 15 mom.

49 831 152 29 uttryckligen
217 832 128 22 törutsättes
366 833 33 20 att
421 831 103 30 offentlig
547 832 133 28 myndighet
702 831 44 22 kan
771 830 102 23 meddela

50 861 145 22 töreskrifter.
230 861 51 22 Men
307 861 29 22 dä
361 861 62 22 detta
448 864 25 19 är
496 861 69 27 fallet,
582 864 64 25 tager
658 861 42 28 jag
716 861 46 28 mig
777 860 95 22 friheten

50 891 126 26 hemställa,
200 891 113 22 huruvida
336 891 49 22 icke
408 892 163 28 motiveringen
587 891 95 22 rörande
699 892 13 21 6
728 891 48 28 &:ns
791 889 81 23 uteslu-

50 921 68 22 tande
140 921 69 22 borde
225 922 100 27 undergä
341 923 74 26 nägon
432 921 135 29 förändring
583 921 54 22 eller
653 921 85 22 erhälla
753 922 69 27 nägot
838 919 35 22 til-

50 951 61 29 lägg.
143 945 140 28 Åtminstone
307 951 117 22 förefaller
447 951 38 22 det
509 952 47 28 mig
579 958 46 15 som
643 958 35 15 om
695 957 27 16 en
739 950 135 27 hänvisning

51 981 34 22 till
102 981 64 22 dessa
182 981 131 28 paragrafer
330 988 52 15 vore
398 982 29 27 pä
442 981 35 22 sin
494 981 63 29 plats.

123 1041 52 21 Arm.
192 1041 101 27 esityksen
309 1041 13 21 7
333 1040 33 29 8:n
377 1040 140 28 poistamista
528 1041 114 21 koskevan
650 1040 151 21 valiokunnan
809 1038 65 23 ehdo-

52 1070 80 21 tuksen
146 1070 105 27 johdosta
267 1071 77 25 lausui,
361 1070 175 29 puheenvuoron
551 1072 115 23 saatuaan,

125 1129 48 22 Hra
198 1130 136 23 Hermanson:
365 1129 74 22 Bland
461 1130 100 22 motiven
585 1129 39 22 för
643 1129 166 29 uteslutningen
825 1128 50 23 af
862 1124 17 39 7

54 1161 13 26 S
89 1159 90 22 anföres
203 1161 28 27 pä
255 1160 48 21 sida
328 1160 29 21 28
374 1160 6 21 i
397 1160 154 21 betänkandet
566 1159 111 28 följande:
712 1178 8 7 ,
724 1159 75 22 Sedan
815 1166 61 21 gam-

54 1189 55 22 malt
125 1189 42 21 har
182 1191 50 20 värt
248 1189 47 22 folk
310 1189 58 22 varit
385 1189 138 29 berättigadt
539 1191 32 20 att
586 1189 55 22 bära
656 1196 73 22 vapen
741 1189 41 22 och
793 1191 32 20 ett
833 1188 44 22 för-

54 1219 45 22 bud
116 1220 32 20 att
165 1220 13 20 &
194 1219 82 22 allmän
293 1220 175 21 sammankomst
485 1219 85 22 infinna
587 1220 34 27 sig
637 1219 116 29 beväpnad
770 1219 108 22 innebure

55 1248 76 23 därför
147 1255 28 15 en
192 1249 162 28 inskränkning
369 1249 7 22 i
393 1249 42 22 den
452 1249 130 28 personliga
598 1249 115 23 friheten.*
746 1249 47 21 Här
809 1251 25 19 är
849 1255 29 14 nu

55 1281 32 20 ett
111 1278 25 22 af
157 1279 64 22 dessa
244 1279 78 22 skefva
345 1279 138 26 uttalanden,
504 1286 48 15 som
569 1282 38 19 äro
623 1279 87 28 egnade
726 1281 32 19 att
774 1278 105 22 missleda

56 1309 41 21 bra
117 1309 83 28 mänga
216 1309 41 21 och
273 1316 47 14 som
337 1309 56 21 allra
409 1309 67 21 minst
493 1316 58 21 egna
566 1309 36 28 sig
617 1310 72 20 säsom
706 1309 69 21 motiv
790 1307 35 23 för
841 1315 38 21 pa-

57 1337 116 30 ragrafens
188 1339 144 28 uteslutning.
357 1339 160 22 Förhållandet
532 1342 31 23 är,
573 1341 31 19 att
620 1339 7 21 i
644 1339 71 21 äldsta
730 1339 33 21 tid
780 1338 43 22 den
838 1337 42 22 frie

57 1375 97 15 mannen
171 1375 40 15 var
227 1369 126 28 berättigad
369 1371 32 19 att
417 1369 55 21 bära
485 1375 80 22 vapen,
576 1369 69 21 sedan
656 1369 43 21 han
710 1367 75 23 blifvit
799 1374 81 22 mogen

57 1404 59 20 man,
133 1404 52 15 men
201 1399 69 21 redan
286 1398 86 28 ganska
387 1399 68 27 tidigt
470 1398 90 28 yppade
575 1399 36 27 sig
626 1398 7 21 i
649 1397 58 29 följd
723 1397 26 22 af
755 1398 71 28 sagda
836 1397 44 21 för-

57 1427 105 22 hållande
178 1427 60 23 faror
253 1427 35 22 för
304 1428 102 28 offentlig
421 1428 42 21 och
480 1428 87 22 enskild
583 1428 50 21 frid.
659 1427 68 22 Detta
736 1426 146 23 framkallade

57 1456 85 22 förbud
160 1459 46 20 mot
222 1457 100 22 bärande
339 1457 25 21 af
374 1464 80 22 vapen.
486 1458 38 21 Ett
539 1458 79 21 sådant
633 1456 80 23 förbud
724 1457 79 26 finnes,
812 1457 70 21 ehuru

59 1487 125 27 inskränkt,
200 1487 8 21 i
224 1487 95 28 Magnus
335 1486 103 23 Ladulås
446 1488 81 27 stadga
543 1486 26 23 af
584 1488 62 24 1280;
663 1487 68 22 sedan
747 1487 76 28 ingick
835 1486 7 22 i
854 1493 28 15 en

788 1528 23 17 60
