1073 1753
213 98 45 21 754
447 99 132 24 Pappissääty
591 100 79 19 heinäk.
683 101 23 18 13
718 107 19 18 p.
751 100 51 18 1906.

213 157 38 28 51.
291 158 192 35 Perjantaina
501 160 175 28 heinäkuun
697 161 31 27 13
747 168 28 27 p.
792 161 71 27 1906
877 161 60 27 k:lo
950 161 14 26 7
976 161 18 26 i.
1008 167 27 27 p.

285 229 133 24 Rukouksen
434 231 41 28 piti
491 231 176 29 lääninprovasti
684 232 27 21 K.
727 232 27 21 A.
771 231 145 24 Schroderus.

285 384 192 23 Nimenhuudossa
498 385 70 23 olivat
583 386 74 28 poissa
673 386 76 22 herrat
763 386 110 27 Auvinen,
890 386 68 28 Hjelt,
974 386 61 22 Hell-

213 420 52 15 man
281 414 22 28 ja
319 414 137 28 Hyvärinen.

410 558 183 28 Varajäseniksi
609 558 229 24 lakivaliokuntaan

212 616 41 23 oli:
267 617 94 22 entisten
384 618 77 22 lisäksi
484 618 86 28 valittu,
596 618 67 23 kuten
679 619 40 22 hra
735 619 121 28 Runeberg
871 620 41 27 nyt
927 618 108 29 valitsija-

211 647 95 22 miesten
321 648 101 27 puolesta
437 649 96 27 ilmoitti,
550 649 75 21 herrat
641 655 37 16 von
695 649 72 26 Pfaler,
785 649 83 28 Lybeck,
885 649 19 21 V.
922 649 20 22 T.
960 649 76 22 Rosen-

211 677 54 27 gvist
277 677 25 27 ja
318 677 85 29 Ingman.

507 814 232 30 Painovapaudesta.

283 872 93 23 Otettiin
392 874 99 22 edelleen
507 874 164 28 käyteltäväksi
687 875 132 29 eilispäivän
835 875 127 21 istunnossa
978 875 57 28 pöy-

211 902 59 22 dälle
289 905 69 26 pantu
374 904 173 23 lakivaliokunnan
564 906 87 21 mietintö
668 911 32 17 n:o
717 905 12 22 2
747 905 192 27 painovapauslakia
956 904 79 22 koske-

210 939 45 15 van
272 940 53 14 arm.
343 934 112 27 esityksen
471 941 37 15 n:o
527 936 28 20 14
567 935 111 27 johdosta.

283 992 204 23 Yleiskeskustelun
503 994 72 22 aloitti

282 1052 47 21 Hra
346 1052 66 21 Heikel
428 1053 141 21 lausumalla:
594 1053 51 22 Man
661 1053 41 22 har
718 1053 50 22 hört
784 1053 43 22 den
843 1053 93 28 mening
945 1053 89 26 uttalas,

209 1082 33 20 att
259 1081 68 22 sedan
343 1089 81 20 genom
441 1083 251 22 novembermanifestet
708 1083 26 21 af
747 1082 92 22 förlidet
851 1084 24 20 är
886 1083 42 21 den
940 1089 94 22 preven-

208 1111 49 21 tiva
280 1118 107 15 censuren
412 1111 72 22 blifvit
509 1112 116 26 afskaffad,
650 1114 69 27 något
743 1113 126 28 synnerligt
885 1112 70 21 behof
968 1112 25 21 af
1006 1119 27 14 en

209 1141 101 28 presslag
333 1142 20 26 ej
377 1141 72 22 skulle
472 1141 131 23 förefinnas.
635 1143 44 21 För
702 1143 107 21 händelse
825 1142 26 21 af
864 1141 171 29 pressfrihetens

209 1170 112 21 missbruk
344 1171 129 26 innehåller,
498 1175 67 25 säger
587 1179 58 20 man,
670 1172 136 28 Strafflagen
823 1171 136 29 tillräckliga
974 1171 60 22 stad-

208 1200 97 27 ganden.

281 1230 52 21 Man
351 1230 99 22 förbiser
471 1231 78 22 härvid
567 1231 130 24 emellertid,
715 1233 31 20 att
763 1231 114 28 åtskilliga
892 1231 142 21 administra-

207 1259 48 21 tiva
275 1259 160 30 förordningar
453 1261 38 21 allt
507 1264 60 18 ännu
584 1264 38 19 äro
638 1261 112 28 gällande,
767 1261 27 21 de
811 1261 40 21 där
867 1260 95 22 rörande
979 1260 54 21 bok-

208 1289 89 27 handel,
317 1290 182 27 tryckerirörelse
520 1291 42 21 och
578 1293 45 19 rätt
639 1293 32 19 att
686 1290 88 29 utgifva
789 1291 115 28 tidningar
920 1290 114 21 innehålla

207 1319 176 27 hestämmelser,
404 1327 47 14 som
472 1323 55 25 göra
547 1321 64 21 dessa
627 1321 112 21 beroende
756 1320 25 21 af
794 1322 31 20 ett
841 1321 79 20 sådant
936 1320 97 21 ämbets-

207 1349 56 21 verk
279 1355 46 15 som
342 1349 245 28 pressöfverstyrelsen;
605 1352 32 19 att
653 1349 162 23 innehafvaren
827 1349 25 22 af
859 1349 173 28 generalguver-

207 1379 158 26 nörsämbetet,
390 1379 7 21 i
421 1379 39 22 fall
484 1380 42 21 han
551 1379 73 23 finner
646 1381 31 21 att
694 1381 75 27 någon
786 1381 45 20 orts
847 1379 95 28 tidning,
959 1380 73 21 såsom

207 1408 38 21 det
269 1409 69 25 heter,
363 1416 81 21 genom
469 1410 83 27 oriktig
575 1410 102 28 tolkning
699 1409 23 22 at
746 1409 107 22 Finlands
873 1409 108 28 ställning
1000 1409 31 21 till

207 1437 151 28 kejsardömet
376 1438 73 29 gifver
465 1439 122 28 anledning
603 1439 33 21 till
653 1439 105 28 missnöje
775 1439 54 22 eller
845 1439 80 28 giltiga
941 1439 92 21 orsaker

207 1467 66 28 eljest
293 1467 148 27 förekomma,
459 1475 52 22 eger
527 1469 62 21 makt
605 1471 32 19 att
653 1469 45 22 låta
714 1469 90 21 inställa
819 1469 129 28 tidningens
964 1467 67 29 utgif-
