1081 1750
252 98 138 19 Eduskunnan
402 98 111 18 uudestaan
524 99 168 22 järjestämisestä.
838 97 44 21 643

59 158 28 22 de
103 158 175 29 proportionella
293 158 73 26 valen,
383 158 70 22 ehuru
468 158 57 21 hvar
541 158 42 21 och
600 164 27 15 en
644 157 38 22 vid
698 160 102 18 närmare
817 156 65 22 efter-

59 188 69 21 tanke
144 189 70 21 mäste
230 188 69 24 finna,
316 189 32 20 att
365 188 65 21 dessa
440 194 86 15 samma
536 187 146 29 olägenheter
695 187 6 21 i
712 187 91 28 mycket
813 186 69 28 högre

61 218 56 28 grad
140 220 56 26 göra
220 218 34 28 sig
278 218 104 28 gällande
398 218 38 21 vid
452 217 167 27 majoritetsval.
651 216 45 29 Jag
711 217 41 21 har
767 215 116 29 förgäfves

60 248 71 21 under
153 248 84 28 dagens
258 247 126 22 diskussion
404 247 50 21 sökt
473 248 33 20 att
520 246 63 22 finna
598 248 72 27 nägra
686 254 44 20 nya
746 246 137 28 synpunkter

61 276 137 28 framhållas,
215 278 71 27 några
302 278 70 20 andra
388 280 29 18 än
434 277 33 26 de,
484 284 48 14 som
548 277 96 28 tidigare
660 276 74 22 blifvit
750 275 133 23 framhällna

61 307 43 22 och
120 307 100 22 bemötta
236 307 38 21 vid
290 308 127 28 gärdagens
433 307 131 21 diskussion.
594 306 45 28 Jag
655 306 44 22 kan
715 306 49 22 icke
776 306 47 21 inse
834 305 49 21 skä-

60 337 31 21 let
116 338 32 20 att
164 336 102 22 fortsätta
283 344 27 14 en
327 337 125 21 diskussion
473 337 52 21 med
540 336 168 28 upprepningar
724 335 24 22 af
761 336 59 21 hvad
836 342 47 14 som

62 366 70 22 redan
155 366 75 22 blifvit
253 366 71 29 sagdt.
356 366 44 29 Jag
424 366 70 22 skulle
511 366 79 22 därför
605 366 55 28 vilja
676 365 93 23 försöka
786 365 36 22 för
838 364 46 22 min

64 396 36 22 del
117 396 99 22 återföra
233 396 153 22 diskussionen
402 396 35 22 till
453 396 43 26 det,
514 403 48 15 som
578 396 36 22 det
631 403 28 14 nu
677 396 36 22 väl
729 396 77 28 gäller,
822 396 16 20 4
852 394 11 28 8
877 394 7 21 i

62 426 24 21 L.
104 426 34 26 O.,
154 426 80 29 frågan
255 433 36 15 om
307 426 60 22 hvad
382 426 8 21 i
406 426 74 22 denna
495 426 41 22 bör
552 427 116 27 upptagas,
685 425 88 29 frågan,
789 432 36 14 om
841 424 43 22 den

63 457 65 25 form,
152 456 64 22 hvari
240 456 44 22 den
306 456 126 28 töreligger
455 456 7 21 i
486 456 43 22 den
553 456 83 28 nädiga
652 455 172 29 propositionen,
840 454 45 22 kan

62 486 132 28 godkännas
210 486 54 22 eller
279 486 110 21 huruvida
405 486 43 21 den
465 486 101 28 päkallar
582 487 71 27 några
669 485 164 28 förändringar.

134 516 45 28 Jag
198 517 46 20 tror
264 516 48 28 mig
334 516 110 28 knappast
460 515 96 23 behöfva
572 516 76 21 vidare
664 516 109 21 motivera
788 515 97 21 nödvän-

64 546 107 28 digheten
195 545 25 22 af
240 547 32 20 att
295 546 8 21 i
326 546 246 28 landtdagsordningen
590 547 109 27 upptages
715 545 170 27 bestämningen

64 582 35 15 om
120 575 175 30 proportionella
314 576 43 21 val.
389 575 78 22 Redan
488 575 25 22 af
530 575 126 29 gärdagens
678 575 124 22 diskussion
818 574 67 22 fram-

64 606 52 28 gick
140 605 133 29 otvetydigt,
290 607 32 20 att
346 605 82 22 allmän
447 606 42 21 och
504 605 47 22 lika
566 605 88 28 valrätt,
672 605 214 27 enkammarsystem

64 635 42 22 och
129 635 173 29 proportionella
325 635 38 22 val
384 638 38 19 äro
447 635 157 28 integrerande
628 635 62 22 delar
710 636 22 21 af
748 637 32 20 ett
796 635 89 27 system,

65 665 83 22 hvarur
164 672 51 15 man
232 665 50 22 icke
297 665 45 22 kan
358 665 90 28 utbryta
464 665 38 22 det
518 672 42 15 ena
576 665 54 22 eller
646 665 70 21 andra
731 666 53 20 utan
800 665 32 20 att
850 663 37 22 det

64 695 52 22 hela
134 694 65 23 faller
218 695 86 22 sönder.
336 695 132 28 Otvetydigt
484 698 25 19 är
525 695 65 22 alltsä
606 696 32 21 att
654 695 7 21 i
677 693 209 30 landtdagsordnin-

64 732 45 21 gen
133 726 71 21 måste
226 725 55 28 ingå
302 732 28 15 en
352 725 142 28 bestämning
510 732 36 15 om
562 725 178 21 maximiantalet
755 724 131 25 valkretsar,

65 755 101 26 emedan,
184 756 72 20 säsom
272 754 132 29 tillräckligt
419 755 135 28 uppvisades
570 755 37 22 vid
618 755 126 28 gärdagens
756 754 82 27 debatt,
850 760 37 15 om

66 791 28 15 en
110 784 70 21 sädan
196 785 153 28 begränsning
364 785 50 21 icke
430 785 78 26 finnes,
523 785 133 28 stadgandet
667 791 37 14 om
714 783 174 29 proportionella

65 814 38 21 val
126 817 25 19 är
174 814 126 22 illusoriskt.
333 814 51 22 Men
408 814 43 27 det,
476 815 94 21 hvarom
592 821 51 14 man
660 814 44 21 kan
720 821 54 14 vara
790 813 25 22 af
828 812 60 23 olika

65 844 99 28 mening,
181 847 25 18 är
221 844 37 21 väl
274 844 56 21 huru
346 845 54 27 högt
417 844 61 21 detta
493 844 124 21 maximita!
633 844 41 21 bör
690 843 125 22 fastställas.
837 842 51 22 Den

65 874 85 28 nädiga
172 874 165 28 propositionen
359 873 95 23 föreslär
473 875 33 25 18,
523 874 43 21 den
583 873 71 28 fjärde
669 873 166 22 reservationen
851 873 35 20 27.

66 903 45 22 Det
134 906 25 19 är
182 903 144 28 häremellan,
350 911 47 14 som
420 911 52 14 man
496 904 42 21 har
561 905 32 20 att
615 906 55 26 göra
686 905 31 20 ett
732 903 43 26 val,
792 903 42 21 och
848 902 40 28 jag

67 933 125 28 medgifver
216 933 74 29 villigt
312 933 38 22 för
366 934 45 21 min
428 933 42 27 del,
488 935 32 20 att
536 933 37 22 det
588 933 85 22 kanske
690 933 58 22 varit
763 932 125 22 ändamäls-

66 963 108 28 enligare,
198 970 36 15 om
258 963 7 22 i
288 964 166 27 propositionen
477 963 59 22 hade
560 963 112 29 upptagits
688 965 32 20 ett
734 964 69 27 nägot
820 963 68 27 högre

66 993 32 21 tal
119 995 29 19 än
170 993 32 22 18.
234 993 51 22 Men
301 996 41 19 när
358 993 38 22 det
411 993 72 28 päller
499 995 32 20 att
547 993 61 28 välja
624 993 82 22 mellan
722 994 31 20 att
769 992 121 29 godkänna

67 1023 43 21 den
131 1023 84 28 nådiga
235 1023 167 28 propositionen
418 1023 137 22 oförändrad
572 1023 54 22 eller
641 1023 51 22 med
708 1022 140 27 förändring,
865 1022 25 20 sä

67 1053 71 21 mäste
153 1053 40 28 jag
209 1053 57 21 dock
282 1054 78 27 ätergä
377 1053 35 21 till
428 1060 27 15 en
472 1053 121 28 synpunkt,
608 1059 48 15 som
673 1059 51 15 man
735 1058 72 22 synes,
819 1051 7 22 i
838 1058 51 21 syn-

68 1082 79 22 nerhet
171 1083 7 20 i
202 1083 84 28 dagens
303 1083 131 26 diskussion,
452 1083 92 22 alldeles
560 1082 68 22 hafva
644 1083 60 21 velat
719 1083 80 27 tränga
814 1081 76 21 undan

68 1111 50 22 frän
142 1112 139 28 synkretsen.
312 1112 44 22 Det
380 1112 117 22 förefaller
513 1113 47 28 mig
575 1119 48 15 som
638 1119 37 15 om
690 1111 155 23 hutvudsaken
862 1117 29 14 nu

68 1142 72 21 skulle
164 1149 54 14 vara
242 1144 31 19 att
295 1142 116 29 verkligen
435 1142 134 29 genomföra
585 1149 27 15 en
628 1141 89 27 reform,
734 1149 47 14 som
796 1141 35 21 till
846 1140 45 21 alla

68 1172 64 22 delar
147 1172 25 22 af
185 1172 86 22 landets
287 1172 132 29 befolkning
435 1173 124 21 utsträcker
576 1173 116 21 valrätten.
725 1172 67 22 Detta
807 1174 25 18 är
848 1170 43 22 den

68 1203 62 20 stora
144 1202 162 26 hufvudsaken,
324 1202 42 22 den
382 1204 60 20 stora
458 1202 119 28 reformen,
594 1209 46 15 som
658 1202 36 22 det
710 1202 87 28 åligger
813 1208 35 14 oss
860 1201 32 20 att

70 1232 81 28 bringa
174 1232 34 21 till
231 1232 71 22 stånd.
335 1232 44 22 För
402 1232 62 22 detta
488 1232 115 22 ändamäls
624 1232 113 21 vinnande
752 1232 72 20 måste
840 1236 52 15 man

69 1261 61 28 välja
147 1262 27 21 de
190 1263 57 20 mest
264 1262 192 28 ändamälsenliga
472 1265 77 25 vägar.
572 1262 44 28 Jag
631 1262 44 21 kan
692 1262 49 21 icke
756 1261 91 21 komma
857 1259 35 22 till

69 1298 75 14 annan
160 1291 144 29 uppfattning
319 1294 28 18 än
364 1293 38 26 att,
419 1295 41 18 när
476 1299 52 14 man
544 1292 41 21 har
600 1291 130 29 fullständig
744 1290 104 22 säkerhet
860 1291 33 20 att

69 1321 136 28 genomföra
228 1321 37 21 det
288 1323 66 25 stora,
378 1322 38 21 det
439 1321 179 29 hufvudsakliga,
640 1328 52 14 man
712 1322 40 20 bör
772 1320 62 28 välja
850 1319 43 21 den

70 1351 67 21 säkra
152 1353 80 26 vägen,
249 1350 66 22 äfven
332 1358 36 14 om
384 1358 52 14 man
454 1351 130 29 därigenom
598 1352 69 21 måste
677 1350 103 29 uppoffra
792 1348 102 24 enskilda

70 1380 101 28 detaljer,
196 1388 47 14 som
265 1388 53 14 man
341 1381 75 21 kunde
433 1381 70 21 önska
519 1381 145 21 annorlunda.
696 1381 52 21 Man
762 1380 72 27 väljer
850 1378 44 22 den

70 1410 67 22 säkra
160 1413 74 25 vägen
256 1410 72 22 hellre
349 1413 29 19 än
395 1418 52 14 man
463 1411 71 27 väljer
550 1411 42 21 den
609 1410 80 22 osäkra
704 1410 8 22 i
727 1412 50 20 tron
794 1411 31 20 att
842 1415 52 14 man

70 1440 86 22 kanske
180 1440 65 22 äfven
270 1441 29 27 pä
323 1440 73 22 denna
412 1440 81 22 osäkra
508 1443 46 26 väg
569 1440 75 22 kunde
659 1441 29 21 nä
704 1440 73 22 målet.
810 1439 44 21 Det
870 1440 25 19 är
