1078 1750
251 100 138 18 Eduskunnan
401 100 110 18 uudestaan
521 101 167 23 järjestämisestä.
843 100 43 22 667

133 159 47 22 Hra
196 160 99 22 Hannula:
312 160 97 21 Minusta
425 166 28 16 on
469 160 69 21 täällä
552 162 64 20 tuotu
633 160 54 21 siksi
702 160 81 21 sitovia
798 159 88 22 lausun-

61 190 47 27 toja
123 189 55 22 esiin
194 191 59 20 tässä
270 190 180 28 kysymyksessä,
462 190 25 27 ja
502 190 114 21 varsinkin
633 190 71 21 siihen
720 189 95 27 nähden,
832 189 54 21 mitä

61 218 119 30 professori
196 219 140 22 Hermanson
353 226 29 15 on
397 219 70 22 täällä
480 220 111 26 lausunut,
609 220 60 20 minä
685 220 45 27 yhä
746 219 85 26 katson,
841 220 46 20 että

61 249 82 21 tohtori
158 248 118 29 Ingmanin
293 249 118 22 ehdotusta
427 249 48 21 olisi
492 249 167 26 kannatettava,
673 249 25 27 ja
713 249 118 28 puolustan
847 255 38 21 py-

61 278 68 22 kälän
145 278 165 29 palauttamista
326 279 166 21 valiokuntaan.
517 279 119 22 Vastustan
652 278 117 22 kuitenkin
785 284 101 16 numero-

59 308 150 28 järjestyksen
228 309 153 21 muuttamista
393 309 25 27 ja
433 309 76 27 soisin,
525 311 46 19 että
587 309 68 21 tähän
671 308 112 29 pykälään
799 308 87 22 otettai-

61 338 43 22 siin
127 338 118 22 selvittävä
265 341 109 26 määräys.
406 338 69 28 Kyllä
490 338 97 22 minusta
602 340 80 20 tuntuu
696 340 38 20 tuo
751 338 47 22 asia
812 338 74 22 toisel-

61 368 88 22 laiselta
171 368 53 21 kuin
248 368 118 28 professori
391 368 198 22 Serlachiuksesta.
622 368 35 22 On
672 368 149 26 luonnollista,
841 369 46 20 että

61 427 90 22 miehet.
183 428 30 21 50
234 428 82 27 pykälä
334 428 19 21 ei
370 428 93 21 minulle
478 428 81 21 kirkon
576 428 103 21 miehenä
694 428 35 21 ole
744 428 142 21 todellakaan

62 457 48 21 niin
135 457 64 22 kallis
218 457 52 21 kuin
286 458 28 20 52
331 457 90 28 pykälä.
452 457 29 22 Ja
497 458 45 21 kun
558 458 50 21 olen
625 464 77 15 varma
718 459 52 25 että,
786 457 100 22 niinkuin

61 493 29 15 on
113 489 95 24 sanottu,
234 487 187 28 väärinkäsitystä
440 487 83 22 asiasta
538 488 37 21 voi
598 489 82 26 syntyä
700 487 185 26 vastaisuudessa,

61 517 48 21 niin
128 517 78 22 miksei
223 517 51 21 sitte
290 519 60 20 oteta
366 517 128 22 semmoista
510 519 134 26 määräystä,
658 517 59 28 josta
734 517 43 28 käy
794 516 91 26 selville,

61 546 62 22 mikä
145 547 114 28 mielipide
275 547 172 22 valiokunnassa
463 554 29 15 on
508 547 55 22 ollut
578 547 68 22 tähän
662 547 113 28 pykälään
790 546 95 22 nähden.

132 606 48 22 Hra
196 607 134 22 Hermanson:
346 606 74 22 Sedan
436 608 72 27 nägra
524 606 138 29 föregäende
678 607 70 21 talare
759 608 55 26 sagt,
827 606 58 22 hvad

59 636 41 28 jag
123 636 71 22 skulle
217 636 48 22 haft
287 638 32 20 att
337 636 101 29 tillägga,
455 637 41 21 ber
509 637 41 28 jag
566 637 55 21 blott
638 638 32 20 att
682 636 23 22 fä
720 636 119 22 framhälla
854 637 32 20 ett

61 672 41 22 par
117 666 196 29 omständigheter.

132 695 44 22 Det
202 698 24 19 är
249 696 50 21 icke
315 697 25 20 sä
356 696 74 22 enkelt
447 698 32 20 att
495 696 95 28 tillägga
606 696 7 21 i
630 696 132 28 paragrafen
779 696 68 21 orden
865 695 20 28 yi

60 725 85 22 utskott
161 726 54 21 eller
230 726 37 21 vid
283 726 111 28 plenum”,
411 728 24 26 ty
451 726 60 22 hvad
527 726 44 22 blir
586 726 102 28 följden?
704 726 46 21 När
760 732 52 15 man
825 725 60 21 kom-

61 762 48 14 mer
131 755 34 21 till
189 756 28 20 53
238 755 20 29 &,
274 757 25 19 sä
315 756 63 21 heter
394 756 37 21 det
447 756 50 22 icke
515 756 20 25 ,i
550 756 85 22 utskott
651 756 54 22 eller
720 756 38 21 vid
774 756 111 28 plenum".

61 784 36 22 Då
112 788 66 25 säger
193 792 51 14 man
261 787 70 21 strax:
345 786 57 27 jaså,
420 786 61 21 detta
497 786 72 28 gäller
584 786 56 21 blott
656 786 96 28 plenum.
777 785 50 21 Man
839 784 45 22 för-

61 814 95 22 dunklar
179 815 85 21 således
283 815 66 29 lagen
366 822 80 22 genom
464 817 33 20 att
512 818 55 26 göra
583 816 61 21 detta
660 816 46 21 lilla
722 815 86 29 tillägg.
840 814 45 22 An-

61 851 36 15 ser
117 851 52 15 man
193 846 47 20 åter
264 847 33 19 att
320 844 134 30 paragrafen
479 845 70 22 borde
567 845 81 28 flyttas,
665 846 25 20 så
705 845 128 22 föranleder
849 845 37 21 det

61 874 50 22 icke
134 874 57 22 blott
215 875 95 28 ändring
328 874 26 22 af
366 875 28 21 de
410 875 102 27 följande
528 874 172 30 paragrafernas
716 875 169 28 ordningsnum-

61 910 54 20 mer,
132 906 52 19 utan
201 904 68 22 också
285 904 25 22 af
323 904 45 22 alla
378 905 168 29 hänvisningar,
558 905 77 21 hvilka
645 904 141 22 förekomma
797 905 6 21 i
814 904 71 21 landt-

61 933 187 29 dagsordningen.
280 934 43 22 Det
348 937 25 19 är
391 934 50 22 icke
456 934 39 22 för
511 936 32 20 att
557 935 42 21 här
614 934 71 22 skulle
701 942 53 14 vara
770 934 63 28 fråga
849 940 36 15 om

60 964 119 21 utskottets
204 964 86 26 besvär,
314 971 47 15 som
384 965 40 27 jag
445 966 116 20 motsätter
577 965 47 28 mig
640 965 67 27 detta,
723 966 53 20 utan
792 964 25 21 af
830 964 54 24 skäl,

60 1000 49 14 som
127 992 62 23 förut
205 993 73 22 blifvit
294 994 141 26 framhållna,
452 994 43 22 och
511 994 105 22 särskildt
632 994 25 22 af
670 994 36 22 det
722 994 55 27 skäl,
793 995 32 20 att
839 994 46 27 jag,

60 1029 48 15 som
124 1023 68 21 också
208 1025 70 27 vågar
293 1031 53 15 anse
363 1024 47 28 mig
425 1024 56 22 höra
496 1024 34 22 till
545 1024 115 22 lutherska
674 1024 85 28 kyrkan
772 1024 41 21 och
825 1023 61 21 detta

60 1052 51 22 icke
131 1052 57 22 blott
205 1053 32 21 till
254 1054 36 21 det
306 1055 66 26 yttre,
389 1053 119 29 värkligen
523 1054 50 22 icke
589 1054 71 22 skulle
676 1054 55 28 vilja
746 1055 82 20 utsätta
843 1053 42 21 lut-

60 1082 81 22 herska
165 1082 86 28 kyrkan
276 1082 37 23 för
336 1084 38 21 det
397 1084 100 26 klander,
519 1090 48 16 som
583 1084 51 22 med
650 1084 48 21 skäl
714 1084 70 21 skulle
800 1082 86 22 drabba

61 1112 50 22 dess
134 1113 149 28 prästerskap,
304 1120 36 15 om
361 1115 32 19 att
409 1120 52 15 man
477 1121 30 14 nu
523 1114 60 26 ville,
599 1115 72 20 såsom
688 1113 110 29 professor
814 1113 72 22 Serla-

61 1142 63 21 chius
140 1142 60 26 sade,
217 1142 25 22 af
256 1150 27 14 en
299 1150 85 22 mygga
400 1146 55 26 göra
471 1150 28 15 en
514 1143 80 22 kamel.
616 1144 33 27 Ty
658 1144 41 29 jag
709 1143 44 21 kan
764 1142 50 22 icke
825 1149 60 19 anse,

61 1173 32 20 att
116 1172 114 22 lutherska
248 1173 98 28 kyrkans
362 1173 37 22 väl
416 1173 54 22 eller
486 1181 28 15 ve
530 1177 25 18 är
571 1173 111 22 beroende
699 1173 69 25 däraf,
786 1175 31 19 att
834 1179 51 14 man

60 1201 120 22 framdeles
204 1203 106 28 möjligen
333 1203 102 22 kommer
459 1205 33 20 att
515 1203 62 22 tolka
596 1203 135 28 paragrafen
747 1202 138 22 annorlunda

61 1234 28 19 än
113 1239 29 14 nu
166 1232 42 21 och
232 1234 32 20 att
284 1233 107 28 möjligen
408 1233 37 21 vid
461 1233 235 28 utskottsbehandling
711 1233 25 22 af
750 1233 60 22 detta
826 1232 60 28 slags

61 1261 97 22 ärenden
177 1262 89 22 komma
282 1264 32 20 att
330 1263 91 28 deltaga
436 1270 113 21 personer,
567 1263 76 22 hvilka
658 1263 50 22 icke
723 1263 34 21 till
774 1263 36 21 det
826 1263 60 27 yttre

60 1291 56 21 höra
131 1291 34 21 till
181 1291 73 22 denna
270 1292 78 28 kyrka.

132 1350 119 29 Vapaahra
268 1350 91 23 Palmén:
376 1352 52 21 Kun
444 1352 93 28 esitystä
553 1352 31 21 tai
599 1352 115 21 mietintöä
724 1352 161 28 puolustetaan,

61 1387 28 15 on
105 1380 92 28 yleensä
212 1381 112 21 tavallista
340 1383 46 20 että
402 1382 43 21 sitä
460 1382 156 28 puolustetaan
632 1388 38 15 sen
687 1381 99 22 ansiolla.
815 1380 71 22 Mutta

60 1412 83 19 tänään
164 1410 25 28 ja
209 1410 57 22 eilen
282 1411 50 21 olen
348 1411 86 21 kuullut
451 1424 30 3 —
497 1418 28 15 en
540 1411 61 22 tiedä
617 1411 83 21 kuinka
716 1413 76 19 monta
807 1410 79 22 kertaa

62 1452 26 3 —
105 1440 217 28 pääpuolustuksena
338 1448 46 19 sen,
401 1442 46 20 että
464 1441 68 21 laissa
547 1448 29 14 on
587 1441 109 21 olemassa
706 1440 105 22 toisiakin
822 1441 63 27 puut-

59 1469 62 27 teita,
145 1470 123 22 sentähden
292 1470 68 22 muka
383 1470 20 22 ei
427 1470 35 22 ole
486 1472 66 27 syytä
567 1471 127 21 tähänkään
710 1470 77 22 asiaan
803 1470 81 27 kajota.
