<?xml version="1.0" encoding="UTF-8"?>
<alto xmlns="http://www.loc.gov/standards/alto/ns-v3#" xmlns:xlink="http://www.w3.org/1999/xlink" xmlns:xsi="http://www.w3.org/2001/XMLSchema-instance" xsi:schemaLocation="http://www.loc.gov/standards/alto/ns-v3# http://www.loc.gov/alto/v3/alto-3-0.xsd">
	<Description>
		<MeasurementUnit>pixel</MeasurementUnit>
		<sourceImageInformation>
			<fileName>/tmp/tess_6przjkf1_input.PNG</fileName>
		</sourceImageInformation>
		<OCRProcessing ID="OCR_0">
			<ocrProcessingStep>
				<processingSoftware>
					<softwareName>tesseract 5.3.4</softwareName>
				</processingSoftware>
			</ocrProcessingStep>
		</OCRProcessing>
	</Description>
	<Layout>
		<Page WIDTH="1081" HEIGHT="1753" PHYSICAL_IMG_NR="0" ID="page_0">
			<PrintSpace HPOS="0" VPOS="0" WIDTH="1081" HEIGHT="1753">
				<ComposedBlock ID="cblock_0" HPOS="361" VPOS="113" WIDTH="524" HEIGHT="24">
					<TextBlock ID="block_0" HPOS="361" VPOS="113" WIDTH="524" HEIGHT="24">
						<TextLine ID="line_0" HPOS="361" VPOS="113" WIDTH="524" HEIGHT="24">
							<String ID="string_0" HPOS="361" VPOS="114" WIDTH="52" HEIGHT="18" WC="0.93" CONTENT="Laki"/><SP WIDTH="12" VPOS="114" HPOS="413"/>
							<String ID="string_1" HPOS="425" VPOS="113" WIDTH="152" HEIGHT="24" WC="0.90" CONTENT="ykdistyksistä."/><SP WIDTH="264" VPOS="113" HPOS="577"/>
							<String ID="string_2" HPOS="841" VPOS="113" WIDTH="44" HEIGHT="21" WC="0.96" CONTENT="963"/>
						</TextLine>
					</TextBlock>
				</ComposedBlock>
				<ComposedBlock ID="cblock_1" HPOS="57" VPOS="172" WIDTH="832" HEIGHT="501">
					<TextBlock ID="block_1" HPOS="57" VPOS="172" WIDTH="831" HEIGHT="418">
						<TextLine ID="line_1" HPOS="57" VPOS="172" WIDTH="829" HEIGHT="30">
							<String ID="string_3" HPOS="57" VPOS="174" WIDTH="61" HEIGHT="23" WC="0.95" CONTENT="kellä"/><SP WIDTH="15" VPOS="174" HPOS="118"/>
							<String ID="string_4" HPOS="133" VPOS="175" WIDTH="98" HEIGHT="21" WC="0.94" CONTENT="sanottu:"/><SP WIDTH="27" VPOS="175" HPOS="231"/>
							<String ID="string_5" HPOS="258" VPOS="192" WIDTH="5" HEIGHT="10" WC="0.85" CONTENT=","/><SP WIDTH="3" VPOS="192" HPOS="263"/>
							<String ID="string_6" HPOS="266" VPOS="174" WIDTH="103" HEIGHT="26" WC="0.85" CONTENT="Missään"/><SP WIDTH="16" VPOS="174" HPOS="369"/>
							<String ID="string_7" HPOS="385" VPOS="173" WIDTH="148" HEIGHT="29" WC="0.96" CONTENT="tapauksessa"/><SP WIDTH="16" VPOS="173" HPOS="533"/>
							<String ID="string_8" HPOS="549" VPOS="174" WIDTH="20" HEIGHT="21" WC="0.93" CONTENT="ei"/><SP WIDTH="17" VPOS="174" HPOS="569"/>
							<String ID="string_9" HPOS="586" VPOS="173" WIDTH="75" HEIGHT="28" WC="0.92" CONTENT="käyne"/><SP WIDTH="17" VPOS="173" HPOS="661"/>
							<String ID="string_10" HPOS="678" VPOS="174" WIDTH="78" HEIGHT="26" WC="0.93" CONTENT="syystä"/><SP WIDTH="15" VPOS="174" HPOS="756"/>
							<String ID="string_11" HPOS="771" VPOS="172" WIDTH="115" HEIGHT="22" WC="0.93" CONTENT="valiokun-"/>
						</TextLine>
						<TextLine ID="line_2" HPOS="57" VPOS="202" WIDTH="828" HEIGHT="28">
							<String ID="string_12" HPOS="57" VPOS="207" WIDTH="38" HEIGHT="19" WC="0.92" CONTENT="taa"/><SP WIDTH="25" VPOS="207" HPOS="95"/>
							<String ID="string_13" HPOS="120" VPOS="204" WIDTH="147" HEIGHT="22" WC="0.91" CONTENT="moittiminen"/><SP WIDTH="21" VPOS="204" HPOS="267"/>
							<String ID="string_14" HPOS="288" VPOS="204" WIDTH="57" HEIGHT="26" WC="0.96" CONTENT="siitä,"/><SP WIDTH="20" VPOS="204" HPOS="345"/>
							<String ID="string_15" HPOS="365" VPOS="204" WIDTH="53" HEIGHT="22" WC="0.96" CONTENT="ettei"/><SP WIDTH="17" VPOS="204" HPOS="418"/>
							<String ID="string_16" HPOS="435" VPOS="203" WIDTH="138" HEIGHT="27" WC="0.96" CONTENT="valiokunta,"/><SP WIDTH="17" VPOS="203" HPOS="573"/>
							<String ID="string_17" HPOS="590" VPOS="203" WIDTH="45" HEIGHT="21" WC="0.96" CONTENT="kun"/><SP WIDTH="16" VPOS="203" HPOS="635"/>
							<String ID="string_18" HPOS="651" VPOS="202" WIDTH="137" HEIGHT="28" WC="0.93" CONTENT="tarpeellisia"/><SP WIDTH="17" VPOS="202" HPOS="788"/>
							<String ID="string_19" HPOS="805" VPOS="202" WIDTH="80" HEIGHT="22" WC="0.93" CONTENT="alusta-"/>
						</TextLine>
						<TextLine ID="line_3" HPOS="57" VPOS="232" WIDTH="828" HEIGHT="30">
							<String ID="string_20" HPOS="57" VPOS="234" WIDTH="39" HEIGHT="22" WC="0.96" CONTENT="via"/><SP WIDTH="22" VPOS="234" HPOS="96"/>
							<String ID="string_21" HPOS="118" VPOS="234" WIDTH="56" HEIGHT="22" WC="0.96" CONTENT="töitä"/><SP WIDTH="21" VPOS="234" HPOS="174"/>
							<String ID="string_22" HPOS="195" VPOS="240" WIDTH="28" HEIGHT="15" WC="0.96" CONTENT="on"/><SP WIDTH="16" VPOS="240" HPOS="223"/>
							<String ID="string_23" HPOS="239" VPOS="234" WIDTH="118" HEIGHT="22" WC="0.96" CONTENT="kokonaan"/><SP WIDTH="16" VPOS="234" HPOS="357"/>
							<String ID="string_24" HPOS="373" VPOS="235" WIDTH="128" HEIGHT="27" WC="0.96" CONTENT="puuttunut,"/><SP WIDTH="16" VPOS="235" HPOS="501"/>
							<String ID="string_25" HPOS="517" VPOS="233" WIDTH="36" HEIGHT="22" WC="0.96" CONTENT="ole"/><SP WIDTH="15" VPOS="233" HPOS="553"/>
							<String ID="string_26" HPOS="568" VPOS="233" WIDTH="110" HEIGHT="28" WC="0.96" CONTENT="ryhtynyt"/><SP WIDTH="15" VPOS="233" HPOS="678"/>
							<String ID="string_27" HPOS="693" VPOS="232" WIDTH="135" HEIGHT="28" WC="0.93" CONTENT="yrittämään"/><SP WIDTH="16" VPOS="232" HPOS="828"/>
							<String ID="string_28" HPOS="844" VPOS="232" WIDTH="41" HEIGHT="22" WC="0.92" CONTENT="sel-"/>
						</TextLine>
						<TextLine ID="line_4" HPOS="58" VPOS="262" WIDTH="828" HEIGHT="30">
							<String ID="string_29" HPOS="58" VPOS="264" WIDTH="71" HEIGHT="22" WC="0.89" CONTENT="vittää"/><SP WIDTH="19" VPOS="264" HPOS="129"/>
							<String ID="string_30" HPOS="148" VPOS="264" WIDTH="157" HEIGHT="28" WC="0.89" CONTENT="laajaperäistä"/><SP WIDTH="16" VPOS="264" HPOS="305"/>
							<String ID="string_31" HPOS="321" VPOS="264" WIDTH="132" HEIGHT="27" WC="0.96" CONTENT="kysymystä"/><SP WIDTH="16" VPOS="264" HPOS="453"/>
							<String ID="string_32" HPOS="469" VPOS="263" WIDTH="57" HEIGHT="25" WC="0.96" CONTENT="siitä,"/><SP WIDTH="17" VPOS="263" HPOS="526"/>
							<String ID="string_33" HPOS="543" VPOS="263" WIDTH="69" HEIGHT="21" WC="0.96" CONTENT="miten"/><SP WIDTH="17" VPOS="263" HPOS="612"/>
							<String ID="string_34" HPOS="629" VPOS="264" WIDTH="52" HEIGHT="20" WC="0.96" CONTENT="ovat"/><SP WIDTH="15" VPOS="264" HPOS="681"/>
							<String ID="string_35" HPOS="696" VPOS="262" WIDTH="146" HEIGHT="22" WC="0.96" CONTENT="ratkaistavat"/><SP WIDTH="16" VPOS="262" HPOS="842"/>
							<String ID="string_36" HPOS="858" VPOS="268" WIDTH="28" HEIGHT="16" WC="0.97" CONTENT="ne"/>
						</TextLine>
						<TextLine ID="line_5" HPOS="58" VPOS="292" WIDTH="829" HEIGHT="30">
							<String ID="string_37" HPOS="58" VPOS="293" WIDTH="231" HEIGHT="28" WC="0.90" CONTENT="oikeuskysymykset,"/><SP WIDTH="22" VPOS="293" HPOS="289"/>
							<String ID="string_38" HPOS="311" VPOS="294" WIDTH="64" HEIGHT="28" WC="0.96" CONTENT="jotka"/><SP WIDTH="22" VPOS="294" HPOS="375"/>
							<String ID="string_39" HPOS="397" VPOS="293" WIDTH="77" HEIGHT="21" WC="0.96" CONTENT="voivat"/><SP WIDTH="18" VPOS="293" HPOS="474"/>
							<String ID="string_40" HPOS="492" VPOS="293" WIDTH="79" HEIGHT="28" WC="0.96" CONTENT="johtua"/><SP WIDTH="20" VPOS="293" HPOS="571"/>
							<String ID="string_41" HPOS="591" VPOS="293" WIDTH="58" HEIGHT="26" WC="0.96" CONTENT="siitä,"/><SP WIDTH="23" VPOS="293" HPOS="649"/>
							<String ID="string_42" HPOS="672" VPOS="292" WIDTH="53" HEIGHT="22" WC="0.96" CONTENT="ettei"/><SP WIDTH="17" VPOS="292" HPOS="725"/>
							<String ID="string_43" HPOS="742" VPOS="292" WIDTH="75" HEIGHT="22" WC="0.96" CONTENT="muille"/><SP WIDTH="16" VPOS="292" HPOS="817"/>
							<String ID="string_44" HPOS="833" VPOS="292" WIDTH="54" HEIGHT="22" WC="0.97" CONTENT="kuin"/>
						</TextLine>
						<TextLine ID="line_6" HPOS="59" VPOS="322" WIDTH="828" HEIGHT="29">
							<String ID="string_45" HPOS="59" VPOS="324" WIDTH="127" HEIGHT="22" WC="0.89" CONTENT="rekisteriin"/><SP WIDTH="23" VPOS="324" HPOS="186"/>
							<String ID="string_46" HPOS="209" VPOS="323" WIDTH="153" HEIGHT="28" WC="0.89" CONTENT="kirjoitetuille"/><SP WIDTH="23" VPOS="323" HPOS="362"/>
							<String ID="string_47" HPOS="385" VPOS="323" WIDTH="158" HEIGHT="28" WC="0.96" CONTENT="yhdistyksille"/><SP WIDTH="21" VPOS="323" HPOS="543"/>
							<String ID="string_48" HPOS="564" VPOS="322" WIDTH="35" HEIGHT="22" WC="0.96" CONTENT="ole"/><SP WIDTH="17" VPOS="322" HPOS="599"/>
							<String ID="string_49" HPOS="616" VPOS="324" WIDTH="132" HEIGHT="26" WC="0.93" CONTENT="myönnetty"/><SP WIDTH="16" VPOS="324" HPOS="748"/>
							<String ID="string_50" HPOS="764" VPOS="322" WIDTH="123" HEIGHT="22" WC="0.92" CONTENT="oikeuskel-"/>
						</TextLine>
						<TextLine ID="line_7" HPOS="59" VPOS="352" WIDTH="828" HEIGHT="29">
							<String ID="string_51" HPOS="59" VPOS="353" WIDTH="134" HEIGHT="28" WC="0.82" CONTENT="poisuutta&quot;."/><SP WIDTH="17" VPOS="353" HPOS="193"/>
							<String ID="string_52" HPOS="210" VPOS="353" WIDTH="60" HEIGHT="21" WC="0.96" CONTENT="Minä"/><SP WIDTH="16" VPOS="353" HPOS="270"/>
							<String ID="string_53" HPOS="286" VPOS="353" WIDTH="38" HEIGHT="21" WC="0.97" CONTENT="siis"/><SP WIDTH="16" VPOS="353" HPOS="324"/>
							<String ID="string_54" HPOS="340" VPOS="353" WIDTH="125" HEIGHT="28" WC="0.96" CONTENT="puolestani"/><SP WIDTH="17" VPOS="353" HPOS="465"/>
							<String ID="string_55" HPOS="482" VPOS="352" WIDTH="94" HEIGHT="22" WC="0.96" CONTENT="suuresti"/><SP WIDTH="17" VPOS="352" HPOS="576"/>
							<String ID="string_56" HPOS="593" VPOS="352" WIDTH="88" HEIGHT="28" WC="0.96" CONTENT="epäilen"/><SP WIDTH="17" VPOS="352" HPOS="681"/>
							<String ID="string_57" HPOS="698" VPOS="352" WIDTH="58" HEIGHT="21" WC="0.96" CONTENT="koko"/><SP WIDTH="11" VPOS="352" HPOS="756"/>
							<String ID="string_58" HPOS="767" VPOS="352" WIDTH="120" HEIGHT="27" WC="0.96" CONTENT="neljännen"/>
						</TextLine>
						<TextLine ID="line_8" HPOS="60" VPOS="381" WIDTH="827" HEIGHT="28">
							<String ID="string_59" HPOS="60" VPOS="383" WIDTH="68" HEIGHT="22" WC="0.95" CONTENT="luvun"/><SP WIDTH="16" VPOS="383" HPOS="128"/>
							<String ID="string_60" HPOS="144" VPOS="383" WIDTH="111" HEIGHT="21" WC="0.95" CONTENT="ottamista"/><SP WIDTH="16" VPOS="383" HPOS="255"/>
							<String ID="string_61" HPOS="271" VPOS="383" WIDTH="70" HEIGHT="21" WC="0.95" CONTENT="tähän"/><SP WIDTH="16" VPOS="383" HPOS="341"/>
							<String ID="string_62" HPOS="357" VPOS="382" WIDTH="70" HEIGHT="22" WC="0.96" CONTENT="lakiin"/><SP WIDTH="10" VPOS="382" HPOS="427"/>
							<String ID="string_63" HPOS="437" VPOS="383" WIDTH="31" HEIGHT="21" WC="0.96" CONTENT="tai"/><SP WIDTH="13" VPOS="383" HPOS="468"/>
							<String ID="string_64" HPOS="481" VPOS="382" WIDTH="136" HEIGHT="22" WC="0.96" CONTENT="oikeammin"/><SP WIDTH="12" VPOS="382" HPOS="617"/>
							<String ID="string_65" HPOS="629" VPOS="381" WIDTH="75" HEIGHT="22" WC="0.96" CONTENT="niiden"/><SP WIDTH="14" VPOS="381" HPOS="704"/>
							<String ID="string_66" HPOS="718" VPOS="381" WIDTH="89" HEIGHT="22" WC="0.93" CONTENT="kahden"/><SP WIDTH="11" VPOS="381" HPOS="807"/>
							<String ID="string_67" HPOS="818" VPOS="381" WIDTH="69" HEIGHT="28" WC="0.91" CONTENT="pykä-"/>
						</TextLine>
						<TextLine ID="line_9" HPOS="59" VPOS="411" WIDTH="829" HEIGHT="29">
							<String ID="string_68" HPOS="59" VPOS="413" WIDTH="38" HEIGHT="21" WC="0.89" CONTENT="län"/><SP WIDTH="22" VPOS="413" HPOS="97"/>
							<String ID="string_69" HPOS="119" VPOS="413" WIDTH="118" HEIGHT="25" WC="0.96" CONTENT="ottamista,"/><SP WIDTH="21" VPOS="413" HPOS="237"/>
							<String ID="string_70" HPOS="258" VPOS="413" WIDTH="69" HEIGHT="20" WC="0.96" CONTENT="mitkä"/><SP WIDTH="16" VPOS="413" HPOS="327"/>
							<String ID="string_71" HPOS="343" VPOS="412" WIDTH="100" HEIGHT="28" WC="0.96" CONTENT="puhuvat"/><SP WIDTH="16" VPOS="412" HPOS="443"/>
							<String ID="string_72" HPOS="459" VPOS="413" WIDTH="158" HEIGHT="20" WC="0.93" CONTENT="nimenomaan"/><SP WIDTH="17" VPOS="413" HPOS="617"/>
							<String ID="string_73" HPOS="634" VPOS="411" WIDTH="254" HEIGHT="22" WC="0.92" CONTENT="rekisteröimättömistä"/>
						</TextLine>
						<TextLine ID="line_10" HPOS="60" VPOS="441" WIDTH="828" HEIGHT="30">
							<String ID="string_74" HPOS="60" VPOS="442" WIDTH="166" HEIGHT="29" WC="0.92" CONTENT="yhdistyksistä."/><SP WIDTH="33" VPOS="442" HPOS="226"/>
							<String ID="string_75" HPOS="259" VPOS="441" WIDTH="70" HEIGHT="23" WC="0.87" CONTENT="Olisin"/><SP WIDTH="24" VPOS="441" HPOS="329"/>
							<String ID="string_76" HPOS="353" VPOS="442" WIDTH="145" HEIGHT="28" WC="0.96" CONTENT="taipuvainen"/><SP WIDTH="24" VPOS="442" HPOS="498"/>
							<String ID="string_77" HPOS="522" VPOS="442" WIDTH="175" HEIGHT="21" WC="0.96" CONTENT="kannattamaan"/><SP WIDTH="24" VPOS="442" HPOS="697"/>
							<String ID="string_78" HPOS="721" VPOS="441" WIDTH="49" HEIGHT="26" WC="0.96" CONTENT="sitä,"/><SP WIDTH="22" VPOS="441" HPOS="770"/>
							<String ID="string_79" HPOS="792" VPOS="443" WIDTH="45" HEIGHT="20" WC="0.96" CONTENT="että"/><SP WIDTH="22" VPOS="443" HPOS="837"/>
							<String ID="string_80" HPOS="859" VPOS="447" WIDTH="29" HEIGHT="15" WC="0.96" CONTENT="ne"/>
						</TextLine>
						<TextLine ID="line_11" HPOS="58" VPOS="471" WIDTH="829" HEIGHT="30">
							<String ID="string_81" HPOS="58" VPOS="473" WIDTH="92" HEIGHT="28" WC="0.90" CONTENT="jäisivät"/><SP WIDTH="23" VPOS="473" HPOS="150"/>
							<String ID="string_82" HPOS="173" VPOS="472" WIDTH="118" HEIGHT="21" WC="0.96" CONTENT="kokonaan"/><SP WIDTH="24" VPOS="472" HPOS="291"/>
							<String ID="string_83" HPOS="315" VPOS="473" WIDTH="58" HEIGHT="20" WC="0.96" CONTENT="tästä"/><SP WIDTH="22" VPOS="473" HPOS="373"/>
							<String ID="string_84" HPOS="395" VPOS="472" WIDTH="66" HEIGHT="21" WC="0.96" CONTENT="laista"/><SP WIDTH="16" VPOS="472" HPOS="461"/>
							<String ID="string_85" HPOS="477" VPOS="472" WIDTH="56" HEIGHT="28" WC="0.96" CONTENT="pois."/><SP WIDTH="31" VPOS="472" HPOS="533"/>
							<String ID="string_86" HPOS="564" VPOS="471" WIDTH="208" HEIGHT="27" WC="0.77" CONTENT="Tulevaisuudessa,"/><SP WIDTH="17" VPOS="471" HPOS="772"/>
							<String ID="string_87" HPOS="789" VPOS="471" WIDTH="43" HEIGHT="21" WC="0.96" CONTENT="kun"/><SP WIDTH="17" VPOS="471" HPOS="832"/>
							<String ID="string_88" HPOS="849" VPOS="472" WIDTH="38" HEIGHT="20" WC="0.96" CONTENT="tuo"/>
						</TextLine>
						<TextLine ID="line_12" HPOS="61" VPOS="501" WIDTH="826" HEIGHT="29">
							<String ID="string_89" HPOS="61" VPOS="502" WIDTH="150" HEIGHT="22" WC="0.93" CONTENT="valiokunnan"/><SP WIDTH="17" VPOS="502" HPOS="211"/>
							<String ID="string_90" HPOS="228" VPOS="502" WIDTH="167" HEIGHT="21" WC="0.92" CONTENT="huomauttama"/><SP WIDTH="11" VPOS="502" HPOS="395"/>
							<String ID="string_91" HPOS="406" VPOS="502" WIDTH="93" HEIGHT="28" WC="0.96" CONTENT="selvitys"/><SP WIDTH="12" VPOS="502" HPOS="499"/>
							<String ID="string_92" HPOS="511" VPOS="502" WIDTH="63" HEIGHT="21" WC="0.96" CONTENT="ensin"/><SP WIDTH="16" VPOS="502" HPOS="574"/>
							<String ID="string_93" HPOS="590" VPOS="509" WIDTH="29" HEIGHT="14" WC="0.97" CONTENT="on"/><SP WIDTH="12" VPOS="509" HPOS="619"/>
							<String ID="string_94" HPOS="631" VPOS="501" WIDTH="143" HEIGHT="22" WC="0.96" CONTENT="aikaansaatu"/><SP WIDTH="10" VPOS="501" HPOS="774"/>
							<String ID="string_95" HPOS="784" VPOS="501" WIDTH="25" HEIGHT="28" WC="0.93" CONTENT="ja"/><SP WIDTH="11" VPOS="501" HPOS="809"/>
							<String ID="string_96" HPOS="820" VPOS="501" WIDTH="67" HEIGHT="21" WC="0.91" CONTENT="koke-"/>
						</TextLine>
						<TextLine ID="line_13" HPOS="61" VPOS="531" WIDTH="826" HEIGHT="27">
							<String ID="string_97" HPOS="61" VPOS="534" WIDTH="73" HEIGHT="20" WC="0.95" CONTENT="musta"/><SP WIDTH="22" VPOS="534" HPOS="134"/>
							<String ID="string_98" HPOS="156" VPOS="532" WIDTH="110" HEIGHT="26" WC="0.96" CONTENT="hankittu,"/><SP WIDTH="20" VPOS="532" HPOS="266"/>
							<String ID="string_99" HPOS="286" VPOS="532" WIDTH="113" HEIGHT="21" WC="0.96" CONTENT="voitaisiin"/><SP WIDTH="15" VPOS="532" HPOS="399"/>
							<String ID="string_100" HPOS="414" VPOS="532" WIDTH="70" HEIGHT="21" WC="0.96" CONTENT="laatia"/><SP WIDTH="16" VPOS="532" HPOS="484"/>
							<String ID="string_101" HPOS="500" VPOS="531" WIDTH="46" HEIGHT="22" WC="0.96" CONTENT="laki"/><SP WIDTH="16" VPOS="531" HPOS="546"/>
							<String ID="string_102" HPOS="562" VPOS="531" WIDTH="103" HEIGHT="22" WC="0.96" CONTENT="näitäkin"/><SP WIDTH="16" VPOS="531" HPOS="665"/>
							<String ID="string_103" HPOS="681" VPOS="531" WIDTH="141" HEIGHT="27" WC="0.93" CONTENT="yhdistyksiä"/><SP WIDTH="15" VPOS="531" HPOS="822"/>
							<String ID="string_104" HPOS="837" VPOS="537" WIDTH="50" HEIGHT="15" WC="0.93" CONTENT="var-"/>
						</TextLine>
						<TextLine ID="line_14" HPOS="60" VPOS="562" WIDTH="293" HEIGHT="28">
							<String ID="string_105" HPOS="60" VPOS="564" WIDTH="46" HEIGHT="26" WC="0.96" CONTENT="ten,"/><SP WIDTH="14" VPOS="564" HPOS="106"/>
							<String ID="string_106" HPOS="120" VPOS="562" WIDTH="36" HEIGHT="28" WC="0.96" CONTENT="jos"/><SP WIDTH="16" VPOS="562" HPOS="156"/>
							<String ID="string_107" HPOS="172" VPOS="568" WIDTH="24" HEIGHT="15" WC="0.96" CONTENT="se"/><SP WIDTH="16" VPOS="568" HPOS="196"/>
							<String ID="string_108" HPOS="212" VPOS="568" WIDTH="27" HEIGHT="15" WC="0.96" CONTENT="on"/><SP WIDTH="16" VPOS="568" HPOS="239"/>
							<String ID="string_109" HPOS="255" VPOS="563" WIDTH="98" HEIGHT="27" WC="0.96" CONTENT="tarpeen."/>
						</TextLine>
					</TextBlock>
					<TextBlock ID="block_2" HPOS="62" VPOS="590" WIDTH="827" HEIGHT="83">
						<TextLine ID="line_15" HPOS="134" VPOS="590" WIDTH="754" HEIGHT="29">
							<String ID="string_110" HPOS="134" VPOS="592" WIDTH="99" HEIGHT="21" WC="0.84" CONTENT="Muutoin"/><SP WIDTH="28" VPOS="592" HPOS="233"/>
							<String ID="string_111" HPOS="261" VPOS="591" WIDTH="58" HEIGHT="21" WC="0.84" CONTENT="minä"/><SP WIDTH="23" VPOS="591" HPOS="319"/>
							<String ID="string_112" HPOS="342" VPOS="591" WIDTH="125" HEIGHT="28" WC="0.93" CONTENT="puolestani"/><SP WIDTH="24" VPOS="591" HPOS="467"/>
							<String ID="string_113" HPOS="491" VPOS="591" WIDTH="153" HEIGHT="21" WC="0.91" CONTENT="kannattaisin"/><SP WIDTH="23" VPOS="591" HPOS="644"/>
							<String ID="string_114" HPOS="667" VPOS="592" WIDTH="75" HEIGHT="20" WC="0.94" CONTENT="tämän"/><SP WIDTH="23" VPOS="592" HPOS="742"/>
							<String ID="string_115" HPOS="765" VPOS="590" WIDTH="123" HEIGHT="22" WC="0.94" CONTENT="mietinnön"/>
						</TextLine>
						<TextLine ID="line_16" HPOS="62" VPOS="620" WIDTH="827" HEIGHT="29">
							<String ID="string_116" HPOS="62" VPOS="622" WIDTH="130" HEIGHT="22" WC="0.92" CONTENT="ensimäistä"/><SP WIDTH="22" VPOS="622" HPOS="192"/>
							<String ID="string_117" HPOS="214" VPOS="621" WIDTH="159" HEIGHT="22" WC="0.89" CONTENT="vastalausetta"/><SP WIDTH="23" VPOS="621" HPOS="373"/>
							<String ID="string_118" HPOS="396" VPOS="621" WIDTH="154" HEIGHT="28" WC="0.96" CONTENT="kumpaankin"/><SP WIDTH="24" VPOS="621" HPOS="550"/>
							<String ID="string_119" HPOS="574" VPOS="621" WIDTH="77" HEIGHT="21" WC="0.96" CONTENT="asiaan"/><SP WIDTH="22" VPOS="621" HPOS="651"/>
							<String ID="string_120" HPOS="673" VPOS="620" WIDTH="96" HEIGHT="28" WC="0.96" CONTENT="nähden,"/><SP WIDTH="19" VPOS="620" HPOS="769"/>
							<String ID="string_121" HPOS="788" VPOS="620" WIDTH="56" HEIGHT="28" WC="0.96" CONTENT="joita"/><SP WIDTH="20" VPOS="620" HPOS="844"/>
							<String ID="string_122" HPOS="864" VPOS="626" WIDTH="25" HEIGHT="15" WC="0.96" CONTENT="se"/>
						</TextLine>
						<TextLine ID="line_17" HPOS="62" VPOS="652" WIDTH="90" HEIGHT="21">
							<String ID="string_123" HPOS="62" VPOS="652" WIDTH="90" HEIGHT="21" WC="0.96" CONTENT="koskee."/>
						</TextLine>
					</TextBlock>
				</ComposedBlock>
				<ComposedBlock ID="cblock_2" HPOS="62" VPOS="709" WIDTH="832" HEIGHT="775">
					<TextBlock ID="block_3" HPOS="62" VPOS="709" WIDTH="832" HEIGHT="775">
						<TextLine ID="line_18" HPOS="134" VPOS="709" WIDTH="755" HEIGHT="29">
							<String ID="string_124" HPOS="134" VPOS="711" WIDTH="47" HEIGHT="21" WC="0.93" CONTENT="Hra"/><SP WIDTH="17" VPOS="711" HPOS="181"/>
							<String ID="string_125" HPOS="198" VPOS="711" WIDTH="134" HEIGHT="21" WC="0.92" CONTENT="Hermanson:"/><SP WIDTH="18" VPOS="711" HPOS="332"/>
							<String ID="string_126" HPOS="350" VPOS="710" WIDTH="42" HEIGHT="21" WC="0.93" CONTENT="Om"/><SP WIDTH="15" VPOS="710" HPOS="392"/>
							<String ID="string_127" HPOS="407" VPOS="709" WIDTH="150" HEIGHT="29" WC="0.92" CONTENT="lagförslaget"/><SP WIDTH="11" VPOS="709" HPOS="557"/>
							<String ID="string_128" HPOS="568" VPOS="709" WIDTH="72" HEIGHT="22" WC="0.96" CONTENT="skulle"/><SP WIDTH="12" VPOS="709" HPOS="640"/>
							<String ID="string_129" HPOS="652" VPOS="709" WIDTH="39" HEIGHT="22" WC="0.96" CONTENT="för"/><SP WIDTH="11" VPOS="709" HPOS="691"/>
							<String ID="string_130" HPOS="702" VPOS="709" WIDTH="187" HEIGHT="28" WC="0.96" CONTENT="myndigheterna"/>
						</TextLine>
						<TextLine ID="line_19" HPOS="63" VPOS="739" WIDTH="827" HEIGHT="30">
							<String ID="string_131" HPOS="63" VPOS="741" WIDTH="135" HEIGHT="28" WC="0.92" CONTENT="möjliggöra"/><SP WIDTH="22" VPOS="741" HPOS="198"/>
							<String ID="string_132" HPOS="220" VPOS="742" WIDTH="32" HEIGHT="19" WC="0.96" CONTENT="att"/><SP WIDTH="16" VPOS="742" HPOS="252"/>
							<String ID="string_133" HPOS="268" VPOS="740" WIDTH="63" HEIGHT="27" WC="0.93" CONTENT="börja"/><SP WIDTH="16" VPOS="740" HPOS="331"/>
							<String ID="string_134" HPOS="347" VPOS="740" WIDTH="128" HEIGHT="22" WC="0.92" CONTENT="trakassera"/><SP WIDTH="16" VPOS="740" HPOS="475"/>
							<String ID="string_135" HPOS="491" VPOS="747" WIDTH="28" HEIGHT="14" WC="0.96" CONTENT="en"/><SP WIDTH="17" VPOS="747" HPOS="519"/>
							<String ID="string_136" HPOS="536" VPOS="740" WIDTH="114" HEIGHT="28" WC="0.93" CONTENT="förening,"/><SP WIDTH="17" VPOS="740" HPOS="650"/>
							<String ID="string_137" HPOS="667" VPOS="739" WIDTH="90" HEIGHT="22" WC="0.92" CONTENT="hvilken"/><SP WIDTH="16" VPOS="739" HPOS="757"/>
							<String ID="string_138" HPOS="773" VPOS="739" WIDTH="51" HEIGHT="22" WC="0.92" CONTENT="icke"/><SP WIDTH="16" VPOS="739" HPOS="824"/>
							<String ID="string_139" HPOS="840" VPOS="739" WIDTH="50" HEIGHT="21" WC="0.92" CONTENT="lätit"/>
						</TextLine>
						<TextLine ID="line_20" HPOS="62" VPOS="768" WIDTH="827" HEIGHT="31">
							<String ID="string_140" HPOS="62" VPOS="771" WIDTH="146" HEIGHT="28" WC="0.93" CONTENT="inregistrera"/><SP WIDTH="21" VPOS="771" HPOS="208"/>
							<String ID="string_141" HPOS="229" VPOS="770" WIDTH="34" HEIGHT="28" WC="0.96" CONTENT="sig"/><SP WIDTH="24" VPOS="770" HPOS="263"/>
							<String ID="string_142" HPOS="287" VPOS="770" WIDTH="54" HEIGHT="22" WC="0.93" CONTENT="eller"/><SP WIDTH="21" VPOS="770" HPOS="341"/>
							<String ID="string_143" HPOS="362" VPOS="770" WIDTH="51" HEIGHT="22" WC="0.93" CONTENT="icke"/><SP WIDTH="16" VPOS="770" HPOS="413"/>
							<String ID="string_144" HPOS="429" VPOS="769" WIDTH="106" HEIGHT="29" WC="0.92" CONTENT="iakttagit"/><SP WIDTH="16" VPOS="769" HPOS="535"/>
							<String ID="string_145" HPOS="551" VPOS="769" WIDTH="39" HEIGHT="22" WC="0.93" CONTENT="allt"/><SP WIDTH="17" VPOS="769" HPOS="590"/>
							<String ID="string_146" HPOS="607" VPOS="769" WIDTH="60" HEIGHT="22" WC="0.92" CONTENT="hvad"/><SP WIDTH="15" VPOS="769" HPOS="667"/>
							<String ID="string_147" HPOS="682" VPOS="769" WIDTH="7" HEIGHT="22" WC="0.95" CONTENT="i"/><SP WIDTH="17" VPOS="769" HPOS="689"/>
							<String ID="string_148" HPOS="706" VPOS="769" WIDTH="72" HEIGHT="22" WC="0.96" CONTENT="denna"/><SP WIDTH="16" VPOS="769" HPOS="778"/>
							<String ID="string_149" HPOS="794" VPOS="769" WIDTH="38" HEIGHT="28" WC="0.93" CONTENT="lag"/><SP WIDTH="15" VPOS="769" HPOS="832"/>
							<String ID="string_150" HPOS="847" VPOS="768" WIDTH="42" HEIGHT="21" WC="0.93" CONTENT="fin-"/>
						</TextLine>
						<TextLine ID="line_21" HPOS="63" VPOS="799" WIDTH="826" HEIGHT="29">
							<String ID="string_151" HPOS="63" VPOS="807" WIDTH="40" HEIGHT="15" WC="0.93" CONTENT="nes"/><SP WIDTH="16" VPOS="807" HPOS="103"/>
							<String ID="string_152" HPOS="119" VPOS="800" WIDTH="151" HEIGHT="26" WC="0.92" CONTENT="föreskritvet,"/><SP WIDTH="17" VPOS="800" HPOS="270"/>
							<String ID="string_153" HPOS="287" VPOS="800" WIDTH="70" HEIGHT="21" WC="0.96" CONTENT="skulle"/><SP WIDTH="16" VPOS="800" HPOS="357"/>
							<String ID="string_154" HPOS="373" VPOS="800" WIDTH="39" HEIGHT="28" WC="0.96" CONTENT="jag"/><SP WIDTH="16" VPOS="800" HPOS="412"/>
							<String ID="string_155" HPOS="428" VPOS="807" WIDTH="55" HEIGHT="14" WC="0.93" CONTENT="vara"/><SP WIDTH="16" VPOS="807" HPOS="483"/>
							<String ID="string_156" HPOS="499" VPOS="806" WIDTH="53" HEIGHT="15" WC="0.93" CONTENT="ense"/><SP WIDTH="16" VPOS="806" HPOS="552"/>
							<String ID="string_157" HPOS="568" VPOS="806" WIDTH="36" HEIGHT="15" WC="0.96" CONTENT="om"/><SP WIDTH="17" VPOS="806" HPOS="604"/>
							<String ID="string_158" HPOS="621" VPOS="799" WIDTH="28" HEIGHT="22" WC="0.92" CONTENT="de"/><SP WIDTH="12" VPOS="799" HPOS="649"/>
							<String ID="string_159" HPOS="661" VPOS="799" WIDTH="67" HEIGHT="22" WC="0.92" CONTENT="ärade"/><SP WIDTH="12" VPOS="799" HPOS="728"/>
							<String ID="string_160" HPOS="740" VPOS="799" WIDTH="81" HEIGHT="22" WC="0.91" CONTENT="talares"/><SP WIDTH="10" VPOS="799" HPOS="821"/>
							<String ID="string_161" HPOS="831" VPOS="800" WIDTH="58" HEIGHT="19" WC="0.93" CONTENT="utta-"/>
						</TextLine>
						<TextLine ID="line_22" HPOS="63" VPOS="827" WIDTH="827" HEIGHT="30">
							<String ID="string_162" HPOS="63" VPOS="830" WIDTH="89" HEIGHT="26" WC="0.95" CONTENT="landen,"/><SP WIDTH="17" VPOS="830" HPOS="152"/>
							<String ID="string_163" HPOS="169" VPOS="837" WIDTH="48" HEIGHT="14" WC="0.92" CONTENT="som"/><SP WIDTH="15" VPOS="837" HPOS="217"/>
							<String ID="string_164" HPOS="232" VPOS="829" WIDTH="113" HEIGHT="22" WC="0.96" CONTENT="försvarat"/><SP WIDTH="15" VPOS="829" HPOS="345"/>
							<String ID="string_165" HPOS="360" VPOS="829" WIDTH="120" HEIGHT="22" WC="0.96" CONTENT="utskottets"/><SP WIDTH="16" VPOS="829" HPOS="480"/>
							<String ID="string_166" HPOS="496" VPOS="829" WIDTH="159" HEIGHT="28" WC="0.96" CONTENT="uppställning."/><SP WIDTH="16" VPOS="829" HPOS="655"/>
							<String ID="string_167" HPOS="671" VPOS="829" WIDTH="51" HEIGHT="22" WC="0.96" CONTENT="Men"/><SP WIDTH="16" VPOS="829" HPOS="722"/>
							<String ID="string_168" HPOS="738" VPOS="829" WIDTH="62" HEIGHT="22" WC="0.96" CONTENT="detta"/><SP WIDTH="15" VPOS="829" HPOS="800"/>
							<String ID="string_169" HPOS="815" VPOS="831" WIDTH="25" HEIGHT="19" WC="0.96" CONTENT="är"/><SP WIDTH="14" VPOS="831" HPOS="840"/>
							<String ID="string_170" HPOS="854" VPOS="827" WIDTH="36" HEIGHT="22" WC="0.96" CONTENT="för"/>
						</TextLine>
						<TextLine ID="line_23" HPOS="63" VPOS="857" WIDTH="826" HEIGHT="31">
							<String ID="string_171" HPOS="63" VPOS="860" WIDTH="68" HEIGHT="28" WC="0.95" CONTENT="ingen"/><SP WIDTH="23" VPOS="860" HPOS="131"/>
							<String ID="string_172" HPOS="154" VPOS="859" WIDTH="35" HEIGHT="22" WC="0.95" CONTENT="del"/><SP WIDTH="16" VPOS="859" HPOS="189"/>
							<String ID="string_173" HPOS="205" VPOS="859" WIDTH="68" HEIGHT="22" WC="0.95" CONTENT="fallet."/><SP WIDTH="32" VPOS="859" HPOS="273"/>
							<String ID="string_174" HPOS="305" VPOS="859" WIDTH="77" HEIGHT="29" WC="0.96" CONTENT="Lagen"/><SP WIDTH="16" VPOS="859" HPOS="382"/>
							<String ID="string_175" HPOS="398" VPOS="862" WIDTH="75" HEIGHT="26" WC="0.96" CONTENT="säger:"/><SP WIDTH="24" VPOS="862" HPOS="473"/>
							<String ID="string_176" HPOS="497" VPOS="859" WIDTH="45" HEIGHT="22" WC="0.95" CONTENT="Vill"/><SP WIDTH="16" VPOS="859" HPOS="542"/>
							<String ID="string_177" HPOS="558" VPOS="866" WIDTH="52" HEIGHT="14" WC="0.96" CONTENT="man"/><SP WIDTH="17" VPOS="866" HPOS="610"/>
							<String ID="string_178" HPOS="627" VPOS="859" WIDTH="62" HEIGHT="22" WC="0.96" CONTENT="bilda"/><SP WIDTH="15" VPOS="859" HPOS="689"/>
							<String ID="string_179" HPOS="704" VPOS="859" WIDTH="112" HEIGHT="27" WC="0.96" CONTENT="förening,"/><SP WIDTH="17" VPOS="859" HPOS="816"/>
							<String ID="string_180" HPOS="833" VPOS="857" WIDTH="56" HEIGHT="22" WC="0.96" CONTENT="skall"/>
						</TextLine>
						<TextLine ID="line_24" HPOS="64" VPOS="887" WIDTH="825" HEIGHT="30">
							<String ID="string_181" HPOS="64" VPOS="897" WIDTH="52" HEIGHT="15" WC="0.93" CONTENT="man"/><SP WIDTH="19" VPOS="897" HPOS="116"/>
							<String ID="string_182" HPOS="135" VPOS="889" WIDTH="100" HEIGHT="28" WC="0.74" CONTENT="iakttaga"/><SP WIDTH="16" VPOS="889" HPOS="235"/>
							<String ID="string_183" HPOS="251" VPOS="889" WIDTH="37" HEIGHT="22" WC="0.96" CONTENT="det"/><SP WIDTH="16" VPOS="889" HPOS="288"/>
							<String ID="string_184" HPOS="304" VPOS="890" WIDTH="41" HEIGHT="21" WC="0.96" CONTENT="och"/><SP WIDTH="17" VPOS="890" HPOS="345"/>
							<String ID="string_185" HPOS="362" VPOS="889" WIDTH="37" HEIGHT="22" WC="0.96" CONTENT="det"/><SP WIDTH="16" VPOS="889" HPOS="399"/>
							<String ID="string_186" HPOS="415" VPOS="889" WIDTH="42" HEIGHT="22" WC="0.96" CONTENT="och"/><SP WIDTH="17" VPOS="889" HPOS="457"/>
							<String ID="string_187" HPOS="474" VPOS="889" WIDTH="106" HEIGHT="21" WC="0.96" CONTENT="särskildt"/><SP WIDTH="16" VPOS="889" HPOS="580"/>
							<String ID="string_188" HPOS="596" VPOS="889" WIDTH="89" HEIGHT="22" WC="0.95" CONTENT="anmäla"/><SP WIDTH="17" VPOS="889" HPOS="685"/>
							<String ID="string_189" HPOS="702" VPOS="889" WIDTH="34" HEIGHT="28" WC="0.96" CONTENT="sig"/><SP WIDTH="15" VPOS="889" HPOS="736"/>
							<String ID="string_190" HPOS="751" VPOS="889" WIDTH="34" HEIGHT="21" WC="0.93" CONTENT="till"/><SP WIDTH="16" VPOS="889" HPOS="785"/>
							<String ID="string_191" HPOS="801" VPOS="887" WIDTH="88" HEIGHT="22" WC="0.92" CONTENT="inskrif-"/>
						</TextLine>
						<TextLine ID="line_25" HPOS="64" VPOS="917" WIDTH="825" HEIGHT="31">
							<String ID="string_192" HPOS="64" VPOS="920" WIDTH="61" HEIGHT="28" WC="0.95" CONTENT="ning."/><SP WIDTH="18" VPOS="920" HPOS="125"/>
							<String ID="string_193" HPOS="143" VPOS="919" WIDTH="119" HEIGHT="28" WC="0.95" CONTENT="Förening,"/><SP WIDTH="17" VPOS="919" HPOS="262"/>
							<String ID="string_194" HPOS="279" VPOS="926" WIDTH="47" HEIGHT="15" WC="0.96" CONTENT="som"/><SP WIDTH="16" VPOS="926" HPOS="326"/>
							<String ID="string_195" HPOS="342" VPOS="919" WIDTH="50" HEIGHT="22" WC="0.96" CONTENT="icke"/><SP WIDTH="16" VPOS="919" HPOS="392"/>
							<String ID="string_196" HPOS="408" VPOS="919" WIDTH="76" HEIGHT="22" WC="0.96" CONTENT="blifvit"/><SP WIDTH="15" VPOS="919" HPOS="484"/>
							<String ID="string_197" HPOS="499" VPOS="919" WIDTH="8" HEIGHT="21" WC="0.93" CONTENT="i"/><SP WIDTH="16" VPOS="919" HPOS="507"/>
							<String ID="string_198" HPOS="523" VPOS="918" WIDTH="225" HEIGHT="29" WC="0.91" CONTENT="föreningsregistret"/><SP WIDTH="11" VPOS="918" HPOS="748"/>
							<String ID="string_199" HPOS="759" VPOS="917" WIDTH="130" HEIGHT="27" WC="0.91" CONTENT="inskrifven,"/>
						</TextLine>
						<TextLine ID="line_26" HPOS="63" VPOS="947" WIDTH="827" HEIGHT="30">
							<String ID="string_200" HPOS="63" VPOS="949" WIDTH="45" HEIGHT="22" WC="0.96" CONTENT="kan"/><SP WIDTH="22" VPOS="949" HPOS="108"/>
							<String ID="string_201" HPOS="130" VPOS="949" WIDTH="50" HEIGHT="22" WC="0.93" CONTENT="icke"/><SP WIDTH="24" VPOS="949" HPOS="180"/>
							<String ID="string_202" HPOS="204" VPOS="949" WIDTH="116" HEIGHT="22" WC="0.92" CONTENT="förvärfva"/><SP WIDTH="23" VPOS="949" HPOS="320"/>
							<String ID="string_203" HPOS="343" VPOS="949" WIDTH="134" HEIGHT="28" WC="0.96" CONTENT="rättigheter"/><SP WIDTH="26" VPOS="949" HPOS="477"/>
							<String ID="string_204" HPOS="503" VPOS="949" WIDTH="54" HEIGHT="22" WC="0.96" CONTENT="eller"/><SP WIDTH="20" VPOS="949" HPOS="557"/>
							<String ID="string_205" HPOS="577" VPOS="949" WIDTH="54" HEIGHT="21" WC="0.96" CONTENT="idka"/><SP WIDTH="18" VPOS="949" HPOS="631"/>
							<String ID="string_206" HPOS="649" VPOS="949" WIDTH="81" HEIGHT="28" WC="0.96" CONTENT="näring"/><SP WIDTH="15" VPOS="949" HPOS="730"/>
							<String ID="string_207" HPOS="745" VPOS="948" WIDTH="55" HEIGHT="22" WC="0.95" CONTENT="eller"/><SP WIDTH="15" VPOS="948" HPOS="800"/>
							<String ID="string_208" HPOS="815" VPOS="947" WIDTH="75" HEIGHT="22" WC="0.96" CONTENT="ikläda"/>
						</TextLine>
						<TextLine ID="line_27" HPOS="64" VPOS="977" WIDTH="825" HEIGHT="30">
							<String ID="string_209" HPOS="64" VPOS="979" WIDTH="35" HEIGHT="28" WC="0.96" CONTENT="sig"/><SP WIDTH="23" VPOS="979" HPOS="99"/>
							<String ID="string_210" HPOS="122" VPOS="978" WIDTH="151" HEIGHT="23" WC="0.95" CONTENT="förbindelser"/><SP WIDTH="20" VPOS="978" HPOS="273"/>
							<String ID="string_211" HPOS="293" VPOS="986" WIDTH="19" HEIGHT="15" WC="0.90" CONTENT="o."/><SP WIDTH="17" VPOS="986" HPOS="312"/>
							<String ID="string_212" HPOS="329" VPOS="986" WIDTH="17" HEIGHT="14" WC="0.93" CONTENT="s."/><SP WIDTH="18" VPOS="986" HPOS="346"/>
							<String ID="string_213" HPOS="364" VPOS="986" WIDTH="28" HEIGHT="20" WC="0.92" CONTENT="v.,"/><SP WIDTH="17" VPOS="986" HPOS="392"/>
							<String ID="string_214" HPOS="409" VPOS="979" WIDTH="42" HEIGHT="21" WC="0.96" CONTENT="och"/><SP WIDTH="18" VPOS="979" HPOS="451"/>
							<String ID="string_215" HPOS="469" VPOS="980" WIDTH="28" HEIGHT="27" WC="0.96" CONTENT="på"/><SP WIDTH="15" VPOS="980" HPOS="497"/>
							<String ID="string_216" HPOS="512" VPOS="979" WIDTH="103" HEIGHT="28" WC="0.96" CONTENT="yrkande"/><SP WIDTH="16" VPOS="979" HPOS="615"/>
							<String ID="string_217" HPOS="631" VPOS="977" WIDTH="26" HEIGHT="23" WC="0.97" CONTENT="af"/><SP WIDTH="13" VPOS="977" HPOS="657"/>
							<String ID="string_218" HPOS="670" VPOS="979" WIDTH="113" HEIGHT="21" WC="0.93" CONTENT="allmänna"/><SP WIDTH="16" VPOS="979" HPOS="783"/>
							<String ID="string_219" HPOS="799" VPOS="978" WIDTH="90" HEIGHT="27" WC="0.91" CONTENT="äklaga-"/>
						</TextLine>
						<TextLine ID="line_28" HPOS="64" VPOS="1007" WIDTH="826" HEIGHT="30">
							<String ID="string_220" HPOS="64" VPOS="1016" WIDTH="40" HEIGHT="15" WC="0.96" CONTENT="ren"/><SP WIDTH="20" VPOS="1016" HPOS="104"/>
							<String ID="string_221" HPOS="124" VPOS="1009" WIDTH="54" HEIGHT="22" WC="0.93" CONTENT="eller"/><SP WIDTH="16" VPOS="1009" HPOS="178"/>
							<String ID="string_222" HPOS="194" VPOS="1008" WIDTH="213" HEIGHT="29" WC="0.92" CONTENT="föreningsmedlem"/><SP WIDTH="17" VPOS="1008" HPOS="407"/>
							<String ID="string_223" HPOS="424" VPOS="1009" WIDTH="45" HEIGHT="21" WC="0.96" CONTENT="kan"/><SP WIDTH="17" VPOS="1009" HPOS="469"/>
							<String ID="string_224" HPOS="486" VPOS="1009" WIDTH="94" HEIGHT="22" WC="0.93" CONTENT="domstol"/><SP WIDTH="17" VPOS="1009" HPOS="580"/>
							<String ID="string_225" HPOS="597" VPOS="1008" WIDTH="101" HEIGHT="22" WC="0.92" CONTENT="förklara"/><SP WIDTH="16" VPOS="1008" HPOS="698"/>
							<String ID="string_226" HPOS="714" VPOS="1007" WIDTH="106" HEIGHT="29" WC="0.93" CONTENT="förening"/><SP WIDTH="15" VPOS="1007" HPOS="820"/>
							<String ID="string_227" HPOS="835" VPOS="1015" WIDTH="55" HEIGHT="20" WC="0.92" CONTENT="upp-"/>
						</TextLine>
						<TextLine ID="line_29" HPOS="64" VPOS="1036" WIDTH="826" HEIGHT="31">
							<String ID="string_228" HPOS="64" VPOS="1039" WIDTH="50" HEIGHT="25" WC="0.93" CONTENT="löst,"/><SP WIDTH="17" VPOS="1039" HPOS="114"/>
							<String ID="string_229" HPOS="131" VPOS="1045" WIDTH="50" HEIGHT="20" WC="0.55" CONTENT=",,om"/><SP WIDTH="17" VPOS="1045" HPOS="181"/>
							<String ID="string_230" HPOS="198" VPOS="1038" WIDTH="136" HEIGHT="29" WC="0.93" CONTENT="föreningen"/><SP WIDTH="16" VPOS="1038" HPOS="334"/>
							<String ID="string_231" HPOS="350" VPOS="1038" WIDTH="90" HEIGHT="21" WC="0.91" CONTENT="utöfvar"/><SP WIDTH="16" VPOS="1038" HPOS="440"/>
							<String ID="string_232" HPOS="456" VPOS="1038" WIDTH="152" HEIGHT="27" WC="0.96" CONTENT="verksamhet,"/><SP WIDTH="16" VPOS="1038" HPOS="608"/>
							<String ID="string_233" HPOS="624" VPOS="1045" WIDTH="47" HEIGHT="14" WC="0.96" CONTENT="som"/><SP WIDTH="17" VPOS="1045" HPOS="671"/>
							<String ID="string_234" HPOS="688" VPOS="1038" WIDTH="94" HEIGHT="21" WC="0.91" CONTENT="innebär"/><SP WIDTH="10" VPOS="1038" HPOS="782"/>
							<String ID="string_235" HPOS="792" VPOS="1036" WIDTH="49" HEIGHT="22" WC="0.96" CONTENT="fara"/><SP WIDTH="11" VPOS="1036" HPOS="841"/>
							<String ID="string_236" HPOS="852" VPOS="1036" WIDTH="38" HEIGHT="22" WC="0.96" CONTENT="för"/>
						</TextLine>
						<TextLine ID="line_30" HPOS="65" VPOS="1066" WIDTH="826" HEIGHT="30">
							<String ID="string_237" HPOS="65" VPOS="1068" WIDTH="43" HEIGHT="21" WC="0.96" CONTENT="den"/><SP WIDTH="24" VPOS="1068" HPOS="108"/>
							<String ID="string_238" HPOS="132" VPOS="1068" WIDTH="113" HEIGHT="22" WC="0.93" CONTENT="allmänna"/><SP WIDTH="23" VPOS="1068" HPOS="245"/>
							<String ID="string_239" HPOS="268" VPOS="1068" WIDTH="133" HEIGHT="21" WC="0.91" CONTENT="säkerheten"/><SP WIDTH="24" VPOS="1068" HPOS="401"/>
							<String ID="string_240" HPOS="425" VPOS="1067" WIDTH="55" HEIGHT="22" WC="0.96" CONTENT="eller"/><SP WIDTH="23" VPOS="1067" HPOS="480"/>
							<String ID="string_241" HPOS="503" VPOS="1068" WIDTH="81" HEIGHT="21" WC="0.96" CONTENT="strider"/><SP WIDTH="22" VPOS="1068" HPOS="584"/>
							<String ID="string_242" HPOS="606" VPOS="1069" WIDTH="45" HEIGHT="21" WC="0.96" CONTENT="mot"/><SP WIDTH="16" VPOS="1069" HPOS="651"/>
							<String ID="string_243" HPOS="667" VPOS="1068" WIDTH="39" HEIGHT="28" WC="0.96" CONTENT="lag"/><SP WIDTH="16" VPOS="1068" HPOS="706"/>
							<String ID="string_244" HPOS="722" VPOS="1067" WIDTH="54" HEIGHT="22" WC="0.96" CONTENT="eller"/><SP WIDTH="15" VPOS="1067" HPOS="776"/>
							<String ID="string_245" HPOS="791" VPOS="1067" WIDTH="45" HEIGHT="28" WC="0.96" CONTENT="god"/><SP WIDTH="15" VPOS="1067" HPOS="836"/>
							<String ID="string_246" HPOS="851" VPOS="1066" WIDTH="40" HEIGHT="22" WC="0.96" CONTENT="sed"/>
						</TextLine>
						<TextLine ID="line_31" HPOS="66" VPOS="1097" WIDTH="825" HEIGHT="29">
							<String ID="string_247" HPOS="66" VPOS="1098" WIDTH="54" HEIGHT="21" WC="0.88" CONTENT="eller"/><SP WIDTH="24" VPOS="1098" HPOS="120"/>
							<String ID="string_248" HPOS="144" VPOS="1099" WIDTH="45" HEIGHT="20" WC="0.93" CONTENT="mot"/><SP WIDTH="24" VPOS="1099" HPOS="189"/>
							<String ID="string_249" HPOS="213" VPOS="1097" WIDTH="147" HEIGHT="29" WC="0.91" CONTENT="föreningens"/><SP WIDTH="21" VPOS="1097" HPOS="360"/>
							<String ID="string_250" HPOS="381" VPOS="1098" WIDTH="7" HEIGHT="21" WC="0.94" CONTENT="i"/><SP WIDTH="23" VPOS="1098" HPOS="388"/>
							<String ID="string_251" HPOS="411" VPOS="1097" WIDTH="51" HEIGHT="22" WC="0.96" CONTENT="dess"/><SP WIDTH="16" VPOS="1097" HPOS="462"/>
							<String ID="string_252" HPOS="478" VPOS="1098" WIDTH="93" HEIGHT="28" WC="0.93" CONTENT="stadgar"/><SP WIDTH="16" VPOS="1098" HPOS="571"/>
							<String ID="string_253" HPOS="587" VPOS="1097" WIDTH="93" HEIGHT="29" WC="0.92" CONTENT="angifna"/><SP WIDTH="15" VPOS="1097" HPOS="680"/>
							<String ID="string_254" HPOS="695" VPOS="1097" WIDTH="69" HEIGHT="28" WC="0.96" CONTENT="syfte;"/><SP WIDTH="18" VPOS="1097" HPOS="764"/>
							<String ID="string_255" HPOS="782" VPOS="1098" WIDTH="56" HEIGHT="20" WC="0.96" CONTENT="samt"/><SP WIDTH="16" VPOS="1098" HPOS="838"/>
							<String ID="string_256" HPOS="854" VPOS="1103" WIDTH="37" HEIGHT="15" WC="0.96" CONTENT="om"/>
						</TextLine>
						<TextLine ID="line_32" HPOS="65" VPOS="1126" WIDTH="825" HEIGHT="31">
							<String ID="string_257" HPOS="65" VPOS="1134" WIDTH="113" HEIGHT="23" WC="0.93" CONTENT="personer,"/><SP WIDTH="25" VPOS="1134" HPOS="178"/>
							<String ID="string_258" HPOS="203" VPOS="1127" WIDTH="76" HEIGHT="22" WC="0.90" CONTENT="hvilka"/><SP WIDTH="24" VPOS="1127" HPOS="279"/>
							<String ID="string_259" HPOS="303" VPOS="1127" WIDTH="49" HEIGHT="22" WC="0.91" CONTENT="icke"/><SP WIDTH="23" VPOS="1127" HPOS="352"/>
							<String ID="string_260" HPOS="375" VPOS="1127" WIDTH="58" HEIGHT="22" WC="0.93" CONTENT="varit"/><SP WIDTH="17" VPOS="1127" HPOS="433"/>
							<String ID="string_261" HPOS="450" VPOS="1127" WIDTH="142" HEIGHT="29" WC="0.92" CONTENT="berättigade"/><SP WIDTH="16" VPOS="1127" HPOS="592"/>
							<String ID="string_262" HPOS="608" VPOS="1129" WIDTH="33" HEIGHT="20" WC="0.93" CONTENT="att"/><SP WIDTH="16" VPOS="1129" HPOS="641"/>
							<String ID="string_263" HPOS="657" VPOS="1128" WIDTH="53" HEIGHT="28" WC="0.93" CONTENT="ingä"/><SP WIDTH="16" VPOS="1128" HPOS="710"/>
							<String ID="string_264" HPOS="726" VPOS="1128" WIDTH="5" HEIGHT="20" WC="0.93" CONTENT="i"/><SP WIDTH="17" VPOS="1128" HPOS="731"/>
							<String ID="string_265" HPOS="748" VPOS="1126" WIDTH="142" HEIGHT="29" WC="0.92" CONTENT="föreningen,"/>
						</TextLine>
						<TextLine ID="line_33" HPOS="65" VPOS="1157" WIDTH="827" HEIGHT="28">
							<String ID="string_266" HPOS="65" VPOS="1157" WIDTH="83" HEIGHT="22" WC="0.96" CONTENT="tillåtas"/><SP WIDTH="22" VPOS="1157" HPOS="148"/>
							<String ID="string_267" HPOS="170" VPOS="1157" WIDTH="57" HEIGHT="23" WC="0.96" CONTENT="höra"/><SP WIDTH="22" VPOS="1157" HPOS="227"/>
							<String ID="string_268" HPOS="249" VPOS="1157" WIDTH="33" HEIGHT="22" WC="0.93" CONTENT="till"/><SP WIDTH="24" VPOS="1157" HPOS="282"/>
							<String ID="string_269" HPOS="306" VPOS="1157" WIDTH="151" HEIGHT="22" WC="0.46" CONTENT="densamma&quot;."/><SP WIDTH="34" VPOS="1157" HPOS="457"/>
							<String ID="string_270" HPOS="491" VPOS="1157" WIDTH="51" HEIGHT="22" WC="0.93" CONTENT="Men"/><SP WIDTH="21" VPOS="1157" HPOS="542"/>
							<String ID="string_271" HPOS="563" VPOS="1157" WIDTH="50" HEIGHT="22" WC="0.96" CONTENT="icke"/><SP WIDTH="23" VPOS="1157" HPOS="613"/>
							<String ID="string_272" HPOS="636" VPOS="1157" WIDTH="43" HEIGHT="22" WC="0.93" CONTENT="kan"/><SP WIDTH="22" VPOS="1157" HPOS="679"/>
							<String ID="string_273" HPOS="701" VPOS="1158" WIDTH="72" HEIGHT="27" WC="0.96" CONTENT="någon"/><SP WIDTH="17" VPOS="1158" HPOS="773"/>
							<String ID="string_274" HPOS="790" VPOS="1157" WIDTH="57" HEIGHT="27" WC="0.96" CONTENT="yrka"/><SP WIDTH="16" VPOS="1157" HPOS="847"/>
							<String ID="string_275" HPOS="863" VPOS="1157" WIDTH="29" HEIGHT="27" WC="0.96" CONTENT="pä"/>
						</TextLine>
						<TextLine ID="line_34" HPOS="66" VPOS="1186" WIDTH="825" HEIGHT="30">
							<String ID="string_276" HPOS="66" VPOS="1187" WIDTH="137" HEIGHT="29" WC="0.96" CONTENT="upplösande"/><SP WIDTH="21" VPOS="1187" HPOS="203"/>
							<String ID="string_277" HPOS="224" VPOS="1187" WIDTH="25" HEIGHT="22" WC="0.96" CONTENT="af"/><SP WIDTH="18" VPOS="1187" HPOS="249"/>
							<String ID="string_278" HPOS="267" VPOS="1194" WIDTH="27" HEIGHT="15" WC="0.96" CONTENT="en"/><SP WIDTH="21" VPOS="1194" HPOS="294"/>
							<String ID="string_279" HPOS="315" VPOS="1187" WIDTH="115" HEIGHT="28" WC="0.95" CONTENT="förening,"/><SP WIDTH="17" VPOS="1187" HPOS="430"/>
							<String ID="string_280" HPOS="447" VPOS="1194" WIDTH="48" HEIGHT="15" WC="0.96" CONTENT="som"/><SP WIDTH="17" VPOS="1194" HPOS="495"/>
							<String ID="string_281" HPOS="512" VPOS="1187" WIDTH="110" HEIGHT="28" WC="0.93" CONTENT="fullföljer"/><SP WIDTH="16" VPOS="1187" HPOS="622"/>
							<String ID="string_282" HPOS="638" VPOS="1187" WIDTH="76" HEIGHT="28" WC="0.92" CONTENT="lofliga"/><SP WIDTH="16" VPOS="1187" HPOS="714"/>
							<String ID="string_283" HPOS="730" VPOS="1186" WIDTH="103" HEIGHT="29" WC="0.92" CONTENT="syftemål"/><SP WIDTH="16" VPOS="1186" HPOS="833"/>
							<String ID="string_284" HPOS="849" VPOS="1186" WIDTH="42" HEIGHT="21" WC="0.96" CONTENT="och"/>
						</TextLine>
						<TextLine ID="line_35" HPOS="66" VPOS="1215" WIDTH="826" HEIGHT="30">
							<String ID="string_285" HPOS="66" VPOS="1217" WIDTH="50" HEIGHT="22" WC="0.96" CONTENT="icke"/><SP WIDTH="17" VPOS="1217" HPOS="116"/>
							<String ID="string_286" HPOS="133" VPOS="1217" WIDTH="91" HEIGHT="22" WC="0.96" CONTENT="inrättat"/><SP WIDTH="16" VPOS="1217" HPOS="224"/>
							<String ID="string_287" HPOS="240" VPOS="1217" WIDTH="35" HEIGHT="28" WC="0.96" CONTENT="sig"/><SP WIDTH="16" VPOS="1217" HPOS="275"/>
							<String ID="string_288" HPOS="291" VPOS="1217" WIDTH="7" HEIGHT="21" WC="0.93" CONTENT="i"/><SP WIDTH="13" VPOS="1217" HPOS="298"/>
							<String ID="string_289" HPOS="311" VPOS="1217" WIDTH="44" HEIGHT="22" WC="0.91" CONTENT="allo"/><SP WIDTH="12" VPOS="1217" HPOS="355"/>
							<String ID="string_290" HPOS="367" VPOS="1217" WIDTH="70" HEIGHT="28" WC="0.95" CONTENT="enligt"/><SP WIDTH="12" VPOS="1217" HPOS="437"/>
							<String ID="string_291" HPOS="449" VPOS="1217" WIDTH="74" HEIGHT="22" WC="0.96" CONTENT="denna"/><SP WIDTH="11" VPOS="1217" HPOS="523"/>
							<String ID="string_292" HPOS="534" VPOS="1217" WIDTH="44" HEIGHT="28" WC="0.95" CONTENT="lag."/><SP WIDTH="21" VPOS="1217" HPOS="578"/>
							<String ID="string_293" HPOS="599" VPOS="1218" WIDTH="50" HEIGHT="27" WC="0.96" CONTENT="Nog"/><SP WIDTH="10" VPOS="1218" HPOS="649"/>
							<String ID="string_294" HPOS="659" VPOS="1216" WIDTH="35" HEIGHT="22" WC="0.96" CONTENT="får"/><SP WIDTH="10" VPOS="1216" HPOS="694"/>
							<String ID="string_295" HPOS="704" VPOS="1217" WIDTH="69" HEIGHT="21" WC="0.96" CONTENT="sådan"/><SP WIDTH="11" VPOS="1217" HPOS="773"/>
							<String ID="string_296" HPOS="784" VPOS="1215" WIDTH="108" HEIGHT="28" WC="0.96" CONTENT="förening"/>
						</TextLine>
						<TextLine ID="line_36" HPOS="66" VPOS="1245" WIDTH="826" HEIGHT="30">
							<String ID="string_297" HPOS="66" VPOS="1246" WIDTH="115" HEIGHT="27" WC="0.92" CONTENT="fortbestå,"/><SP WIDTH="24" VPOS="1246" HPOS="181"/>
							<String ID="string_298" HPOS="205" VPOS="1247" WIDTH="70" HEIGHT="22" WC="0.96" CONTENT="ehuru"/><SP WIDTH="24" VPOS="1247" HPOS="275"/>
							<String ID="string_299" HPOS="299" VPOS="1247" WIDTH="42" HEIGHT="22" WC="0.96" CONTENT="den"/><SP WIDTH="20" VPOS="1247" HPOS="341"/>
							<String ID="string_300" HPOS="361" VPOS="1247" WIDTH="49" HEIGHT="21" WC="0.96" CONTENT="icke"/><SP WIDTH="17" VPOS="1247" HPOS="410"/>
							<String ID="string_301" HPOS="427" VPOS="1247" WIDTH="102" HEIGHT="22" WC="0.96" CONTENT="kommer"/><SP WIDTH="16" VPOS="1247" HPOS="529"/>
							<String ID="string_302" HPOS="545" VPOS="1247" WIDTH="7" HEIGHT="21" WC="0.96" CONTENT="i"/><SP WIDTH="17" VPOS="1247" HPOS="552"/>
							<String ID="string_303" HPOS="569" VPOS="1247" WIDTH="129" HEIGHT="28" WC="0.96" CONTENT="åtnjutande"/><SP WIDTH="16" VPOS="1247" HPOS="698"/>
							<String ID="string_304" HPOS="714" VPOS="1247" WIDTH="26" HEIGHT="22" WC="0.96" CONTENT="af"/><SP WIDTH="12" VPOS="1247" HPOS="740"/>
							<String ID="string_305" HPOS="752" VPOS="1247" WIDTH="79" HEIGHT="28" WC="0.93" CONTENT="lagens"/><SP WIDTH="15" VPOS="1247" HPOS="831"/>
							<String ID="string_306" HPOS="846" VPOS="1245" WIDTH="46" HEIGHT="22" WC="0.91" CONTENT="för-"/>
						</TextLine>
						<TextLine ID="line_37" HPOS="66" VPOS="1276" WIDTH="826" HEIGHT="29">
							<String ID="string_307" HPOS="66" VPOS="1278" WIDTH="84" HEIGHT="21" WC="0.90" CONTENT="måner."/><SP WIDTH="17" VPOS="1278" HPOS="150"/>
							<String ID="string_308" HPOS="167" VPOS="1277" WIDTH="52" HEIGHT="21" WC="0.93" CONTENT="Med"/><SP WIDTH="16" VPOS="1277" HPOS="219"/>
							<String ID="string_309" HPOS="235" VPOS="1277" WIDTH="153" HEIGHT="28" WC="0.91" CONTENT="stadgandena"/><SP WIDTH="11" VPOS="1277" HPOS="388"/>
							<String ID="string_310" HPOS="399" VPOS="1277" WIDTH="8" HEIGHT="20" WC="0.96" CONTENT="i"/><SP WIDTH="11" VPOS="1277" HPOS="407"/>
							<String ID="string_311" HPOS="418" VPOS="1277" WIDTH="63" HEIGHT="21" WC="0.96" CONTENT="detta"/><SP WIDTH="11" VPOS="1277" HPOS="481"/>
							<String ID="string_312" HPOS="492" VPOS="1276" WIDTH="105" HEIGHT="23" WC="0.96" CONTENT="afseende"/><SP WIDTH="8" VPOS="1276" HPOS="597"/>
							<String ID="string_313" HPOS="605" VPOS="1277" WIDTH="109" HEIGHT="21" WC="0.96" CONTENT="förhåller"/><SP WIDTH="13" VPOS="1277" HPOS="714"/>
							<String ID="string_314" HPOS="727" VPOS="1277" WIDTH="37" HEIGHT="21" WC="0.96" CONTENT="det"/><SP WIDTH="11" VPOS="1277" HPOS="764"/>
							<String ID="string_315" HPOS="775" VPOS="1277" WIDTH="35" HEIGHT="27" WC="0.93" CONTENT="sig"/><SP WIDTH="13" VPOS="1277" HPOS="810"/>
							<String ID="string_316" HPOS="823" VPOS="1282" WIDTH="69" HEIGHT="21" WC="0.92" CONTENT="unge-"/>
						</TextLine>
						<TextLine ID="line_38" HPOS="66" VPOS="1305" WIDTH="827" HEIGHT="30">
							<String ID="string_317" HPOS="66" VPOS="1306" WIDTH="38" HEIGHT="22" WC="0.96" CONTENT="fär"/><SP WIDTH="16" VPOS="1306" HPOS="104"/>
							<String ID="string_318" HPOS="120" VPOS="1307" WIDTH="24" HEIGHT="21" WC="0.95" CONTENT="så"/><SP WIDTH="16" VPOS="1307" HPOS="144"/>
							<String ID="string_319" HPOS="160" VPOS="1313" WIDTH="46" HEIGHT="15" WC="0.96" CONTENT="som"/><SP WIDTH="18" VPOS="1313" HPOS="206"/>
							<String ID="string_320" HPOS="224" VPOS="1307" WIDTH="51" HEIGHT="21" WC="0.93" CONTENT="med"/><SP WIDTH="16" VPOS="1307" HPOS="275"/>
							<String ID="string_321" HPOS="291" VPOS="1306" WIDTH="155" HEIGHT="29" WC="0.92" CONTENT="stadgandena"/><SP WIDTH="16" VPOS="1306" HPOS="446"/>
							<String ID="string_322" HPOS="462" VPOS="1307" WIDTH="8" HEIGHT="20" WC="0.96" CONTENT="i"/><SP WIDTH="20" VPOS="1307" HPOS="470"/>
							<String ID="string_323" HPOS="490" VPOS="1308" WIDTH="7" HEIGHT="20" WC="0.96" CONTENT="1"/><SP WIDTH="20" VPOS="1308" HPOS="497"/>
							<String ID="string_324" HPOS="517" VPOS="1306" WIDTH="12" HEIGHT="29" WC="0.50" CONTENT="8"/><SP WIDTH="17" VPOS="1306" HPOS="529"/>
							<String ID="string_325" HPOS="546" VPOS="1307" WIDTH="13" HEIGHT="21" WC="0.96" CONTENT="9"/><SP WIDTH="16" VPOS="1307" HPOS="559"/>
							<String ID="string_326" HPOS="575" VPOS="1307" WIDTH="51" HEIGHT="28" WC="0.93" CONTENT="kap."/><SP WIDTH="20" VPOS="1307" HPOS="626"/>
							<String ID="string_327" HPOS="646" VPOS="1306" WIDTH="190" HEIGHT="27" WC="0.92" CONTENT="Handelsbalken,"/><SP WIDTH="16" VPOS="1306" HPOS="836"/>
							<String ID="string_328" HPOS="852" VPOS="1305" WIDTH="41" HEIGHT="21" WC="0.96" CONTENT="där"/>
						</TextLine>
						<TextLine ID="line_39" HPOS="68" VPOS="1336" WIDTH="826" HEIGHT="27">
							<String ID="string_329" HPOS="68" VPOS="1337" WIDTH="36" HEIGHT="21" WC="0.89" CONTENT="det"/><SP WIDTH="28" VPOS="1337" HPOS="104"/>
							<String ID="string_330" HPOS="132" VPOS="1337" WIDTH="52" HEIGHT="26" WC="0.89" CONTENT="stär,"/><SP WIDTH="29" VPOS="1337" HPOS="184"/>
							<String ID="string_331" HPOS="213" VPOS="1338" WIDTH="38" HEIGHT="25" WC="0.96" CONTENT="att,"/><SP WIDTH="30" VPOS="1338" HPOS="251"/>
							<String ID="string_332" HPOS="281" VPOS="1343" WIDTH="34" HEIGHT="15" WC="0.95" CONTENT="om"/><SP WIDTH="29" VPOS="1343" HPOS="315"/>
							<String ID="string_333" HPOS="344" VPOS="1343" WIDTH="52" HEIGHT="14" WC="0.96" CONTENT="man"/><SP WIDTH="26" VPOS="1343" HPOS="396"/>
							<String ID="string_334" HPOS="422" VPOS="1336" WIDTH="40" HEIGHT="21" WC="0.93" CONTENT="vill"/><SP WIDTH="24" VPOS="1336" HPOS="462"/>
							<String ID="string_335" HPOS="486" VPOS="1336" WIDTH="133" HEIGHT="27" WC="0.90" CONTENT="försträcka,"/><SP WIDTH="25" VPOS="1336" HPOS="619"/>
							<String ID="string_336" HPOS="644" VPOS="1343" WIDTH="51" HEIGHT="14" WC="0.96" CONTENT="man"/><SP WIDTH="23" VPOS="1343" HPOS="695"/>
							<String ID="string_337" HPOS="718" VPOS="1337" WIDTH="41" HEIGHT="20" WC="0.96" CONTENT="har"/><SP WIDTH="24" VPOS="1337" HPOS="759"/>
							<String ID="string_338" HPOS="783" VPOS="1337" WIDTH="32" HEIGHT="20" WC="0.95" CONTENT="att"/><SP WIDTH="23" VPOS="1337" HPOS="815"/>
							<String ID="string_339" HPOS="838" VPOS="1337" WIDTH="56" HEIGHT="26" WC="0.96" CONTENT="göra"/>
						</TextLine>
						<TextLine ID="line_40" HPOS="67" VPOS="1365" WIDTH="826" HEIGHT="29">
							<String ID="string_340" HPOS="67" VPOS="1367" WIDTH="26" HEIGHT="21" WC="0.95" CONTENT="sä"/><SP WIDTH="15" VPOS="1367" HPOS="93"/>
							<String ID="string_341" HPOS="108" VPOS="1366" WIDTH="41" HEIGHT="22" WC="0.96" CONTENT="och"/><SP WIDTH="17" VPOS="1366" HPOS="149"/>
							<String ID="string_342" HPOS="166" VPOS="1367" WIDTH="30" HEIGHT="21" WC="0.93" CONTENT="sä."/><SP WIDTH="16" VPOS="1367" HPOS="196"/>
							<String ID="string_343" HPOS="212" VPOS="1366" WIDTH="53" HEIGHT="22" WC="0.96" CONTENT="Icke"/><SP WIDTH="16" VPOS="1366" HPOS="265"/>
							<String ID="string_344" HPOS="281" VPOS="1369" WIDTH="25" HEIGHT="18" WC="0.91" CONTENT="är"/><SP WIDTH="15" VPOS="1369" HPOS="306"/>
							<String ID="string_345" HPOS="321" VPOS="1367" WIDTH="128" HEIGHT="27" WC="0.96" CONTENT="meningen,"/><SP WIDTH="18" VPOS="1367" HPOS="449"/>
							<String ID="string_346" HPOS="467" VPOS="1368" WIDTH="33" HEIGHT="19" WC="0.96" CONTENT="att"/><SP WIDTH="16" VPOS="1368" HPOS="500"/>
							<String ID="string_347" HPOS="516" VPOS="1367" WIDTH="37" HEIGHT="21" WC="0.96" CONTENT="det"/><SP WIDTH="16" VPOS="1367" HPOS="553"/>
							<String ID="string_348" HPOS="569" VPOS="1369" WIDTH="25" HEIGHT="18" WC="0.93" CONTENT="är"/><SP WIDTH="16" VPOS="1369" HPOS="594"/>
							<String ID="string_349" HPOS="610" VPOS="1366" WIDTH="95" HEIGHT="28" WC="0.91" CONTENT="ogiltigt,"/><SP WIDTH="17" VPOS="1366" HPOS="705"/>
							<String ID="string_350" HPOS="722" VPOS="1373" WIDTH="36" HEIGHT="14" WC="0.21" CONTENT="or"/><SP WIDTH="16" VPOS="1373" HPOS="758"/>
							<String ID="string_351" HPOS="774" VPOS="1372" WIDTH="52" HEIGHT="15" WC="0.93" CONTENT="man"/><SP WIDTH="16" VPOS="1372" HPOS="826"/>
							<String ID="string_352" HPOS="842" VPOS="1365" WIDTH="51" HEIGHT="21" WC="0.95" CONTENT="icke"/>
						</TextLine>
						<TextLine ID="line_41" HPOS="67" VPOS="1394" WIDTH="827" HEIGHT="30">
							<String ID="string_353" HPOS="67" VPOS="1396" WIDTH="42" HEIGHT="22" WC="0.96" CONTENT="har"/><SP WIDTH="15" VPOS="1396" HPOS="109"/>
							<String ID="string_354" HPOS="124" VPOS="1396" WIDTH="58" HEIGHT="27" WC="0.96" CONTENT="tagit"/><SP WIDTH="16" VPOS="1396" HPOS="182"/>
							<String ID="string_355" HPOS="198" VPOS="1396" WIDTH="42" HEIGHT="21" WC="0.92" CONTENT="den"/><SP WIDTH="16" VPOS="1396" HPOS="240"/>
							<String ID="string_356" HPOS="256" VPOS="1396" WIDTH="125" HEIGHT="28" WC="0.91" CONTENT="bevisning,"/><SP WIDTH="17" VPOS="1396" HPOS="381"/>
							<String ID="string_357" HPOS="398" VPOS="1402" WIDTH="48" HEIGHT="15" WC="0.96" CONTENT="som"/><SP WIDTH="18" VPOS="1402" HPOS="446"/>
							<String ID="string_358" HPOS="464" VPOS="1396" WIDTH="41" HEIGHT="21" WC="0.93" CONTENT="där"/><SP WIDTH="15" VPOS="1396" HPOS="505"/>
							<String ID="string_359" HPOS="520" VPOS="1396" WIDTH="57" HEIGHT="21" WC="0.93" CONTENT="talas"/><SP WIDTH="16" VPOS="1396" HPOS="577"/>
							<String ID="string_360" HPOS="593" VPOS="1402" WIDTH="43" HEIGHT="16" WC="0.93" CONTENT="om."/><SP WIDTH="25" VPOS="1402" HPOS="636"/>
							<String ID="string_361" HPOS="661" VPOS="1395" WIDTH="91" HEIGHT="22" WC="0.93" CONTENT="Säledes"/><SP WIDTH="16" VPOS="1395" HPOS="752"/>
							<String ID="string_362" HPOS="768" VPOS="1395" WIDTH="71" HEIGHT="21" WC="0.96" CONTENT="skulle"/><SP WIDTH="13" VPOS="1395" HPOS="839"/>
							<String ID="string_363" HPOS="852" VPOS="1394" WIDTH="42" HEIGHT="28" WC="0.97" CONTENT="jag"/>
						</TextLine>
						<TextLine ID="line_42" HPOS="69" VPOS="1424" WIDTH="824" HEIGHT="28">
							<String ID="string_364" HPOS="69" VPOS="1432" WIDTH="59" HEIGHT="20" WC="0.90" CONTENT="anse,"/><SP WIDTH="25" VPOS="1432" HPOS="128"/>
							<String ID="string_365" HPOS="153" VPOS="1427" WIDTH="32" HEIGHT="19" WC="0.95" CONTENT="att"/><SP WIDTH="21" VPOS="1427" HPOS="185"/>
							<String ID="string_366" HPOS="206" VPOS="1426" WIDTH="27" HEIGHT="21" WC="0.96" CONTENT="de"/><SP WIDTH="20" VPOS="1426" HPOS="233"/>
							<String ID="string_367" HPOS="253" VPOS="1426" WIDTH="55" HEIGHT="26" WC="0.95" CONTENT="skäl,"/><SP WIDTH="22" VPOS="1426" HPOS="308"/>
							<String ID="string_368" HPOS="330" VPOS="1432" WIDTH="46" HEIGHT="15" WC="0.93" CONTENT="som"/><SP WIDTH="17" VPOS="1432" HPOS="376"/>
							<String ID="string_369" HPOS="393" VPOS="1424" WIDTH="77" HEIGHT="22" WC="0.90" CONTENT="blifvit"/><SP WIDTH="17" VPOS="1424" HPOS="470"/>
							<String ID="string_370" HPOS="487" VPOS="1425" WIDTH="97" HEIGHT="22" WC="0.92" CONTENT="anförda"/><SP WIDTH="15" VPOS="1425" HPOS="584"/>
							<String ID="string_371" HPOS="599" VPOS="1426" WIDTH="34" HEIGHT="21" WC="0.93" CONTENT="till"/><SP WIDTH="16" VPOS="1426" HPOS="633"/>
							<String ID="string_372" HPOS="649" VPOS="1425" WIDTH="89" HEIGHT="22" WC="0.93" CONTENT="förmän"/><SP WIDTH="16" VPOS="1425" HPOS="738"/>
							<String ID="string_373" HPOS="754" VPOS="1424" WIDTH="39" HEIGHT="22" WC="0.93" CONTENT="för"/><SP WIDTH="15" VPOS="1424" HPOS="793"/>
							<String ID="string_374" HPOS="808" VPOS="1424" WIDTH="85" HEIGHT="22" WC="0.92" CONTENT="utskot-"/>
						</TextLine>
						<TextLine ID="line_43" HPOS="68" VPOS="1455" WIDTH="476" HEIGHT="29">
							<String ID="string_375" HPOS="68" VPOS="1457" WIDTH="43" HEIGHT="21" WC="0.92" CONTENT="tets"/><SP WIDTH="16" VPOS="1457" HPOS="111"/>
							<String ID="string_376" HPOS="127" VPOS="1455" WIDTH="158" HEIGHT="29" WC="0.96" CONTENT="uppställning,"/><SP WIDTH="17" VPOS="1455" HPOS="285"/>
							<String ID="string_377" HPOS="302" VPOS="1455" WIDTH="50" HEIGHT="21" WC="0.95" CONTENT="icke"/><SP WIDTH="16" VPOS="1455" HPOS="352"/>
							<String ID="string_378" HPOS="368" VPOS="1458" WIDTH="39" HEIGHT="19" WC="0.96" CONTENT="äro"/><SP WIDTH="16" VPOS="1458" HPOS="407"/>
							<String ID="string_379" HPOS="423" VPOS="1455" WIDTH="121" HEIGHT="22" WC="0.96" CONTENT="bindande."/>
						</TextLine>
					</TextBlock>
				</ComposedBlock>
			</PrintSpace>
		</Page>
	</Layout>
</alto>
