1078 1753
347 108 93 18 Yleisistä
452 108 136 18 kokouksista.
845 108 43 21 923

66 168 76 21 lämna
160 174 49 15 rum
225 167 34 22 för
274 168 74 28 någon
365 167 102 29 grundad
484 167 156 29 anmärkning.
672 168 52 21 Icke
741 174 39 15 ens
796 167 41 22 den
855 173 33 15 re-

66 197 137 22 daktionella
225 196 138 29 förändring,
380 204 48 14 som
451 197 107 21 utskottet
574 196 124 30 föreslagit,
714 204 67 21 synes
797 204 55 14 vara
867 195 25 22 af

67 226 106 23 behofvet
188 227 110 29 påkallad.
331 226 170 30 Propositionen
516 230 67 24 säger
594 228 33 20 att
640 229 85 24 ,såsom
738 227 82 21 allmän
831 233 58 15 sam-

67 257 139 21 mankomst*
225 270 26 2 —
269 256 36 22 det
321 264 68 21 synes
405 263 54 15 vara
475 256 77 29 riktigt
569 258 32 20 att
613 257 104 21 använda
728 257 61 21 detta
800 256 89 28 uttryck

66 288 74 20 såsom
165 286 90 22 teknisk
278 288 56 20 term
350 300 28 2 —
388 282 14 36 ,
397 286 71 26 skall
492 288 21 26 ej
531 286 43 22 den
590 289 86 25 anses",
694 287 41 21 och
752 286 51 22 icke
818 287 72 21 såsom

67 316 118 22 utskottet:
204 318 84 26 ,såsom
300 316 82 22 allmän
394 316 57 22 skall
462 316 20 28 ej
495 316 42 22 den
548 316 176 22 sammankomst
736 318 85 20 anses.*
839 315 51 22 Man

67 347 45 20 kan
134 346 104 28 uttrycka
259 347 35 27 sig
313 348 30 27 på
364 346 59 21 båda
442 347 81 26 sätten,
539 353 51 15 men
607 346 37 22 det
660 346 115 22 förefaller
790 346 53 28 mig,
859 346 32 21 att

69 375 65 22 äfven
158 376 7 21 i
182 376 60 22 detta
258 375 105 22 afseende
379 375 179 29 propositionens
574 376 147 29 formulering
737 379 25 18 är
777 375 113 22 exaktare.

67 405 45 29 Jag
126 406 84 22 tillåter
225 406 46 28 mig
286 405 89 28 föreslå,
392 407 31 20 att
440 405 13 29 8
473 407 8 19 1
501 407 68 20 måtte
585 406 132 28 godkännas
729 406 72 28 enligt
811 411 79 23 propo-

68 435 107 22 sitionens
191 435 126 29 affattning.

140 495 48 22 Hra
204 495 76 23 Heikel:
302 495 45 29 Jag
362 495 73 22 finner
451 497 33 20 att
499 495 112 29 professor
627 495 131 29 Runebergs
774 495 42 22 och
832 494 60 22 mina

67 525 83 22 tankar
173 525 7 21 i
204 525 73 22 denna
296 525 65 29 fråga
377 527 30 26 gå
422 525 7 22 i
445 525 92 22 alldeles
553 533 87 14 samma
655 525 107 28 riktning.
794 525 50 22 Med
860 523 32 22 af-

68 555 82 22 seende
174 556 14 21 å
210 555 91 28 frågans
321 557 60 20 stora
397 555 116 28 betydelse
529 555 57 22 skall
600 555 41 29 jag
656 555 70 22 likväl
742 555 28 22 be
786 556 31 21 att
833 557 59 18 ännu

67 585 133 28 ytterligare
215 585 23 22 få
253 585 78 28 belysa
346 585 137 22 densamma.
500 585 124 22 Utskottets
639 585 81 28 tillägg
735 587 33 20 att
783 591 110 16 samman-

70 615 72 22 komst
158 615 50 22 icke
223 614 98 23 förlorar
336 615 34 21 sin
386 615 107 22 karaktär
509 615 25 22 af
547 615 87 22 enskild
653 622 81 21 genom
745 616 32 20 att
788 614 106 28 förening

68 651 49 16 som
132 645 70 22 sådan
217 645 114 28 inbjudits,
347 652 66 14 anser
425 645 48 28 jag,
490 645 80 22 liksom
581 645 111 28 professor
703 645 125 28 Runeberg,
840 651 54 14 vara

70 676 30 27 på
119 675 35 22 sin
169 675 64 28 plats.
265 675 51 22 Men
332 675 37 22 det
385 677 26 19 är
426 675 51 22 icke
492 675 37 22 väl
547 675 134 22 motiveradt
697 676 32 20 att
744 674 96 22 utesluta
855 673 38 22 be-

69 704 148 28 stämningen,
239 706 32 20 att
291 711 28 15 en
335 704 182 27 sammankomst,
534 704 37 22 för
587 706 34 20 att
636 704 60 29 gälla
712 706 72 20 såsom
801 703 92 26 enskild,

69 734 42 22 bör
133 734 72 22 hållas
225 734 7 22 i
248 734 65 22 slutet
329 741 49 14 rum
395 734 54 22 eller
465 735 13 21 å
493 734 114 29 inhägnad
623 734 63 28 plats.
719 734 44 22 Vid
778 734 116 21 utskottets

69 763 147 29 formulering
232 764 43 22 kan
291 763 103 29 följande
410 763 40 23 fall
466 764 95 22 inträffa.
579 764 105 29 Ungefär
694 766 32 20 ett
737 764 72 28 dylikt
820 770 74 14 exem-

69 794 37 28 pel
125 801 48 14 som
193 793 110 29 professor
318 794 132 28 Runebergs
468 794 44 22 kan
529 794 78 22 vidare
622 793 98 23 utföras:
738 801 27 15 en
782 793 112 22 manstark

71 822 115 30 förening,
203 825 14 20 t.
235 831 34 14 ex.
286 824 42 22 den
345 824 243 27 socialdemokratiska,
601 824 53 22 eller
665 824 91 22 hvilken
768 830 73 14 annan
852 822 43 22 fast

71 854 145 28 organiserad
239 853 108 29 förening
369 860 48 15 som
440 854 59 21 hälst
521 854 52 22 med
596 856 54 19 stort
667 854 60 21 antal
744 853 150 25 medlemmar,

71 882 73 23 finner
160 884 20 27 ej
197 884 74 28 någon
287 883 67 27 lokal,
371 890 47 15 som
434 884 46 21 kan
496 884 111 28 inrymma
623 883 149 29 föreningens
787 883 34 21 till
837 884 58 20 möte

71 913 90 22 kallade
176 913 151 22 medlemmar.
344 913 143 29 Föreningen
503 914 98 21 besluter
617 914 28 21 då
661 914 32 21 att
708 914 61 22 hålla
784 912 37 22 sitt
837 912 59 22 möte

72 943 22 21 vi
119 943 63 21 skola
192 946 67 26 säga
280 944 29 27 pä
331 945 156 27 senatstorget.
519 943 149 29 Deltagarnes
684 943 61 21 antal
761 943 86 28 uppgår
862 942 34 21 till

71 974 89 25 20,000.
187 973 31 21 Ar
234 973 61 23 detta
311 980 28 15 en
355 973 86 22 enskild
459 973 190 22 sammankomst?
675 973 35 27 Ja,
727 973 69 28 enligt
812 972 84 22 utskot-

72 1004 43 20 tets
132 1002 133 29 definiering
281 1002 26 22 af
319 1003 88 22 enskild
423 1003 176 22 sammankomst
614 1010 53 15 vore
678 1003 37 22 det
726 1004 31 25 sä,
769 1009 51 15 men
830 1002 66 21 hvem

75 1032 44 21 kan
135 1032 81 22 hindra
231 1032 326 29 icke-föreningsmedlemmar
573 1034 32 21 att
621 1032 85 22 infinna
722 1033 35 28 sig
773 1032 48 26 och,
838 1031 59 22 hvad

74 1068 48 15 som
147 1065 26 18 är
196 1069 27 15 en
244 1065 59 19 ännu
324 1063 112 28 viktigare
459 1063 47 26 sak,
523 1069 53 22 eger
592 1062 199 29 ordningsmakten
806 1063 44 20 rätt
865 1062 33 20 att

73 1091 85 22 infinna
178 1092 36 29 sig
226 1094 29 26 pä
271 1094 30 20 ett
318 1093 78 20 sådant
414 1093 75 21 möte?
520 1093 90 21 Platsen
626 1095 25 18 är
666 1092 131 28 visserligen
814 1099 27 14 en
858 1091 39 21 all-

73 1124 52 19 män
141 1121 65 29 plats,
223 1129 50 15 men
289 1122 202 29 ordningsmakten
508 1123 44 20 kan
569 1121 165 30 otvifvelaktigt
745 1121 153 22 tillbakavisas

73 1151 71 29 enligt
165 1151 13 29 $
194 1153 13 20 7
224 1153 6 20 i
246 1151 118 30 förslaget,
381 1152 41 21 där
437 1152 39 21 det
492 1152 75 22 heter:
601 1152 152 28 ,Myndighet,
769 1158 47 15 som
833 1151 6 21 i
856 1151 12 21 6
884 1151 14 28 $

76 1182 27 21 16
120 1181 49 28 kap.
186 1181 130 29 strafflagen
332 1185 100 22 nämnes,
449 1189 44 21 ege
508 1184 44 19 rätt
569 1183 32 20 att
616 1189 54 14 vara
681 1182 108 21 tillstädes
801 1181 36 22 vid
849 1180 49 21 all-

74 1214 57 18 män
147 1212 175 21 sammankomst
338 1212 55 21 eller
408 1212 33 21 till
459 1212 130 21 densamma
604 1211 70 22 sända
689 1211 161 28 myndigheten
860 1217 38 14 un-

73 1240 139 29 derlydande
234 1242 134 27 tjänsteman
389 1241 55 22 eller
466 1241 121 28 betjänte*.
624 1241 28 22 Vi
668 1243 82 27 antaga
766 1240 86 22 således
867 1241 32 20 att

74 1271 168 28 polismästaren
270 1271 54 22 eller
346 1271 57 21 hans
422 1271 88 28 betjänt
525 1271 86 21 infinna
626 1272 35 27 sig
676 1270 38 22 för
729 1272 33 20 att
777 1270 123 22 öfvervaka

73 1300 127 28 ordningen
223 1301 41 21 och
287 1308 24 14 se
334 1301 34 21 till
384 1302 32 20 att
431 1300 98 23 trafiken
545 1301 167 28 upprätthälles,
730 1308 51 14 men
796 1299 103 22 tillbaka-

73 1330 66 22 visas,
156 1330 35 22 De
207 1331 97 28 åberopa
320 1331 35 28 sig
370 1332 31 26 pä
416 1330 230 29 polisförordningen,
662 1330 90 22 hvartill
769 1336 82 19 svaras,
868 1330 32 20 att

73 1360 221 29 polisförordningen
317 1360 50 22 icke
389 1360 43 22 kan
458 1360 68 22 hafva
549 1360 84 22 vitsord
654 1360 94 22 framom
765 1358 134 29 ständerlag.

75 1389 118 22 Dessutom
218 1390 43 21 kan
282 1390 27 27 ju
332 1390 206 22 sammankomsten
560 1390 72 21 hällas
647 1392 29 26 pä
692 1397 26 14 en
735 1390 58 28 plats
809 1388 91 22 utanför

73 1419 86 27 staden,
176 1419 54 22 eller
245 1419 149 22 öfverhufvud
410 1420 45 21 kan
467 1427 29 14 en
507 1420 69 21 sådan
587 1420 182 26 sammankomst,
780 1418 120 23 bestående

75 1448 27 22 af
119 1449 54 22 flere
194 1451 63 20 tusen
274 1456 112 21 personer,
403 1449 72 22 hällas
492 1451 29 27 pä
535 1449 156 28 landsbygden
708 1449 6 21 i
730 1449 57 28 skog
803 1448 54 22 eller
872 1449 29 26 pä

73 1479 55 21 åker
143 1479 55 22 eller
214 1482 50 24 äng,
282 1486 50 15 men
349 1479 36 22 det
403 1482 24 18 är
443 1479 6 21 i
467 1479 77 27 hvarje
561 1479 105 22 händelse
683 1486 27 15 en
726 1478 176 22 sammankomst
