1081 1753
377 104 50 18 Laki
440 104 153 24 yhdistyksistä.
852 104 43 20 957

67 171 37 15 om
125 164 79 28 lagens
224 164 153 29 uppställning
397 164 71 21 skulle
488 164 77 21 kunna
580 165 110 27 upptagas
707 171 28 13 nu
752 164 76 25 redan,
844 169 52 15 men

68 194 30 22 då
112 193 94 23 friherre
222 194 92 22 Palmén
331 194 77 21 berört
423 194 68 21 saken
508 194 42 21 och
565 194 41 28 jag
622 200 72 20 anser,
712 195 31 19 att
761 193 49 21 skäl
821 192 75 22 därtill

68 223 130 27 förefinnas,
223 224 72 21 skulle
314 223 40 29 jag
374 224 28 20 be
426 225 32 19 att
482 222 23 22 få
521 223 82 22 förena
619 223 48 29 mig
682 230 36 14 om
735 222 95 23 friherre
846 222 49 22 Pal-

70 255 62 20 méns
154 253 101 28 yrkande
277 254 41 20 och
340 253 87 22 således
451 253 83 28 jämväl
556 260 37 15 om
616 252 74 22 första
706 252 190 22 reservationen
885 248 15 38 i

69 284 75 22 denna
160 283 42 22 del.

141 312 169 29 Lagförslagets
332 313 6 21 i
362 312 43 22 den
421 313 83 28 nådiga
519 313 168 28 propositionen
703 312 153 28 uppställning
872 314 25 19 är

69 342 243 23 öfverensstämmande
328 342 51 22 med
396 343 181 28 uppställningen
594 342 6 21 i
616 342 128 28 aktielagen
756 342 42 21 och
810 342 86 21 andels-

70 373 73 28 lagen.
171 372 9 21 I
203 372 27 22 de
252 372 97 21 nämnda
365 372 94 28 lagarna
476 375 38 19 äro
531 372 199 28 bestämningarna
746 379 36 14 om
799 371 50 22 icke
864 371 33 22 in-

71 402 148 29 registrerade
242 402 68 29 bolag
334 402 41 21 och
397 402 77 27 dylika
496 402 134 29 föreningar
654 403 115 27 upptagna
792 402 6 21 i
823 401 74 22 första

71 432 99 28 kapitlet.
187 432 51 22 Alla
254 432 64 22 dessa
333 432 71 28 lagar,
413 432 83 21 liksom
512 432 67 29 lagen
596 439 36 14 om
648 431 142 29 föreningar,
799 432 55 21 höra
864 431 34 22 till

70 469 86 15 samma
179 461 105 29 komplex
300 461 25 22 af
337 461 71 29 lagar,
425 462 43 21 och
484 462 37 22 det
537 465 25 18 är
578 462 48 21 skäl
643 463 32 20 att
691 461 183 29 uppställningen
891 461 7 21 i

71 492 115 21 desamma
202 494 24 19 är
242 491 102 22 likartad.
374 491 79 22 Såsom
470 492 146 29 lagutskottet
632 499 29 14 nu
678 491 130 22 formulerat
824 491 74 28 lagen,

72 522 89 21 komme
178 521 92 28 kapitlet
287 528 36 15 om
339 521 50 22 icke
405 521 174 29 inregistrerade
595 521 135 29 föreningar
740 523 33 20 att
785 521 113 22 innehålla

73 551 56 22 blott
151 553 82 20 tvenne
256 551 49 29 slag
329 551 25 21 af
373 551 176 29 bestämningar,
574 558 48 15 som
645 551 111 21 hvardera
772 554 39 18 äro
826 552 25 20 så
867 552 31 20 att

70 584 58 26 säga
143 581 87 22 riktade
247 583 45 19 mot
308 581 28 21 de
352 580 50 23 icke
418 581 111 21 inskrifna
540 580 170 29 föreningarna.
741 581 84 22 Sådant
837 580 61 22 kom-

74 618 47 15 mer
136 613 33 19 att
184 614 55 25 göra
255 612 31 20 ett
302 611 95 27 intryck,
414 618 47 14 som
478 618 36 15 om
531 611 67 29 lagen
614 611 72 21 skulle
701 612 25 20 så
742 613 32 19 att
785 614 54 25 säga
850 609 48 23 för-

74 641 58 28 följa
148 641 27 21 de
191 641 49 21 icke
256 641 172 28 inregistrerade
445 640 169 30 föreningarna,
631 648 50 14 men
702 640 60 22 detta
778 642 25 20 är
816 647 83 22 uppen-

74 671 102 28 barligen
199 671 49 21 icke
272 670 78 29 lagens
371 671 99 28 mening.
502 671 52 21 Icke
577 670 173 29 inregistrerade
767 670 133 28 föreningar

75 701 89 21 komma
187 700 46 22 helt
253 700 75 21 säkert
348 702 33 19 att
396 700 74 22 finnas
487 701 39 21 hos
543 707 36 15 oss
595 701 81 21 liksom
692 700 151 25 annorstädes,
860 700 41 21 där

73 730 107 22 liknande
196 730 63 29 lagar
274 729 78 22 finnas.
371 730 49 21 Och
435 737 37 15 om
489 731 64 21 dessa
569 729 134 29 föreningar
718 729 62 22 finna
796 730 36 21 det
850 729 50 22 med

74 760 34 21 sin
124 759 90 22 förmån
231 759 245 22 öfverensstämmande
492 762 32 19 att
540 760 48 21 icke
604 760 47 21 låta
662 760 144 28 inregistrera
817 759 41 28 sig,
869 761 33 20 att

74 790 87 21 således
183 791 82 20 utsätta
285 790 35 28 sig
335 789 39 22 för
390 789 28 22 de
435 790 99 29 menliga
551 790 115 27 följderna
682 789 69 27 däraf,
768 791 24 20 så
808 788 94 23 hvarför

73 819 59 22 skall
152 819 66 29 lagen
234 827 67 20 synas
317 819 96 28 förfölja
430 820 67 21 dem?
529 820 74 21 Också
619 820 28 21 de
662 820 176 28 bestämningar,
854 826 46 14 som

74 849 143 22 förekomma
243 850 51 21 inne
317 850 7 21 i
346 849 74 29 lagen,
444 850 82 26 kunna,
543 850 95 21 änskönt
654 849 38 22 det
707 849 50 22 icke
773 852 25 19 är
814 849 89 28 möjligt

75 881 32 20 att
122 879 80 28 tvinga
217 879 27 22 de
260 879 50 22 icke
326 879 174 28 inregistrerade
511 879 165 29 föreningarna
687 881 31 20 att
730 879 65 22 ställa
806 879 34 28 sig
851 879 51 22 dem

75 909 34 21 till
133 909 154 26 efterrättelse,
312 909 57 22 dock
390 916 55 15 vara
462 910 86 28 ganska
564 910 89 28 nyttiga
670 909 95 22 direktiv
782 909 68 22 också
864 908 38 22 för

74 939 85 22 sädana
174 939 138 28 föreningar.
339 939 44 22 Det
399 942 25 19 är
440 941 30 26 pä
489 939 65 22 dessa
569 939 48 22 skäl
634 939 42 22 och
692 941 28 26 pä
736 939 28 22 de
780 939 6 21 i
802 945 100 16 reserva-

75 969 77 21 tionen
174 969 41 22 och
236 968 25 22 af
281 968 94 23 friherre
391 969 94 22 Palmén
501 969 97 22 anförda
614 969 78 22 skälen
708 971 57 20 samt
782 969 28 22 dä
826 969 37 21 det
878 971 25 19 är

76 999 8 20 i
108 999 44 28 hög
174 999 56 28 grad
251 999 123 28 oegentligt
399 1001 32 19 att
448 999 69 22 hafva
533 1001 32 20 ett
581 999 84 28 kapitel
682 1005 35 16 om
734 999 28 22 de
778 999 50 21 icke
845 999 57 21 inre-

76 1028 123 28 gistrerade
215 1028 168 28 föreningarna,
401 1029 85 21 hvilket
502 1031 25 19 sä
542 1031 32 19 att
591 1032 55 25 säga
663 1028 108 28 förföljer
787 1029 57 25 dem,
856 1034 47 16 som

74 1057 41 29 jag
134 1057 72 22 skulle
221 1058 28 21 be
265 1060 32 19 att
313 1057 23 22 fä
352 1057 93 22 förorda
462 1058 161 29 lagförslagets
638 1058 155 29 uppställning
809 1058 5 21 i
833 1057 70 29 enlig-

76 1087 38 22 het
138 1087 51 22 med
211 1088 43 21 den
275 1088 83 28 nädiga
381 1089 167 27 propositionen
565 1089 42 21 och
623 1088 86 22 säledes
725 1090 32 19 att
773 1087 23 22 fä
811 1087 93 22 förorda

76 1116 74 23 första
166 1117 174 22 reservationen.

148 1177 48 21 Hra
213 1178 115 27 Runeberg:
355 1173 76 26 Äfven
445 1178 42 28 jag
503 1178 40 21 ber
559 1179 32 20 att
607 1177 23 22 få
645 1177 81 22 förena
741 1178 48 28 mig
804 1184 36 15 om
856 1176 48 23 för-

75 1209 37 19 sta
134 1207 166 22 reservationen
323 1207 7 21 i
352 1207 74 22 denna
449 1208 77 28 punkt,
548 1215 51 14 men
615 1207 122 29 ingalunda
752 1208 8 21 i
776 1207 43 22 den
836 1207 69 21 andra

77 1236 107 29 punkten.
216 1237 43 21 Det
283 1236 118 23 förefaller
416 1244 50 15 som
482 1245 36 14 om
534 1237 67 29 lagen
618 1245 80 21 genom
716 1237 26 22 de
759 1236 25 23 af
797 1237 108 22 utskottet

77 1265 133 29 föreslagna
235 1266 191 29 förändringarna
453 1267 7 22 i
484 1267 182 28 uppställningen
689 1267 121 29 ingalunda
834 1267 71 21 skulle

77 1296 69 21 vinna
168 1297 68 28 något
258 1297 100 21 hvarken
380 1297 6 21 i
409 1296 107 23 afseende
536 1299 14 19 å
566 1297 178 28 öfversiktlighet
760 1297 42 22 och
818 1296 88 22 klarhet

78 1325 55 22 eller
148 1326 8 21 i
172 1325 105 23 afseende
294 1328 12 20 å
322 1327 50 21 dess
388 1327 90 28 sakliga
494 1327 106 22 innehåll.
617 1327 35 22 De
668 1327 54 25 skäl,
739 1334 47 15 som
802 1326 46 22 tala
860 1327 46 20 mot

78 1362 29 15 en
130 1355 70 22 sådan
221 1355 141 29 förändring,
387 1356 69 22 hafva
472 1356 74 22 blifvit
562 1356 97 23 anförda
676 1356 24 22 af
713 1358 169 20 reservanterna
899 1355 7 22 i

78 1385 45 21 den
138 1385 74 21 första
227 1386 166 22 reservationen
410 1387 42 21 och
470 1387 40 21 här
526 1387 71 21 under
613 1387 111 21 debatten.
752 1386 45 28 Jag
812 1386 40 22 ber
868 1393 38 14 en-

77 1414 51 22 dast
149 1416 32 20 att
197 1414 23 22 få
235 1415 94 28 påpeka,
347 1417 38 24 att,
402 1417 72 26 jämte
490 1416 38 22 det
541 1416 41 28 jag
597 1415 95 23 förenar
708 1416 46 28 mig
770 1423 37 15 om
823 1414 83 30 profes-

76 1451 39 15 sor
135 1444 152 22 Hermansons
307 1445 113 28 yttrande,
442 1447 32 20 att
492 1452 27 15 en
536 1448 45 19 stor
598 1446 35 22 del
650 1445 25 22 af
688 1446 65 22 dessa
769 1444 137 30 paragrafer,

77 1481 50 15 som
151 1474 70 29 enligt
244 1475 118 22 utskottets
384 1474 90 30 förslag
498 1476 71 22 skulle
593 1476 61 28 gälla
675 1476 139 22 uteslutande
831 1475 27 21 de
874 1475 33 21 in-
