1089 1756
223 116 137 18 Puhemiehen
371 116 165 24 jäähyväissanat
547 116 168 24 Pappissäädylle.
826 116 56 21 1133

128 176 51 21 Kun
195 176 209 28 puhemiestoimeni
420 178 41 26 nyt
477 176 89 28 loppuu,
578 176 78 21 lausun
668 176 148 28 vilpittömän,
828 175 55 22 läm-

57 206 76 28 pimän
157 205 120 23 kiitokseni
301 206 51 21 siitä
374 206 169 28 ystävyydestä,
559 206 55 21 mitä
629 206 50 21 olen
696 207 79 20 saanut
791 206 92 28 Pappis-

57 236 83 28 säädyn
157 235 98 29 puolelta
271 235 92 22 nauttia.
395 235 57 23 Olen
474 236 97 21 kätkevä
587 237 75 19 tämän
679 236 96 21 muiston
791 235 93 22 kalliina

57 265 110 23 mieleeni.
198 265 105 22 Suokoon
323 265 96 28 Jumaia,
441 267 46 20 että
503 272 28 15 ne
547 265 158 28 ijankaikkiset
721 265 106 26 ihanteet,
841 265 42 27 joi-

58 296 43 22 den
117 297 64 20 eteen
197 295 146 28 Pappissääty
360 302 29 15 on
405 295 80 28 tehnyt
500 297 69 26 työtä,
586 295 101 22 edelleen
703 295 89 22 olisivat
807 294 76 28 ohjaa-

58 332 73 15 massa
146 325 129 21 valtiollista
290 327 64 26 työtä
369 325 126 22 Suomessa.

130 355 75 21 Kiitän
221 355 56 21 niitä
292 354 153 23 valiokuntien
459 355 95 28 jäseniä,
568 355 64 28 jotka
643 356 52 20 ovat
705 354 121 22 kantaneet
837 361 46 15 ras-

59 385 112 21 kaimman
188 384 82 22 taakan
286 384 69 22 näillä
375 385 169 28 valtiopäivillä,
561 385 55 21 niitä
632 385 96 21 arvoisia
743 384 140 28 virkaveljiä,

59 415 60 27 jotka
137 414 86 22 Herran
246 414 144 29 temppelissä
413 416 52 20 ovat
487 415 134 21 kääntäneet
638 414 125 22 mielemme
779 414 105 22 Jumalan

58 444 101 29 puoleen.
184 444 75 22 Kiitän
284 444 90 28 Säädyn
392 444 192 22 kunnioitettavaa
607 444 105 22 sihteeriä
726 446 24 26 ja
766 445 117 25 notariota,

59 474 256 29 pikakirjoituskanslian
340 475 103 21 arvoisaa
462 474 128 29 päällikköä
603 474 24 28 ja
641 474 88 28 jäseniä
744 474 140 22 uskollisesta

57 506 82 26 työstä.
170 504 78 22 Ennen
272 504 97 22 kaikkea
393 504 59 22 tulee
473 504 156 22 kiitoksemme
645 505 98 27 kääntyä
758 504 126 27 Jumalaan,

56 534 55 28 joka
125 534 154 22 ihmeellisellä
296 534 84 22 tavalla
395 536 49 20 taas
460 541 29 15 on
505 536 101 20 auttanut
622 534 151 22 kansaamme.

130 564 69 22 Sinua
215 564 114 22 kiitämme
353 564 145 22 taivaallinen
517 564 43 27 Isä,
577 564 101 22 kaikesta
694 565 96 21 armosta
806 564 23 28 ja
845 564 39 27 hy-

59 595 70 26 västä,
143 594 70 28 jonka
229 594 44 22 olet
290 594 74 22 meille
379 596 87 20 suonut.
499 594 54 22 Sinä
569 594 44 22 olet
629 595 68 21 meitä
713 596 107 19 auttanut.
852 593 33 22 Si-

58 631 45 14 nun
115 624 110 22 isälliseen
238 624 93 22 hoitoosi
337 624 109 28 jätämme
455 624 136 26 kansamme,
601 624 166 25 isänmaamme,
775 624 109 21 itsemme.

58 654 59 21 Auta
134 654 67 22 meitä
217 654 51 21 aina
285 654 134 22 kulkemaan
436 654 118 28 eteenpäin
569 654 24 28 ja
609 654 110 28 ylöspäin,
735 656 46 19 että
797 655 88 20 saavut-

58 684 111 21 taisimme
193 684 132 22 elämämme
349 684 100 22 korkean
465 684 104 21 määrän!
602 684 72 22 Kuule
691 684 68 21 meitä
775 683 110 23 Jesuksen

59 714 132 21 Kristuksen
207 714 96 21 tähden!
335 713 78 23 Amen.

131 773 167 29 Pappissäädyn
320 773 102 29 puolesta
442 773 75 29 Piispa
534 771 89 30 Räbergh
640 773 70 21 lausui
727 773 72 22 Herra
815 773 71 21 Puhe-

60 803 103 22 miehelle
177 802 174 29 jäähyväisiksi
341 798 13 38 :

179 862 180 30 Högvördigaste
375 863 58 22 Herr
449 863 140 28 Erkebiskop
606 863 41 22 och
663 863 102 21 Talman!

133 922 32 22 På
183 922 177 22 Prästeständets
384 925 87 26 vägnar
492 923 40 21 ber
551 923 41 29 jag
608 924 32 20 att
655 924 23 20 tä
693 923 70 21 uttala
779 922 33 22 till
828 922 61 22 Eder

61 953 41 21 vär
117 953 63 27 djupt
197 952 78 22 tänkta
291 952 41 22 och
350 952 74 22 kända
440 952 112 29 innerliga
567 953 51 21 tack
635 952 37 22 för
688 953 37 21 det
741 952 97 26 sakrika,
850 952 38 22 det

62 982 105 28 oväldiga
183 982 76 22 arbete
275 982 23 22 ni
315 982 62 22 öfvat
393 984 72 20 säsom
483 983 176 21 Prästeständets
675 982 82 22 talman
770 982 50 22 icke
831 982 56 22 blott

62 1012 37 21 vid
116 1012 73 22 denna
213 1012 114 28 landtdag,
344 1014 53 20 utan
414 1012 71 22 under
501 1014 82 27 mänga
599 1012 138 29 föregäende
752 1012 136 22 ständermö-

62 1044 44 20 ten.
129 1042 43 21 Det
189 1042 40 21 har
244 1044 81 19 unnats
340 1042 61 22 Eder
416 1042 43 22 den
476 1045 60 19 stora
551 1042 120 22 förmänen
688 1044 31 20 att
735 1042 50 22 leda
802 1042 87 22 Präste-

62 1072 99 21 ständets
185 1071 172 28 förhandlingar
380 1072 71 21 under
471 1079 27 15 en
515 1072 77 29 längre
607 1072 32 21 tid
656 1075 28 18 än
702 1074 72 26 någon
791 1071 25 22 af
829 1072 61 21 Edra

62 1100 148 27 företrädare,
233 1101 40 22 och
295 1101 38 22 det
353 1101 41 22 har
410 1104 81 19 unnats
506 1102 60 21 Eder
581 1103 32 20 att
629 1104 55 26 göra
699 1102 60 21 detta
775 1101 71 22 under
862 1108 27 15 en

62 1131 111 28 tidpunkt,
190 1131 29 22 dä
234 1133 65 24 stora,
317 1131 87 28 viktiga
420 1131 77 29 frågor
512 1132 58 21 varit
581 1131 51 22 före
643 1132 41 21 och
696 1131 72 22 blifvit
779 1131 110 28 afgjorda,

63 1162 76 27 trågor
155 1161 75 21 hvilka
247 1161 62 28 djupt
325 1161 89 28 ingripa
430 1162 7 21 i
454 1162 51 21 hela
520 1163 49 20 vårt
580 1161 133 22 fosterlands
723 1161 106 22 framtida
840 1161 48 22 öde.

63 1191 46 22 När
124 1191 29 21 Ni
169 1198 29 14 nu
215 1191 91 28 nedlagt
322 1191 205 27 talmansklubban,
543 1192 41 21 har
600 1191 27 22 Ni
642 1192 49 21 icke
702 1191 55 22 blott
769 1190 54 29 själf
831 1191 59 22 trädt

64 1220 92 22 tillbaka
172 1220 49 22 från
238 1221 42 21 den
298 1222 65 20 svåra
379 1221 106 28 politiska
502 1221 95 29 uppgift,
613 1228 47 15 som
676 1221 68 22 hvilat
756 1221 64 22 öfver
830 1221 61 22 Edra

64 1250 102 21 skuldror
182 1251 42 21 och
240 1251 104 21 särskildt
360 1251 71 21 under
447 1251 65 22 dessa
528 1251 132 28 slitningens
675 1251 58 22 tider
748 1251 58 21 varit
817 1250 73 23 öfver-

65 1281 86 21 måttan
168 1282 61 26 tung.
261 1280 44 22 Det
323 1281 54 21 sista
393 1281 143 28 klubbslaget
553 1284 24 19 är
593 1281 65 22 äfven
675 1283 32 19 att
722 1281 61 21 likna
799 1281 38 21 vid
854 1281 37 21 det

63 1310 54 21 sista
133 1310 70 28 ljudet
219 1309 25 22 af
257 1311 192 28 dödsringningen
467 1311 66 22 öfven
550 1311 165 22 Prästeståndet
731 1318 48 15 som
790 1310 101 29 politiskt

63 1340 72 24 stånd,
159 1340 41 21 och
225 1340 73 21 denna
321 1341 168 28 omständighet
512 1348 78 14 manar
611 1348 35 14 oss
662 1341 7 21 i
686 1341 61 21 detta
761 1340 129 29 ögonblick,

63 1376 47 15 som
127 1376 54 22 eger
197 1377 27 14 en
241 1370 52 29 djup
309 1370 105 22 historisk
434 1371 113 25 karaktär,
564 1372 31 21 att
612 1371 64 21 kasta
691 1371 89 21 blicken
796 1370 95 22 tillbaka

64 1401 47 20 mot
134 1399 43 22 den
201 1399 128 29 förgångna
353 1400 39 26 tid,
416 1407 48 15 som
489 1408 28 14 nu
542 1403 25 19 är
587 1401 80 26 ändad,
683 1401 42 21 och
741 1403 40 18 när
797 1400 22 22 vi
836 1402 55 26 göra

64 1429 67 26 detta,
148 1430 71 21 måste
235 1429 116 29 allvarliga
367 1430 81 21 tankar
463 1431 81 28 uppstå
560 1431 6 20 i
582 1431 54 20 våra
653 1431 93 27 hjärtan.

136 1459 166 22 Prästeståndet
326 1460 41 21 har
389 1461 74 21 såsom
487 1460 111 21 riksstånd
622 1460 71 28 spelat
716 1467 27 14 en
763 1461 46 20 stor
825 1459 66 22 roll
880 1455 15 38 i

65 1489 48 20 vårt
129 1488 58 22 folks
203 1489 92 22 histöria
311 1489 50 22 icke
382 1489 57 22 blott
455 1490 72 22 under
543 1490 36 21 det
596 1489 127 29 förgångna
739 1489 152 22 århundradet
