1109 1781
418 116 90 18 Tammik.
523 117 21 17 26
557 122 17 16 p.
843 119 27 19 21

157 170 77 22 Under
249 170 159 29 förutsättning
423 172 33 19 att
472 170 93 22 Ständet
580 177 30 15 nu
629 170 72 22 säsom
717 170 112 22 tillförene
845 171 57 21 skall

85 200 60 22 finna
160 200 77 28 nödigt
253 201 33 20 att
301 201 154 20 sekreteraren
470 201 34 20 till
519 201 86 21 biträde
616 200 37 21 vid
664 200 95 21 kansliet
769 200 95 22 anställa
874 206 28 15 en

85 230 92 26 notarie,
184 229 23 22 fä
212 230 22 21 vi
240 230 114 27 angäende
360 230 98 27 platsens
465 231 131 20 besättande
601 230 190 27 vidhandengifva
796 230 105 27 följande.

157 259 130 28 Skriftligen
296 259 40 22 har
343 260 87 27 platsen
439 260 90 21 ansökts
538 260 25 21 af
569 260 51 21 herr
651 259 96 28 Hjalmar
758 259 143 26 Reinholm,

85 289 91 22 hvilken
192 289 37 21 vid
247 292 54 18 1891
319 289 36 21 ärs
370 289 107 27 landtdag
492 289 130 28 tjenstgjort
637 295 48 15 som
696 289 93 21 kanslist
798 289 8 21 i
816 289 86 20 Bonde-

84 318 96 26 ständet,
196 319 65 26 samt,
277 319 70 27 enligt
368 319 64 27 intyg
455 319 25 20 af
496 318 104 21 Ständets
616 318 125 21 dävarande
757 319 144 25 sekreterare,

85 349 52 20 med
160 354 96 21 omsorg,
271 348 34 21 flit
323 348 42 21 och
381 348 148 28 ordentlighet
545 348 102 27 fullgjort
662 348 81 21 honom
758 347 145 22 anförtrodda

86 378 112 28 uppdrag;
225 378 91 21 hvilken
342 378 127 21 sedermera
491 378 38 21 vid
551 379 89 20 senaste
663 377 107 28 landtdag
793 377 109 22 innehade

85 407 241 28 notariebefattningen
348 407 7 22 i
371 407 172 26 Presteständet,
560 407 41 22 och
618 407 69 28 enligt
702 407 81 22 honom
799 407 104 21 deröfver

85 437 27 22 af
125 437 104 22 Ständets
245 437 138 22 sekreterare
399 437 115 22 utfärdadt
529 437 138 22 vittnesbörd
683 437 102 27 fullgjort
800 437 39 21 sitt
849 443 53 21 upp-

86 467 55 28 drag
164 467 51 21 med
240 467 114 28 synnerlig
369 473 95 22 omsorg,
481 467 154 28 noggrannhet
651 467 41 21 och
708 466 155 28 ordentlighet,
879 465 24 22 sä

88 499 32 20 att
144 497 104 28 samtliga
271 497 152 28 expeditioner
445 497 75 21 städse
543 497 74 21 blifvit
639 497 81 21 snabbt
735 497 41 21 och
791 496 112 28 punktligt

87 527 148 28 ombesörjda,
251 529 59 19 samt
332 527 105 28 slutligen
459 527 58 21 efter
539 533 86 15 samma
643 527 117 27 landtdags
776 526 127 21 afslutande

85 557 150 28 tjenstgjorde
251 563 48 16 som
314 557 86 21 biträde
416 557 22 21 ät
453 557 155 21 sekreteraren
624 557 40 21 vid
680 556 136 21 Ständernas
831 556 71 27 Expe-

85 587 174 25 ditionsutskott,
275 587 94 21 hvarvid
392 587 51 25 han,
465 586 72 22 säsom
552 587 121 21 utskottets
689 585 126 22 dävarande
830 585 72 22 ordfö-

86 616 69 22 rande
172 616 95 28 intygat,
285 617 50 20 med
350 616 171 28 beredvillighet
536 616 42 21 och
594 622 89 22 omsorg
698 615 109 22 verkstält
821 615 81 22 honom

86 646 103 22 lemnade
204 646 107 28 uppdrag.

158 676 77 21 Säsom
260 676 75 28 hugad
357 677 34 20 att
413 677 113 27 emottaga
541 676 99 27 tjensten
655 676 41 21 har
711 675 93 22 äfvensä
819 675 84 21 anmält

86 707 35 27 sig
137 706 125 27 vicepastor
277 706 24 21 L.
318 705 143 27 Molander,
477 708 54 19 utan
547 707 33 20 att
596 705 71 22 förete
682 705 69 28 nägra
765 705 71 28 intyg,
852 711 51 15 men

86 736 70 21 hafva
178 736 23 21 vi
224 736 66 27 ingen
314 735 120 28 anledning
457 735 108 28 förmoda,
581 737 33 20 att
637 735 49 22 icke
704 735 67 22 äfven
787 735 44 21 han
846 734 57 22 skall

87 766 81 21 besitta
184 765 100 28 förmåga
300 767 33 20 att
343 765 33 22 till
387 765 103 22 Ständets
502 765 55 22 fulla
569 765 127 22 belåtenhet
707 765 97 28 fullgöra
814 765 27 20 de
852 764 51 21 med

85 796 100 27 tjensten
201 795 106 22 förenade
322 795 139 28 äligganden.
485 795 34 22 Dä
529 795 124 22 emellertid
663 795 114 21 sökanden
787 794 116 21 Reinholm

86 832 54 21 eger
156 827 33 20 ett
205 825 92 22 faktiskt
313 825 111 22 företräde
441 825 93 22 framför
550 825 114 22 Molander
680 825 31 21 uti
722 825 34 21 sin
766 824 95 28 tidigare
871 824 32 21 uti

87 862 86 15 samma
201 855 41 22 och
265 855 104 22 liknande
392 855 151 28 befattningar
558 861 75 16 vunna
649 855 133 26 erfarenhet,
797 854 69 22 hafva
881 853 23 22 vi

86 885 50 22 icke
152 887 74 20 ansett
241 891 36 16 oss
293 885 75 22 kunna
384 885 114 21 underlåta
514 886 33 20 att
562 885 78 21 dervid
655 885 59 21 fästa
733 884 113 27 afseende,
862 883 41 22 och

88 915 23 22 få
125 915 27 28 på
168 915 72 28 grund
257 915 65 21 deraf
335 915 81 21 föreslå

260 946 33 20 att
314 945 51 21 herr
380 944 116 21 Reinholm
512 946 93 26 antages
621 944 34 21 till
670 944 92 26 notarie,
779 943 60 26 eller,
856 943 47 21 der-

231 976 34 19 est
280 975 59 21 inom
351 974 92 21 Ständet
455 974 78 21 främst
544 974 81 21 önskas
635 973 34 22 till
679 973 154 28 befattningen
844 972 60 22 kalla

231 1010 27 15 en
281 1004 34 21 till
338 1003 93 22 Ståndet
454 1004 98 21 hörande
575 1009 88 22 person,
682 1005 33 20 att
733 1003 88 28 platsen
836 1002 68 21 måtte

231 1034 57 21 efter
303 1033 137 28 omröstning
455 1034 106 21 besättas.

159 1064 144 21 Beträffande
327 1063 272 28 diskussionsprotokollet
621 1063 94 27 utbedja
737 1062 22 22 vi
783 1068 36 16 oss
835 1063 32 20 att
883 1061 22 22 få

88 1093 197 29 vidhandengifva,
301 1095 33 19 att
350 1095 81 20 tvenne
447 1094 74 20 anbud
536 1093 124 26 inkommit,
677 1092 37 22 det
725 1098 42 16 ena
777 1092 95 28 ingifvet
882 1091 25 21 af

88 1122 168 29 Stenografiska
276 1123 139 28 Föreningen
431 1123 7 21 i
454 1123 92 21 Finland
564 1123 41 21 och
621 1122 138 22 omfattande
775 1121 130 28 protokolls-

90 1153 102 27 föringen
212 1153 6 21 i
235 1152 44 22 alla
295 1152 70 26 stånd,
382 1153 37 21 det
435 1153 69 21 andra
520 1152 106 22 afseende
642 1152 94 21 allenast
751 1150 154 28 protokollsfö-

88 1183 79 27 ringen
182 1182 8 22 i
206 1182 166 22 Presteständet
387 1182 42 22 och
444 1182 95 28 ingifvet
554 1182 26 21 af
593 1183 76 26 pastor
683 1181 24 21 F.
719 1181 24 21 E.
754 1180 90 22 Richter
854 1180 51 21 med

87 1212 51 22 stöd
154 1212 26 21 af
194 1218 27 15 en
233 1212 105 28 nybildad
349 1212 102 27 förening
462 1212 25 21 af
495 1212 140 27 stenografer
646 1211 69 27 enligt
726 1210 77 22 Melins
814 1211 91 26 system.

160 1241 114 22 Ehuruväl
290 1248 27 15 en
333 1242 127 27 betydande
476 1242 87 20 skilnad
578 1241 7 21 i
602 1241 38 21 det
656 1240 82 22 äskade
749 1240 69 28 priset
828 1239 78 21 härvid

88 1271 129 28 föreligger,
238 1272 7 20 i
266 1272 37 20 det
321 1271 167 27 Stenografiska
503 1270 151 28 Föreningens
670 1270 81 26 anbud,
767 1270 51 20 med
833 1269 74 27 nägon

88 1301 129 27 förhöjning
243 1301 26 21 af
285 1301 43 21 den
343 1300 37 22 vid
396 1302 89 20 senaste
501 1300 107 28 landtdag
622 1300 112 26 beviljade
750 1298 157 29 godtgörelsen

89 1330 86 28 uppgår
190 1330 34 22 till
240 1333 64 23 3,550
321 1330 63 22 mark
400 1330 7 22 i
423 1330 115 26 månaden,
549 1330 82 21 medan
642 1330 43 20 den
697 1329 69 21 andra
777 1328 130 28 föreningen

89 1360 100 22 utlofvar
204 1362 33 19 att
253 1360 35 21 för
305 1363 64 23 1,800
385 1360 64 21 mark
464 1360 6 21 i
487 1360 109 21 mänaden
611 1359 75 21 utföra
696 1359 132 27 uppdraget,
839 1358 68 21 hafva

90 1390 22 21 vi
127 1390 49 21 icke
194 1390 72 21 funnit
281 1396 36 15 oss
333 1390 75 21 kunna
423 1389 38 21 vid
477 1390 38 20 det
526 1395 78 15 senare
615 1388 99 22 anbudet
725 1388 58 22 fästa
794 1387 113 27 afseende,

89 1420 95 20 emedan
205 1419 86 27 garanti
313 1420 20 26 ej
350 1419 70 21 finnes
437 1419 35 20 för
487 1419 136 26 uppdragets
638 1418 107 26 behöriga
761 1416 146 28 fullgörande,

90 1448 81 21 medan
187 1448 47 21 äter
249 1448 167 27 Stenografiska
431 1447 141 28 Föreningen
589 1447 39 21 allt
643 1447 69 21 sedan
725 1448 56 19 1872
793 1445 35 21 ärs
837 1445 70 21 landt-

90 1478 44 28 dag
157 1478 71 21 utfört
251 1478 44 21 alla
318 1477 104 22 liknande
445 1477 92 21 arbeten
553 1477 7 21 i
575 1476 50 22 vårt
640 1476 58 27 land,
715 1476 41 22 och
773 1475 22 22 få
809 1475 23 22 vi
848 1475 60 27 förty

90 1508 90 22 föreslä:
