1103 1786
439 106 79 19 Helmik.
530 107 11 18 8
554 112 16 18 p.
839 111 41 20 125

92 162 34 20 att
149 160 90 22 försöka
262 160 89 22 hämma
373 160 44 22 den
440 160 72 28 frihet,
534 168 48 16 som
602 162 36 22 för
652 162 197 29 folkhögskolorna
864 163 47 22 helt

92 190 56 23 visst
163 190 65 29 utgör
245 192 32 20 ett
291 190 117 27 lifsvilkor,
424 197 51 16 men
489 192 41 28 jag
544 192 61 22 afser
620 191 74 29 nägot,
709 198 48 16 som
771 192 86 29 jemväl
870 193 40 22 bör

91 226 66 16 anses
179 220 73 22 säsom
273 222 34 20 ett
321 220 111 23 lifsvilkor
448 221 34 22 för
497 222 97 21 nämnda
608 222 81 26 skolor,
705 222 113 29 nämligen
833 224 33 21 att
881 223 28 21 de

92 250 116 29 verkligen
230 250 77 22 arbeta
328 250 33 22 uti
381 250 43 22 den
444 251 64 27 anda,
531 257 47 16 som
600 251 64 23 deras
680 258 103 22 program
799 252 109 28 angifver,

91 280 42 22 och
154 282 33 20 att
207 280 86 22 säledes
314 280 38 22 det
368 280 53 24 folk,
442 286 47 16 som
506 282 114 27 upprättat
635 282 65 21 dessa
715 281 195 29 läroinrättningar

90 310 43 22 och
153 309 85 29 årligen
259 310 82 22 sänder
355 310 33 22 dit
403 310 33 22 sin
452 311 97 28 ungdom
564 311 8 22 i
588 311 124 27 hundratal,
728 311 36 22 mä
780 318 42 21 ega
837 312 72 28 någon

91 341 87 28 garanti
194 340 75 23 derför
284 342 34 21 att
333 340 197 29 folkhögskolorna
543 341 114 28 verkligen
668 341 78 23 arbeta
756 341 28 29 pä
793 343 33 21 ett
836 342 72 24 sundt,

91 372 59 21 samt
165 370 35 23 för
216 371 51 22 land
283 371 42 22 och
342 371 46 22 folk
404 371 256 28 välsignelsebringande
675 373 51 20 sätt.
751 371 45 22 Det
811 373 25 21 är
851 372 58 22 klart

91 402 40 25 att,
150 407 37 16 om
202 407 30 16 nu
248 401 32 22 uti
296 401 79 27 hvarje
390 401 180 22 lärdomsanstalt
584 401 100 22 lärarens
698 407 82 22 person
796 403 24 20 är
836 403 72 27 egnad

90 432 34 21 att
143 431 79 22 utöfva
242 432 33 21 ett
294 432 57 21 stort
365 430 123 29 inflytande
503 431 28 28 pä
546 431 154 28 lärjungarnas
716 431 86 29 sedliga
817 432 90 22 utveck-

90 461 53 28 ling,
159 461 80 22 sädant
253 461 47 22 helt
315 461 56 22 visst
386 461 24 22 är
427 461 147 22 förhällandet
590 461 103 22 särskildt
708 461 8 22 i
731 461 176 29 folkhögskolan,

91 491 39 22 der
149 491 38 22 det
202 491 73 28 gifves
290 491 101 22 hvarken
406 491 116 22 bestämda
538 491 77 22 kurser
631 491 54 22 eller
700 491 138 26 läroböcker,
854 493 55 20 utan

91 521 38 22 det
149 521 126 28 personliga
295 522 122 27 umgänget
439 521 51 22 med
510 521 88 22 läraren
614 523 25 20 är
654 521 43 27 det,
714 527 47 16 som
777 522 7 21 i
800 522 110 27 väsentlig

91 551 54 28 grad
165 551 66 28 utgör
251 551 82 27 sjelfva
349 551 194 28 undervisningen.
574 551 82 21 Derför
671 552 24 20 är
711 552 38 20 det
764 551 66 22 ocksä
846 552 26 21 af
884 551 24 22 sä

90 582 47 20 stor
153 581 48 27 vigt
216 582 33 20 att
265 581 101 21 lärarene
381 580 7 21 i
405 580 195 29 folkhögskolorna
615 582 38 21 äro
668 581 101 27 verkliga
780 581 129 22 karakterer

90 611 42 22 och
156 611 33 21 att
213 610 43 22 den
279 610 111 22 allmänna
413 610 72 22 andan
505 610 59 22 inom
584 611 64 21 dessa
664 610 206 23 lärdomsanstalter
884 612 25 20 är

90 641 44 22 den
154 641 70 22 bästa.
257 640 32 22 Af
307 640 83 22 sädana
411 640 91 22 orsaker
517 647 66 16 anser
596 641 40 28 jag
652 641 27 21 de
695 641 79 26 vilkor,
790 641 28 28 pä
833 641 75 22 hvilka

90 671 147 28 petitionären
253 671 116 27 föreslagit
385 671 38 21 det
437 671 135 28 statsanslag
584 670 35 23 mä
629 671 72 28 gifvas
712 671 23 21 ät
746 671 161 28 folkhögskola,

90 701 113 28 nämligen
218 702 34 20 att
267 701 43 22 den
326 700 58 22 varit
399 701 7 20 i
421 700 143 22 verksamhet
579 701 7 21 i
601 701 38 21 tvä
654 700 23 22 är
693 701 42 21 och
750 701 82 22 räknar
842 701 66 22 minst

90 731 65 28 tjugu
177 731 81 26 elever,
279 737 54 15 vara
354 730 76 22 alltför
450 731 118 21 allmänna.
606 731 45 27 Jag
669 730 35 22 för
720 731 44 21 min
780 731 36 21 del
832 736 76 16 menar

90 762 33 20 att
143 761 87 27 hänsyn
251 761 68 21 äfven
341 760 68 22 borde
427 762 64 26 tagas
507 760 34 22 till
557 760 38 22 det
610 762 51 25 sätt,
677 760 84 28 hvarpä
776 760 131 29 ifrägakom-

91 797 50 15 men
157 790 156 28 folkhögskola
329 789 79 23 verkat
423 791 70 21 under
509 790 43 22 den
567 790 32 22 tid
615 791 129 21 densamma
760 790 74 22 variti
845 790 62 22 verk-

89 821 94 26 samhet,
200 821 117 21 äfvensom
333 820 33 22 till
383 820 27 21 de
426 826 112 22 personer,
553 820 76 22 hvilka
644 820 106 28 antingen
764 820 73 22 säsom
847 820 60 22 med-

90 850 93 22 lemmar
203 850 7 21 i
231 850 50 22 dess
303 850 108 22 direktion
431 849 129 23 handhafva
580 850 51 22 dess
652 850 97 28 ledning,
766 850 54 22 eller
836 849 71 24 säsom

90 881 51 21 dess
158 880 151 22 föreståndare
325 880 42 22 och
383 880 71 22 lärare
470 880 40 22 der
525 880 75 22 verka.
620 880 44 28 Jag
679 882 46 20 tror
739 881 85 27 jemväl
839 881 69 27 lämp-

90 910 67 28 ligast
177 916 55 16 vara
253 912 33 20 att
307 909 83 23 sädana
412 910 79 28 anslag
506 910 49 22 icke
570 910 99 28 utgifvas
686 910 34 22 för
736 916 48 16 mer
798 910 30 22 än
843 910 65 28 högst

89 942 32 20 ett
137 946 40 22 par
193 940 24 22 är
233 940 7 22 i
257 940 86 22 sender.

162 970 151 22 Kirkkoherra
334 970 122 21 Päivärinta:
488 970 58 22 Minä
565 970 77 28 yhdyn
658 970 120 22 edelliseen
794 970 114 28 puhujaan

89 1001 24 27 ja
134 1000 96 22 ehdotan
251 1001 46 21 että
318 1001 61 21 tämä
397 1006 93 16 anomus
506 1000 127 22 lähetetään
649 1000 176 22 asianomaiseen
840 1000 67 22 valio-

90 1026 106 37 kuntaan.
826 1030 2 2 N

161 1090 53 22 Kun
227 1090 131 22 keskustelu
373 1090 30 22 oli
416 1090 112 28 julistettu
544 1089 161 29 päättyneeksi,
723 1089 125 22 lähetettiin
862 1089 47 28 yllä

90 1120 102 22 mainittu
207 1120 188 22 anomusehdotus
407 1126 35 15 n:o
455 1120 34 27 17)
500 1119 86 28 yleiseen
599 1119 232 27 anomusvaliokuntaan,
841 1120 68 27 jonne

91 1150 63 28 myös
171 1150 85 21 asiassa
271 1150 87 27 pidetty
373 1149 130 22 keskustelu
519 1150 29 21 oli
563 1150 100 21 liitteenä
677 1155 117 16 seuraava:

162 1215 35 16 n:0
223 1211 42 25 18),
290 1209 101 22 Provasti
407 1208 105 28 Piipposen
528 1209 89 22 tekemä
632 1208 189 23 anomusehdotus
837 1214 72 22 paran-

91 1245 46 16 nus-
152 1239 21 27 ja
190 1238 168 23 hoitolaitoksista
373 1239 128 27 langettavaa
516 1239 63 21 tautia
594 1238 122 23 sairastavia
730 1238 77 27 varten,

88 1270 69 27 jonka
173 1269 104 28 johdosta
293 1269 175 28 puheenvuoron
483 1270 108 20 saatuaan
606 1269 83 21 lausui:

161 1299 124 22 Professori
302 1299 88 21 Donner:
405 1299 77 22 Ehuru
496 1299 40 28 jag
550 1298 49 22 icke
616 1298 57 22 varit
687 1298 8 22 i
711 1298 89 22 tillfälle
816 1299 33 21 att
859 1299 49 21 när-

91 1335 60 16 mare
167 1329 126 22 undersöka
309 1330 72 21 denna
397 1328 69 29 fråga,
482 1328 82 22 tillåter
577 1329 41 27 jag
633 1328 46 28 mig
693 1328 70 22 likväl
779 1330 33 20 att
826 1328 28 28 pä
871 1328 38 21 all-

90 1360 81 20 männa
191 1358 97 28 grunder
308 1358 90 22 förorda
413 1358 223 28 petitionsförslagets
652 1358 78 22 remiss
746 1358 34 22 till
796 1357 112 29 petitions-

90 1389 115 21 utskottet.
221 1388 56 27 Den,
294 1394 48 16 som
358 1388 58 22 varit
431 1388 7 22 i
453 1388 88 22 tillfälle
556 1389 34 21 att
605 1393 24 16 se
640 1388 37 21 det
688 1388 80 28 farliga
778 1387 130 27 inflytande,

90 1424 47 15 som
161 1418 109 21 utbrottet
290 1418 41 21 hos
351 1424 28 14 en
400 1418 25 20 af
444 1418 133 20 fallandesot
597 1417 90 21 lidande
708 1417 101 21 skolelev
828 1418 39 20 har
882 1416 27 28 pä

91 1446 201 28 medlärjungarne,
310 1458 25 4 —
354 1447 33 21 ett
401 1446 129 28 inflytande,
547 1452 47 15 som
611 1446 41 21 hos
667 1452 95 21 svagare
778 1446 75 21 elever
868 1446 42 21 lätt

90 1476 43 22 kan
158 1476 118 21 framkalla
299 1482 86 15 samma
407 1476 103 27 sjukdom
526 1476 58 21 blott
599 1480 80 23 genom
695 1474 85 28 äsynen
795 1474 70 27 deraf,
882 1486 26 3 —

91 1506 42 22 den
157 1505 70 22 måste
249 1511 54 16 anse
324 1505 38 22 det
383 1511 54 16 vara
457 1505 97 28 önskligt
570 1506 33 21 att
618 1505 81 26 elever,
715 1511 48 15 som
780 1504 66 23 deraf
858 1504 51 25 lida,
