1103 1823
219 122 42 19 360
522 118 86 18 Maalisk.
622 119 10 17 5
645 123 16 18 p.

189 172 68 22 däntö
273 172 48 22 olisi
342 173 116 27 tarpeeton
472 172 55 21 tällä
542 172 74 26 alalla,
632 172 139 27 päinvastoin
787 172 75 22 kaikki
879 172 130 28 myöntävät

189 202 196 21 lausunnoissansa
401 203 45 20 että
462 208 28 15 on
503 202 24 27 jo
538 201 50 22 aika
604 201 68 22 saada
686 201 97 22 toimeen
798 201 52 26 laki,
864 201 55 28 joka
934 202 74 21 selvit-

189 233 38 20 tää
242 233 77 20 nämät
333 231 64 22 asiat.
427 231 137 22 Huolimatta
581 233 40 26 nyt
636 231 72 22 näistä
725 231 178 22 muistutuksista
918 237 28 16 on
961 231 47 22 kui-

189 261 76 22 tenkin
281 261 55 22 sekä
351 261 100 22 senaatin
468 261 130 22 enemmistö
610 262 46 21 että
667 261 87 22 erittäin
765 261 244 22 lainvalmistelukunta

189 293 115 20 asettunut
327 290 136 23 saksalaisen
482 292 26 27 ja
527 291 109 22 Itävallan
650 291 25 28 ja
689 291 97 22 Sveitsin
804 291 205 22 lainsäädännöissä

189 321 126 22 ilmenevän
330 321 165 27 ankaramman,
506 327 143 16 suuremman
659 321 228 22 vastuunalaisuuden
897 322 111 26 kannalle,

187 352 26 27 ja
227 351 47 22 kun
288 352 76 21 tämän
380 351 106 22 tosiasian
501 351 49 22 olisi
565 351 87 28 pitänyt
667 351 44 22 olla
727 351 103 28 myöskin
848 351 105 22 edellisen
969 358 39 21 pu-

189 381 76 28 hujan,
281 381 99 27 provasti
393 381 162 24 Johansson'in,
566 381 103 26 tiedossa,
681 381 45 22 niin
736 381 44 22 hän
791 381 48 22 olisi
850 381 77 22 voinut
936 382 74 27 jättää

189 411 190 22 muistutuksensa
395 411 59 26 siksi,
469 411 45 21 kun
529 411 86 22 tullaan
630 411 170 22 käsittelemään
811 412 47 21 tätä
868 411 61 22 asiaa
939 411 69 28 pykä-

189 440 79 27 littäin,
285 441 50 21 sillä
350 441 20 20 ei
388 441 145 21 tosiaankaan
556 441 55 21 siinä
632 441 35 21 ole
687 441 68 26 perää
773 442 47 20 että
834 441 175 22 lakivaliokunta

189 470 50 22 olisi
260 471 115 21 asettunut
397 470 67 21 tuolle
486 470 147 21 lievemmälle
652 470 110 22 rautatien
780 471 230 21 vastuunalaisuuden

189 499 160 28 periaatteelle,
365 506 58 15 vaan
442 506 24 15 se
487 505 78 16 menee
588 500 177 28 päinvastaiseen
784 502 116 19 suuntaan.
932 500 77 22 Koska

189 530 61 21 tässä
265 529 59 22 vielä
339 529 211 28 periaatteellisessa
567 529 167 22 keskustelussa
754 529 79 27 ollaan,
849 530 45 22 niin
911 536 27 16 on
954 531 53 21 huo-

190 559 73 22 mioon
279 561 100 20 otettava
395 561 46 20 että
454 560 49 27 jota
518 559 185 27 ankarammaksi,
718 560 48 27 jota
781 560 163 22 suuremmaksi
959 567 49 14 rau-

189 589 190 22 tatiehallituksen
390 590 194 21 vastuunalaisuus
600 590 128 26 säädetään,
740 590 42 21 sitä
792 590 152 21 kireemmälle
955 597 53 21 pan-

189 625 58 16 naan
263 621 60 20 tämä
342 620 114 21 samainen
475 619 186 22 rautatiehallitus
683 619 161 22 toimittamaan
865 620 144 22 senkaltaisia

189 649 144 28 varokeinoja
355 650 53 21 ettei
429 649 179 28 rautatiekäytön
628 650 78 21 kautta
725 650 110 21 vahinkoa
854 650 86 22 sattuisi
953 650 56 27 joko

190 679 51 22 sitte
260 679 66 27 niille,
346 679 64 28 jotka
433 679 156 22 suoranaisesti
612 679 118 28 käyttävät
750 679 125 27 rautatietä,
891 680 31 21 tai
940 679 68 28 niille,

188 709 65 28 jotka
266 709 105 27 joutuvat
386 709 207 28 naapurisuhteisiin
608 710 110 21 rautatien
734 709 88 22 kanssa.
849 709 48 23 Tuo
913 710 46 22 asia
974 711 34 20 tu-

189 739 35 22 lee
234 739 62 28 kyllä
311 739 88 22 selville
413 739 70 26 sekin,
492 739 36 27 jos
544 740 109 21 mennään
668 739 181 28 yksityiskohtiin
860 739 149 22 käsiteltäissä

189 769 47 21 tätä
251 769 164 22 lakiehdotusta
431 769 138 28 pykälittäin.
600 769 75 22 Koska
691 769 92 22 minulla
799 776 28 15 on
842 770 165 27 puheenvuoro,

190 799 45 22 niin
246 799 113 28 pyytäisin
369 799 101 22 arvoisaa
481 799 78 28 säätyä
570 799 144 22 huomauttaa
725 800 88 21 eräästä
822 799 186 29 painovirheestä,

188 829 55 27 joka
258 834 29 17 on
302 829 196 22 lakivaliokunnan
517 829 120 22 mietinnön
653 829 150 23 lakitekstissä
818 830 81 22 sivulla
916 833 26 19 13
958 836 50 16 suo-

190 858 129 23 malaisessa
341 859 153 28 kappaleessa.
526 859 60 22 Siinä
610 860 106 21 sanotaan
733 862 12 19 2
762 860 57 26 $:ssä
842 860 166 25 ,toimitettaes-

261 919 122 22 Professori
403 919 133 22 Hermanson:
566 919 38 22 Ett
623 920 86 21 faktum
725 921 24 20 är
765 921 33 20 att
811 921 156 28 jernvägarna,
984 919 25 23 sä

189 950 110 21 storartad
316 949 43 22 den
374 951 64 26 nytta
454 951 27 20 än
498 951 30 25 är,
545 950 89 21 hvilken
651 950 26 21 de
694 950 78 28 bringa
787 950 51 21 med
854 951 40 27 sig,
905 950 58 22 dock
973 950 36 22 för

189 979 68 28 nägra
273 979 107 27 enskilde,
395 980 163 27 jemförelsevis
575 979 28 27 fä,
614 980 75 21 kunna
705 979 153 23 ästadkomma
874 986 27 16 en
917 980 91 28 mycket

189 1011 47 20 stor
256 1009 41 22 och
320 1009 85 22 känbar
427 1009 75 22 skada.
534 1009 10 22 I
559 1010 81 27 mänga
662 1010 40 21 fall
725 1010 44 21 kan
790 1010 38 21 det
846 1010 48 22 icke
910 1010 97 26 utredas,

189 1039 67 22 hvem
273 1045 47 16 som
336 1039 57 22 varit
409 1039 102 22 vällande
527 1039 33 22 till
575 1040 90 21 skadan.
691 1039 34 22 Dä
741 1041 24 20 är
781 1041 39 20 det
829 1041 45 21 rätt
885 1041 40 21 och
936 1040 72 28 billigt

189 1070 33 21 att
238 1069 73 22 denna
332 1069 71 22 skada
423 1070 117 26 utjemnas.
571 1069 79 22 Denna
670 1070 119 27 grundsats
808 1076 67 21 synes
893 1070 46 27 mig
954 1076 54 15 vara

189 1098 118 28 tillämplig
317 1098 28 29 pä
356 1099 28 21 de
395 1099 46 27 fall,
452 1099 76 21 hvilka
543 1101 90 26 prosten
649 1099 125 22 Johansson
786 1099 126 22 framhållit.
936 1099 72 22 Dessa

189 1129 38 20 äro
243 1129 86 27 ganska
345 1128 90 29 vanliga
445 1129 7 20 i
463 1128 49 22 värt
527 1129 59 26 land,
602 1129 38 22 det
655 1129 39 21 vill
709 1135 68 22 synas
793 1129 90 28 mycket
893 1129 115 28 vanligare

189 1159 28 20 än
232 1158 8 22 i
256 1158 69 22 andra
340 1159 78 21 länder
433 1158 105 22 särskildt
553 1158 28 29 pä
596 1159 151 26 kontinenten,
764 1159 39 22 der
819 1165 51 16 man
883 1159 81 22 värdar
974 1159 35 22 sin

188 1188 85 28 boskap
289 1188 28 27 pä
332 1190 68 20 annat
415 1189 45 21 sätt
475 1189 28 21 än
519 1189 40 21 hos
575 1195 42 16 oss.
641 1188 45 23 Det
702 1195 67 22 synes
785 1189 53 28 mig,
848 1189 73 22 såsom
935 1189 74 22 skulle

189 1218 72 21 denna
277 1218 34 21 för
326 1218 49 21 värt
391 1218 51 21 land
458 1218 156 28 egendomliga
630 1218 165 28 omständighet
809 1219 49 21 icke
875 1218 74 22 blifvit
963 1219 45 21 rätt

189 1247 135 28 uppskattad
340 1247 37 22 vid
393 1247 169 28 ifrågavarande
583 1248 133 28 -lagförslags
732 1248 129 21 affattande.
893 1248 116 22 Professor

189 1277 108 21 Forsman
312 1277 95 22 nämnde
427 1279 33 20 att
478 1277 70 28 enligt
564 1277 266 28 egofredsförfattningen
843 1284 66 21 egare
924 1278 25 21 af
957 1279 51 20 hus-

189 1307 51 26 djur
256 1307 25 20 är
297 1307 143 27 förpligtigad
456 1308 33 20 att
506 1307 24 21 sä
545 1307 68 21 värda
628 1307 50 21 dem
694 1309 33 20 att
743 1307 27 22 de
786 1308 48 21 icke
850 1307 113 22 inkomma
981 1307 27 28 pä

189 1342 84 15 annans
293 1342 54 21 egor
365 1336 42 22 och
427 1336 54 28 göra
496 1337 75 21 skada.
603 1337 51 21 Men
669 1337 69 28 enligt
756 1340 9 18 1
783 1337 13 26 $
811 1337 7 22 i
834 1337 72 22 denna
922 1337 86 22 författ-

187 1366 54 26 ning
256 1365 40 21 har
306 1371 67 21 egare
384 1366 26 20 af
418 1365 93 27 husdjur
522 1366 102 27 fullgjort
634 1367 34 20 sin
679 1366 135 27 skyldighet,
825 1371 34 16 om
872 1366 45 21 han
927 1371 81 22 genom

187 1394 106 27 stängsel,
309 1394 101 27 vallning
425 1394 55 21 eller
495 1396 68 19 annat
578 1395 59 27 hägn
653 1395 73 27 dragit
740 1395 88 27 försorg
839 1401 35 15 om
886 1396 33 20 att
930 1395 78 21 boska-

187 1429 43 22 pen
246 1423 49 22 icke
311 1423 124 22 inkommer
450 1423 28 28 pä
494 1429 84 17 annans
592 1424 57 27 jord.
673 1423 45 22 Det
733 1425 25 21 är
768 1424 49 22 icke
828 1424 137 29 nödvändigt
975 1426 33 20 att

187 1453 44 22 han
247 1453 98 28 ständigt
361 1453 86 28 tjudrar
462 1453 34 22 sin
512 1453 84 29 boskap
612 1454 54 22 eller
677 1455 32 21 att
719 1454 45 22 har
774 1455 98 28 ständigt
882 1454 56 23 låter
948 1455 60 22 valla

188 1483 48 23 den.
269 1483 45 29 Mig
333 1490 74 22 synes,
426 1483 72 23 såsom
519 1484 71 28 sagdt,
610 1486 34 20 att
665 1484 65 23 dessa
752 1485 189 29 omständigheter
959 1486 49 22 icke

188 1514 73 22 blifvit
276 1514 116 28 tillbörligt
407 1514 115 22 beaktade.
547 1514 43 29 Jag
606 1516 25 21 är
646 1514 75 23 derför
736 1521 53 16 ense
805 1516 51 21 med
871 1517 90 27 prosten
971 1516 37 22 Jo-
