1109 1814
230 129 42 20 580
535 126 87 19 Maalisk.
636 127 23 18 26
671 131 18 18 p.

199 181 57 26 röra,
278 180 90 29 pröfves
391 180 42 22 och
452 181 99 21 dömmes
567 180 26 22 af
605 181 69 26 them,
690 186 48 16 som
753 180 126 28 Konungen
895 180 69 22 vårda
979 180 41 22 och

199 210 105 22 inseende
327 210 50 21 ther
399 209 64 22 öfver
485 210 90 21 betrodt
593 210 86 25 hafver,
695 210 58 21 efter
767 210 48 27 thy,
831 216 48 15 som
894 210 7 21 i
917 210 103 21 särskilta

200 239 91 28 stadgar
313 239 87 22 therom
423 240 73 27 sägs”.
527 239 27 22 D.
571 245 21 16 v.
609 245 16 16 s.
648 239 28 22 de
691 239 91 28 pröfvas
797 240 27 21 af
837 239 27 22 de
881 239 140 22 förvaltande

200 269 89 26 verken,
313 269 23 22 åt
358 269 75 22 hvilka
453 269 120 28 konungen
589 269 119 28 uppdragit
722 269 116 22 inseendet
853 269 64 22 öfver
933 275 27 16 en
976 270 46 21 viss

200 305 55 23 gren
277 299 26 22 af
325 299 43 21 den
391 299 112 21 allmänna
523 298 177 35 hushållningen,
716 299 41 22 och
774 299 61 22 detta
850 299 28 28 på
893 300 45 21 sätt
953 299 7 21 i
976 301 46 20 sär-

200 329 72 22 skilda
293 329 123 27 stadgar
431 328 75 22 derom
523 329 72 27 säges.
627 328 52 27 (Det
694 328 45 22 står
756 329 122 26 ,särskilda
893 329 103 28 stadgar"
1015 329 6 21 i

200 359 93 22 motsats
308 358 34 22 till
357 358 43 21 den
417 358 125 26 allmänna
559 357 97 30 lagen”).
687 346 131 34 Detsamma
834 365 67 21 synes
917 358 67 23 också
999 358 26 22 af

200 388 159 23 stadfästelsen
373 387 29 28 på
420 390 55 19 1734
492 388 34 21 års
542 388 44 28 lag,
603 394 48 15 som
666 387 34 22 till
716 388 43 21 den
773 388 144 22 ekonomiska
927 389 94 27 lagstift-

200 419 84 28 ningen
307 418 80 21 räknat
409 417 83 22 sådana
515 418 104 26 ärenden,
636 424 47 15 som
699 417 54 22 höra
769 418 34 21 till
818 418 105 22 särskildt
939 418 83 22 förord-

200 448 58 22 nade
281 447 124 25 domsäten;
429 447 42 22 och
493 449 34 20 att
547 447 158 29 patentfrågan
723 448 72 21 skulle
811 448 50 22 hört
876 449 71 21 under
962 448 60 22 kom-

201 477 188 29 merskollegium,
404 477 57 22 lider
476 477 49 23 icke
541 477 67 29 något
623 477 86 22 tvifvel.
740 477 110 29 Slutligen
863 478 40 21 ber
913 479 40 28 jag
964 479 59 21 ännu

201 508 22 22 fä
238 508 86 28 päpeka
339 509 33 20 att
387 507 66 22 ocksä
468 507 147 28 speciallagar
630 507 214 28 öfverhufvudtaget
859 508 95 28 ansägos
969 508 54 21 höra

200 538 34 21 till
257 538 43 21 den
323 537 144 22 ekonomiska
489 537 176 28 lagstiftningen,
689 537 49 22 icke
761 537 71 22 under
852 538 43 21 den
910 538 112 21 allmänna

200 568 79 27 lagens
303 567 96 22 område.
431 567 46 22 Och
501 569 33 20 att
557 567 166 28 bestämningar
746 573 36 16 om
806 569 77 26 patent
898 567 73 22 skulle
986 567 37 22 be-

201 597 85 22 traktas
301 596 72 23 säsom
390 597 146 28 speciallagar
551 598 26 21 är
592 597 131 28 uppenbart.

272 626 31 23 Pä
318 627 65 22 dessa
399 627 97 27 grunder
511 627 68 28 hyser
592 627 40 28 jag
648 627 35 22 för
699 627 45 21 min
759 627 36 22 del
811 627 7 21 i
830 627 91 22 motsats
933 627 33 22 till
977 627 45 28 lag-

201 657 43 22 och
267 657 212 22 ekonomiutskottet
502 657 37 21 vid
556 658 88 21 senaste
660 657 41 22 och
717 657 37 21 vid
770 657 73 21 denna
858 657 107 28 landtdag
981 657 43 22 den

202 686 143 29 uppfattning
369 687 33 21 att
425 687 120 22 monarken
566 686 116 29 verkligen
705 687 24 21 är
744 687 126 28 berättigad
886 688 33 20 att
934 687 90 22 utfärda

203 716 132 28 författning
351 722 35 16 om
402 717 83 27 patent.
517 716 74 22 Sädan
604 717 40 21 har
655 717 66 21 ocksä
731 717 171 28 uppfattningen
913 717 6 21 i
931 717 92 28 Sverige

202 747 59 22 varit
283 746 58 22 efter
367 749 62 19 1809.
461 745 9 22 I
493 745 94 29 Sverige
608 747 40 21 har
663 753 52 15 man
730 746 7 21 i
752 747 163 22 administrativ
931 748 45 27 väg
991 748 33 20 ut-

203 777 92 22 färdade
319 776 236 28 patentförfattningar
577 776 26 22 af
624 776 43 22 den
686 779 28 19 28
731 777 56 27 april
804 779 63 24 1819,
884 777 43 21 den
944 780 26 19 13
988 777 35 21 de-

204 807 89 22 cember
311 809 63 24 1834,
391 806 43 21 den
451 809 28 19 30
495 806 118 22 december
631 809 54 19 1841
703 806 41 22 och
760 807 43 21 den
820 809 26 19 19
859 807 89 28 augusti
960 809 64 20 1856.

202 837 51 21 Den
276 838 75 20 senast
373 836 118 21 utfärdade
515 837 161 27 författningen
699 837 26 21 af
739 836 42 22 den
799 839 25 19 16
842 837 43 26 maj
906 839 55 19 1884
978 837 24 21 är
1017 837 7 21 i

203 867 61 21 detta
287 865 106 23 afseende
416 865 108 28 tvetydig.
556 865 52 22 Man
630 872 36 16 ser
687 867 32 20 att
735 867 119 21 ständerna
870 866 86 22 försökt
970 866 54 29 göra

203 895 95 28 anspräk
314 895 27 28 pä
356 895 137 28 rättigheten
508 897 33 20 att
557 896 89 28 deltaga
661 895 7 22 i
683 896 176 28 lagstiftningen,
876 902 50 16 men
943 898 33 20 att
986 897 38 21 ko-

203 931 90 22 nungen
314 925 49 22 icke
384 925 57 22 varit
456 925 103 28 benägen
575 927 32 20 att
623 925 112 28 medgifva
752 926 67 21 detta.
851 926 173 28 Anmärknings-

203 954 66 23 värdt
284 956 25 21 är
324 955 41 22 ock
381 956 34 21 att
430 956 79 21 nästan
525 955 114 28 samtidigt
654 955 130 22 utfärdades
801 962 27 15 en
843 955 38 29 lag
897 962 35 16 om
952 955 72 28 skydd

203 985 35 22 för
261 985 134 22 varumärke
417 985 42 21 den
475 988 12 18 5
503 985 41 27 juli
563 988 62 19 1884.
657 985 52 22 Men
724 986 43 21 den
782 985 86 22 tillkom
884 986 71 21 under
970 986 54 22 riks-

203 1015 84 28 dagens
310 1015 142 22 medverkan.
484 1015 40 21 Att
539 1015 266 28 patentförfattningarna
820 1016 130 21 utfärdades
965 1017 7 20 i
988 1015 37 22 ad-

203 1045 133 22 ministrativ
351 1045 44 28 väg
411 1045 70 26 beror,
499 1044 72 22 säsom
587 1045 116 28 ingressen
719 1045 32 22 till
768 1045 158 28 förordningen
942 1045 26 22 af
982 1046 42 21 den

204 1077 27 20 28
256 1075 56 27 april
337 1077 56 19 1819
415 1075 81 27 tydligt
511 1075 74 27 gifver
600 1075 37 21 vid
653 1075 95 26 handen,
763 1075 47 28 just
826 1075 27 28 pä
869 1075 43 22 den
928 1076 95 21 omstän-

203 1105 77 28 dighet
303 1106 33 19 att
359 1104 118 28 konungen
493 1106 84 20 ansetts
594 1104 125 29 berättigad
734 1106 33 20 att
782 1105 90 21 utfärda
889 1105 83 22 sådana
987 1111 37 16 ex-

202 1134 87 22 klusiva
311 1134 127 28 privilegier
461 1135 42 20 och
523 1134 110 28 monopol,
650 1140 47 16 som
714 1137 12 19 2
743 1135 12 26 $
771 1134 7 22 i
794 1134 115 22 försäkran
926 1134 35 23 för
976 1135 48 22 bor-

202 1164 119 27 gerskapet
345 1163 40 22 och
405 1163 120 22 ständerna
539 1163 106 28 antydde.
676 1163 35 22 Nu
727 1165 25 20 är
767 1164 38 21 det
820 1164 132 28 visserligen
967 1166 57 25 sant,

203 1195 33 20 att
258 1193 22 22 vi
303 1193 49 22 icke
376 1194 53 20 utan
452 1193 76 22 vidare
552 1193 75 22 kunna
650 1194 36 21 vid
707 1194 150 21 bedömandet
872 1194 26 21 af
912 1194 74 28 frågor
1002 1195 27 20 af

204 1223 72 21 denna
292 1222 154 22 beskaffenhet
461 1223 53 27 taga
529 1222 92 29 ledning
637 1223 26 21 af
675 1223 170 28 lagstiftningen
861 1223 7 22 i
883 1223 101 28 Sverige,
1000 1225 25 26 ty

205 1255 58 19 1809
286 1251 35 22 års
342 1252 173 27 regeringsform
531 1252 41 21 har
587 1253 7 21 i
611 1252 62 28 fråga
689 1259 35 15 om
740 1253 170 28 lagstiftningen
924 1253 64 22 råkat
1004 1253 22 22 få

205 1287 28 16 en
249 1281 148 28 ordalydelse,
413 1287 48 16 som
477 1288 66 21 synes
560 1282 67 28 något
642 1282 121 22 inskränka
773 1282 130 22 ständernas
914 1283 51 21 rätt.
981 1282 45 22 Det

202 1311 47 22 står
272 1312 33 21 att
326 1311 119 22 ständerna
461 1311 70 22 hafva
545 1313 46 20 rätt
605 1313 34 20 att
654 1312 89 28 deltaga
759 1312 7 21 i
781 1312 106 22 stiftande
903 1312 27 22 af
942 1312 83 22 allmän

202 1341 95 27 civillag,
320 1341 141 27 kriminallag
484 1341 41 22 och
547 1341 116 27 kyrkolag.
695 1341 49 22 Med
767 1341 120 28 anledning
910 1342 26 21 af
958 1342 69 26 detta,

203 1369 43 22 den
273 1369 60 22 förut
356 1369 103 28 gällande
483 1370 231 28 statsförfattningens
737 1371 143 28 uppfattning
902 1371 50 21 icke
976 1371 50 21 fullt

203 1399 160 28 återgifvande,
380 1399 124 28 stadgande
519 1400 45 21 kan
580 1400 38 21 det
634 1399 109 22 måhända
757 1400 90 21 inträffa
863 1401 32 20 att
912 1400 7 21 i
933 1400 93 28 Sverige

201 1429 112 28 åtskilliga
329 1429 158 28 författningar
502 1429 74 22 blifvit
592 1430 117 22 utfärdade
725 1430 6 21 i
742 1430 163 22 administrativ
915 1431 52 28 väg,
978 1436 48 16 som

202 1459 49 22 icke
274 1459 71 22 skulle
371 1459 69 28 enligt
465 1461 56 20 1772
545 1459 34 22 års
596 1459 173 29 regeringsform
786 1461 84 21 kunnat
886 1460 101 23 utfärdas
1003 1461 26 22 af

202 1489 121 22 monarken
346 1491 54 20 utan
422 1489 131 22 ständernas
578 1489 142 23 medverkan.
759 1490 118 29 Meningen
901 1490 7 22 i
932 1490 92 29 Sverige

205 1521 55 20 1809
277 1525 40 16 var
333 1519 57 22 dock
405 1519 48 22 icke
469 1521 34 20 att
518 1520 55 28 göra
588 1519 72 29 någon
671 1520 93 29 ändring
774 1521 7 21 i
792 1521 28 22 de
831 1521 104 28 gällande
946 1521 80 28 grund-
