1100 1820
232 117 41 19 198
540 113 78 17 Helmik.
633 113 21 17 15
667 117 17 18 p.

201 168 25 21 så
248 167 36 28 låg
307 167 111 22 röstskala
440 168 34 20 att
495 167 91 21 dermed
610 167 50 21 hela
676 167 42 21 den
734 165 116 29 grundidé,
866 173 48 16 som
930 166 41 29 gör
986 167 34 28 sig

202 197 103 29 gällande
328 196 32 22 uti
384 196 194 27 bestämningarna
601 195 94 23 rörande
718 195 184 28 borgareståndet
916 197 42 21 och
972 197 8 21 i
994 196 26 23 L.

202 227 53 22 O:ns
273 227 168 26 bestämningar
456 225 94 22 rörande
565 225 104 28 samtliga
684 226 28 21 de
728 226 72 27 öfriga
815 225 100 28 stånden,
932 226 88 29 frångås

202 256 41 23 och
260 263 52 15 man
327 255 93 22 sålunda
434 256 33 21 uti
482 255 183 28 borgareståndet
680 255 73 22 skulle
767 256 131 27 genomföra
908 261 28 17 en
947 256 73 22 demo-

201 286 86 22 kratisk
302 286 138 28 röstprincip,
456 286 71 21 under
542 286 38 21 det
596 287 33 20 att
645 285 27 22 de
688 285 72 28 öfriga
776 285 93 22 stånden
884 285 61 23 hvila
955 285 27 29 på
992 292 28 16 en

201 316 92 22 alldeles
317 322 73 15 annan
413 316 46 21 bas.
490 315 46 22 Det
559 316 25 21 är
607 315 124 28 uppenbart
755 316 39 26 att,
810 321 36 16 om
862 315 158 28 petitionärens

202 346 84 29 förslag
309 345 73 22 skulle
404 345 148 28 genomföras,
569 345 24 22 så
608 345 72 22 skulle
696 345 38 22 det
750 345 123 22 förnämsta
889 345 132 28 inflytandet

201 376 38 22 vid
255 375 194 29 borgareståndets
464 375 38 22 val
512 375 49 22 icke
573 381 61 16 mera
645 374 124 23 tillkomma
779 375 28 21 de
818 375 72 22 bättre
901 376 119 27 situerade,

202 405 28 22 de
253 405 167 28 insigtsfullare,
445 405 28 22 de
496 411 48 16 som
567 411 54 16 vore
636 411 48 15 mer
700 405 87 28 egnade
803 404 35 22 för
853 405 89 28 politisk
958 406 62 21 verk-

202 435 93 26 samhet,
313 437 53 20 utan
382 435 38 21 det
434 435 174 27 hufvudsakliga
624 435 133 27 inflytandet
768 435 122 27 förskjutas
900 437 33 20 ett
943 435 78 28 betyd-

202 465 42 28 ligt
260 467 50 26 steg
325 464 65 22 neråt
405 465 41 21 och
462 464 128 28 derigenom
607 464 43 22 den
664 464 85 28 princip
766 464 146 28 öfvergifvas,
927 470 49 16 som
990 471 31 16 nu

201 495 71 28 gäller
287 494 60 22 inom
363 494 183 28 borgareståndet
561 494 42 22 och
618 494 59 22 inom
694 494 72 28 öfriga
781 493 71 22 stånd.

272 524 33 22 En
329 524 90 26 reform,
443 530 47 15 som
509 524 72 22 skulle
598 523 110 22 bibehålla
722 523 125 29 grundidén
863 524 7 21 i
885 524 24 21 L.
927 524 24 21 O.
969 524 52 22 fort-

201 554 93 22 farande
305 554 104 28 gällande
424 554 68 21 äfven
508 554 36 22 för
561 553 188 29 borgareståndet,
765 553 74 22 skulle
853 554 38 21 väl
907 553 71 22 måsta
994 553 28 29 gå

201 585 25 20 ut
242 583 28 29 på
280 585 33 20 ett
333 583 155 22 fastställande
503 583 7 21 i
525 583 24 22 L.
567 582 25 23 O.
608 583 27 21 af
648 584 32 20 ett
690 582 73 28 lägsta
773 583 185 28 inkomstbelopp,
974 589 48 16 som

201 613 72 22 skulle
302 613 110 27 berättiga
441 612 34 22 till
505 613 123 21 utöfvande
653 613 27 21 af
699 613 89 25 valrätt,
812 612 68 28 något
902 612 59 22 olika
987 613 35 22 för

201 643 88 22 landets
312 643 59 22 olika
392 642 75 22 städer
490 642 40 23 allt
552 643 57 22 efter
632 642 65 23 deras
720 642 91 25 storlek,
836 642 34 22 för
893 642 27 22 de
942 643 80 22 minsta

202 672 110 23 måhända
327 676 43 19 400
387 673 69 26 mark,
473 673 34 21 för
523 673 27 21 de
566 672 81 22 största
664 675 42 19 800
722 673 71 26 mark,
805 672 34 22 för
849 672 28 22 de
888 673 134 22 medelstora

202 705 42 20 600
264 703 69 22 mark.
367 702 135 22 Röstskalan
520 703 71 21 skulle
610 702 109 22 måhända
743 702 74 22 kunna
840 701 28 23 nä
884 709 44 21 upp
944 703 34 22 till
995 706 26 19 10

201 732 72 22 röster
296 732 51 22 med
371 734 33 20 ett
426 732 103 28 stigande
544 732 8 21 i
568 733 26 21 de
610 733 62 27 lägre
688 733 109 28 graderna
813 732 37 21 två
865 732 91 29 gånger,
972 733 7 22 i
994 733 28 21 de

200 762 70 29 högre
286 764 33 20 tre
335 761 84 30 gånger
434 762 186 29 censusbeloppet
635 762 34 22 för
679 762 79 28 hvarje
768 762 47 22 röst
825 763 40 21 och
879 763 49 21 med
942 762 80 29 högsta

201 792 116 22 röstetalet
332 791 99 29 uppnådt
446 792 7 22 i
464 792 28 22 de
502 792 82 22 största
594 792 104 22 städerna
710 792 36 22 vid
758 798 28 16 en
796 792 98 22 inkomst
904 793 25 21 af
943 795 79 24 10,000

201 822 70 26 mark,
287 822 8 22 i
310 822 28 22 de
354 822 80 21 minsta
445 822 26 22 af
480 825 64 23 5,000
558 822 63 22 mark
632 821 20 22 d.
664 828 20 15 v.
697 829 16 15 s.
726 823 38 20 det
777 822 186 28 inkomstbelopp,
974 828 48 16 som

200 858 31 16 nu
252 854 125 20 motsvarar
398 855 27 18 25
441 852 79 21 röster.
552 852 40 21 Att
606 853 78 26 stegen
701 852 54 21 böra
770 858 55 15 vara
840 852 86 21 mindre
941 852 37 22 vid
994 852 27 21 de

200 881 64 28 lägre
286 882 117 27 graderna,
427 881 71 22 större
520 881 38 22 vid
581 881 28 22 de
633 881 75 28 högre,
725 882 115 21 förefaller
862 881 114 29 naturligt,
994 881 28 22 då

201 911 177 28 uppenbarligen
394 911 116 22 skilnaden
526 911 82 22 mellan
625 913 64 24 1,000
705 911 42 22 och
763 914 65 23 2,000
840 911 75 22 marks
925 911 97 22 inkomst

201 940 102 29 betingar
319 947 28 15 en
362 940 72 22 större
445 941 105 22 differens
562 941 7 21 i
581 940 67 22 social
659 941 106 27 ställning
775 942 28 20 än
813 940 117 23 skilnaden
941 941 81 22 mellan

202 973 64 25 9,000
285 970 42 23 och
344 973 79 23 10,000
439 971 75 21 marks
529 970 103 22 inkomst.
664 970 42 22 Om
722 971 66 21 dessa
803 970 167 29 bestämningar
984 977 37 23 ge-

200 1000 135 27 nomfördes,
359 1000 75 22 kunde
458 1001 27 21 de
509 1000 259 28 undantagskategorier,
785 1006 48 16 som
848 1000 72 23 finnas
935 1001 7 21 i
960 1004 26 18 12
1002 1002 18 26 $,

200 1030 127 29 upphäfvas
343 1030 41 22 och
401 1030 91 22 dermed
508 1030 43 22 alla
567 1031 27 21 de
610 1033 60 19 stora
685 1030 177 29 oegentligheter
878 1031 42 21 och
934 1031 88 28 olägen-

201 1060 71 27 heter,
287 1066 49 16 som
351 1060 115 22 desamma
481 1066 31 16 nu
526 1060 90 27 bereda,
632 1060 118 28 aflägsnas.
775 1060 33 22 En
824 1060 176 23 valrättsreform
1015 1061 7 21 i

201 1090 183 28 borgareständet
408 1090 68 22 borde
498 1090 116 28 sjelffallet
636 1090 63 28 gifva
721 1090 121 28 anledning
858 1090 33 22 till
907 1090 114 28 genomfö-

200 1120 80 22 randet
295 1120 26 22 af
334 1120 95 28 analoga
445 1120 166 28 bestämningar
627 1120 35 22 för
678 1120 167 27 bondeständet,
861 1122 25 26 ty
902 1120 38 22 det
955 1126 66 22 synes

200 1150 50 22 icke
269 1149 120 22 förefinnas
409 1150 73 28 någon
497 1150 85 21 hållbar
598 1150 78 28 grund,
692 1150 92 22 hvarför
798 1150 224 28 landsbefolkningen

200 1178 73 23 skulle
288 1178 88 28 åtnjuta
391 1180 7 21 i
413 1179 112 28 väsentlig
540 1180 56 27 grad
612 1179 85 22 mindre
714 1180 110 22 utsträckt
839 1180 89 28 politisk
939 1179 82 22 valrätt

200 1209 29 21 än
245 1208 116 23 städernas
377 1208 140 22 innevånare.
544 1209 48 21 Och
607 1209 116 27 måhända,
740 1209 27 21 då
783 1216 28 15 en
826 1210 83 21 reform
925 1215 28 15 en
964 1209 58 28 gång

201 1238 72 22 skulle
296 1238 103 28 vidtagas
420 1238 6 21 i
442 1238 24 22 L.
484 1238 32 27 O.,
532 1239 68 21 äfven
616 1238 59 22 inom
691 1239 164 27 presteståndet
870 1245 28 15 en
914 1239 108 22 utsträck-

200 1268 54 28 ving
277 1268 26 22 af
323 1268 112 22 valrätten
450 1268 74 22 kunde
540 1268 40 22 ske
596 1268 132 22 åtminstone
744 1268 32 22 till
794 1269 28 21 de
837 1270 93 26 prester,
946 1268 76 22 hvilka

200 1298 79 21 utöfva
295 1298 118 28 presterlig
428 1298 150 26 verksamhet,
586 1298 68 22 äfven
670 1304 36 16 om
722 1298 28 22 de
765 1298 50 22 icke
830 1298 120 22 innehafva
966 1298 55 22 ordi-

200 1328 62 21 narie
277 1328 75 27 tjenst.

270 1357 51 20 Man
344 1357 45 20 kan
405 1357 37 20 väl
457 1357 49 20 icke
521 1358 7 19 i
544 1357 139 21 närvarande
698 1358 33 20 tid
747 1358 57 26 hysa
818 1357 70 27 några
903 1359 61 19 stora
979 1357 43 22 för-

200 1385 140 28 hoppningar
356 1391 41 23 om
409 1387 32 20 att
457 1386 109 21 reformer
582 1386 32 21 uti
629 1386 73 21 denna
717 1386 99 27 riktning
826 1386 111 27 praktiskt
948 1386 74 22 kunna

200 1415 149 29 genomföras.
381 1415 143 23 Atminstone
540 1415 75 23 kunna
631 1415 76 28 dylika
722 1415 36 23 för
770 1415 115 29 sjelffallet
895 1416 49 22 icke
955 1416 66 22 vinna

200 1445 128 28 anslutning
344 1445 48 22 frän
408 1445 28 22 de
451 1446 182 21 reförmvänners
648 1445 55 27 sida,
719 1452 49 16 som
783 1446 7 22 i
805 1446 113 22 reformen
933 1446 49 22 icke
998 1452 24 16 se

200 1476 68 20 annat
289 1476 29 21 än
341 1476 33 20 ett
397 1475 74 21 medel
489 1476 33 20 att
544 1475 131 28 genomföra
698 1481 29 16 en
742 1475 156 29 spräkpolitisk
914 1476 108 22 omhvälf-

200 1505 60 28 ning,
284 1505 42 22 och
349 1505 89 22 derföre
462 1505 69 22 mäste
547 1505 65 22 ställa
628 1505 34 28 sig
678 1505 121 28 afböjande
813 1507 115 27 gentemot
943 1506 79 28 hvarje
