1109 1811
226 134 42 19 754
539 131 76 18 Huhtik.
629 131 10 18 8
652 136 17 17 p.

195 185 42 22 och
251 185 40 28 jag
306 185 39 21 ber
361 186 33 19 att
410 184 22 21 fä
447 184 7 22 i
469 184 90 22 korthet
575 184 78 22 beröra
669 185 28 20 de
712 186 82 20 tvenne
809 184 206 29 hufvudprinciper,

195 221 48 15 som
266 214 54 28 göra
341 214 35 28 sig
397 214 104 27 gällande
515 214 8 21 i
538 214 28 21 de
581 214 58 21 bäda
654 215 105 20 motsatta
775 214 120 28 förslagen,
911 220 49 16 som
975 215 40 21 äro

195 244 126 27 framlagda
336 244 7 21 i
359 243 249 22 utskottsbetänkandet
631 243 40 22 och
697 243 42 22 den
755 244 70 21 andra
840 244 174 21 reservationen.

265 273 44 28 Jag
331 273 74 28 gifver
419 273 130 28 obetingadt
565 273 112 22 företräde
689 273 21 22 ät
722 273 43 22 den
776 273 178 28 hufvudprincip,
966 279 48 16 som

194 303 72 35 ligger
280 303 34 21 till
330 303 80 33 grund
418 303 35 21 för
468 303 256 25 utskotssbetänkandet,
740 303 20 21 d.
777 309 21 15 v.
814 309 17 15 s.
848 303 167 28 likställighets-

194 333 121 28 principen,
339 333 40 21 och
401 332 40 28 jag
462 332 44 22 kan
529 332 50 22 icke
594 338 54 16 anse
664 332 43 22 den
722 332 91 28 princip,
830 338 47 16 som
894 333 76 34 ligger
980 333 35 21 till

194 363 72 27 grund
290 362 35 22 för
349 362 43 22 den
415 362 69 22 andra
509 362 178 22 reservationens
711 362 90 28 förslag,
818 362 20 22 d.
855 369 21 15 v.
892 369 17 15 s.
926 362 88 28 majori-

194 392 159 28 tetsprincipen
369 392 55 21 eller
439 392 199 28 flertalsprincipen
655 398 53 15 vara
723 392 51 26 den,
790 398 46 16 som
854 392 25 21 är
894 392 73 28 egnad
980 394 36 20 att

194 423 79 27 läggas
295 422 34 21 till
352 422 72 28 grund
445 422 35 21 för
495 428 29 15 en
539 422 84 28 lycklig
638 421 87 29 lösning
741 422 26 21 af
780 421 235 28 spräkförhällandena

194 453 7 21 i
217 452 49 22 värt
288 452 59 21 land.
378 451 45 22 Det
447 452 25 21 är
495 452 56 21 visst
566 453 51 20 sant
639 453 34 20 att
688 452 68 21 äfven
771 452 44 21 den
829 451 70 22 andra
914 458 99 16 reserva-

194 482 75 22 tionen
284 481 28 29 pä
327 482 38 22 sitt
381 482 44 21 sätt
440 481 39 22 vill
495 481 130 28 genomföra
641 481 42 22 den
700 481 111 29 spräkliga
827 481 187 29 likställighetens

194 512 91 28 princip.
309 512 50 21 Men
380 512 108 28 granskar
504 518 58 17 man,
574 512 58 21 hvad
649 512 43 21 den
707 512 70 21 andra
792 512 166 21 reservationen
970 518 43 15 me-

193 548 41 16 nar
251 542 50 22 med
317 542 43 21 den
375 541 112 29 spräkliga
501 541 186 29 likställighetens
698 541 91 29 princip,
801 541 24 22 sä
834 541 72 22 finner
917 548 51 15 man
981 543 33 20 att

194 572 62 22 detta
277 572 56 21 dock
349 572 25 21 är
389 571 122 28 nägonting
526 572 47 21 helt
588 573 69 20 annat
672 572 28 21 än
715 572 60 21 hvad
791 578 52 15 man
858 572 71 21 mäste
945 571 69 22 förstä

194 602 53 21 med
271 601 86 28 verklig
381 601 146 28 likställighet
549 601 82 22 mellan
654 603 82 19 tvenne
759 600 66 28 spräk
841 601 7 21 i
864 603 32 19 ett
911 601 59 26 land,
986 607 29 16 en

194 631 88 28 verklig
297 630 270 28 tväspräkighetsprincip.
593 630 31 22 På
640 631 39 21 sid.
697 633 27 19 49
741 631 7 21 i
758 631 257 25 utskottsbetänkandet,

194 661 69 21 andra
288 660 173 25 reservationen,
487 662 61 25 yttra
563 660 92 21 sälunda
678 662 181 20 reservanterne:
885 661 41 25 ,Vi
941 666 25 16 se
981 660 33 22 sä-

194 690 69 22 lunda
285 691 33 20 att
341 690 43 21 den
407 689 112 28 spräkliga
534 690 185 27 likställighetens
735 690 84 27 princip
835 690 7 21 i
858 690 108 27 utlandet,
982 690 33 21 äf-

194 726 44 16 ven
254 720 39 21 der
309 720 43 21 den
367 719 74 22 blifvit
457 721 58 20 mest
531 719 140 28 fullständigt
687 719 138 28 genomförd,
842 720 21 27 ej
880 720 90 21 hindrar
982 721 32 20 att

195 749 112 22 hibehälla
330 751 32 20 ett
385 749 26 22 af
431 749 88 22 landets
543 749 65 28 språk
624 749 7 22 i
647 755 27 16 en
697 749 157 28 privilegierad
879 749 136 28 ställning,
1005 745 14 36 i

195 779 114 28 egenskap
335 779 26 22 af
380 779 91 21 officielt
495 779 72 28 språk,
587 779 28 28 pä
630 779 85 22 hvilket
731 779 196 28 myndigheternas
942 779 71 22 inbör-

195 810 39 21 des
257 809 158 28 skriftvexling
435 809 109 28 försiggär
561 809 41 22 och
617 809 85 28 hvarpä
717 809 43 21 den
776 809 108 28 originala
898 809 116 28 lagtexten

195 839 7 22 i
217 839 78 28 regeln
317 839 96 22 affattas.
445 838 75 22 Oftast
542 845 65 16 anses
629 839 146 28 likställighet
796 838 112 29 uppnådd,
932 839 27 22 dä
981 839 34 22 till

196 869 140 21 minoriteten
351 868 98 21 hörande
460 868 101 21 enskilda
571 874 112 22 personer,
695 869 132 21 kommuner
838 869 41 21 och
890 869 70 21 andra
970 875 45 15 me-

195 899 102 27 nigheter
312 898 7 21 i
335 898 48 21 sina
407 898 159 27 förrättningar
581 898 37 22 vid
635 898 120 21 domstolar
771 899 41 20 och
829 898 69 22 andra
914 899 99 27 myndig-

194 928 64 21 heter
274 934 42 21 ega
331 928 45 20 rätt
391 928 33 20 att
439 927 103 28 begagna
558 928 35 27 sig
608 928 26 21 af
647 928 38 20 sitt
701 929 52 26 eget
767 927 67 28 spräk
850 929 58 20 samt
922 929 34 20 att
967 928 48 22 utfä

194 957 45 21 alla
262 958 55 20 eller
339 956 132 22 ätminstone
495 957 28 21 de
546 958 65 20 flesta
635 957 50 21 dem
708 957 95 21 rörande
818 958 154 27 expeditioner
987 957 29 28 pä

194 987 97 21 nämnda
306 986 135 28 tungomäl*.
473 986 45 22 Det
534 988 25 20 är
574 986 92 22 sålunda
682 987 61 21 detta
759 988 170 20 reservanterna
945 987 69 21 förstå

195 1016 51 22 med
269 1016 152 28 likställighet,
445 1016 39 21 det
499 1017 33 20 att
547 1016 110 22 hvardera
673 1016 179 28 spräkgruppens
869 1016 145 22 medlemmar

195 1046 72 22 skulle
290 1052 43 22 ega
355 1046 45 21 rätt
422 1047 33 20 att
478 1045 48 22 utfä
546 1046 153 28 expeditioner
719 1046 42 22 och
776 1046 74 34 utslag
866 1046 28 28 pä
908 1046 39 22 sitt
962 1048 52 27 eget

194 1075 121 29 tungomäl,
332 1075 70 22 under
417 1076 38 20 det
471 1077 33 20 att
520 1077 32 20 ett
567 1076 58 21 enda
641 1076 91 21 officielt
747 1075 67 28 spräk
829 1076 8 21 i
852 1076 76 21 landet
942 1076 72 22 finnes

195 1106 40 21 och
259 1105 43 21 den
325 1111 43 16 ena
391 1104 167 29 spräkgruppen
576 1105 49 22 icke
641 1106 72 21 skulle
729 1106 68 21 hafva
813 1106 73 28 nägon
902 1106 36 21 del
953 1106 7 21 i
976 1106 39 22 det

195 1135 110 26 officiella,
322 1135 37 22 det
375 1135 112 22 allmänna
502 1135 71 22 lifvet.
598 1135 29 22 Sä
643 1136 89 27 mycket
747 1135 88 22 klarare
843 1132 112 25 framstår
971 1136 44 22 den

195 1165 166 22 reservationen
385 1165 167 28 genomgäende
578 1165 199 28 flertalsprincipen
801 1165 7 22 i
831 1169 184 18 reservanternas

193 1195 132 27 utläggning
348 1194 27 28 pä
398 1195 39 20 sid.
463 1197 34 18 51.
529 1195 44 21 Det
596 1195 25 21 är
643 1195 226 27 kommunalspräket,
892 1201 48 15 som
956 1195 58 21 skall

194 1230 54 16 vara
263 1224 38 21 det
321 1224 58 21 enda
395 1224 122 27 afgörande
534 1224 35 21 för
585 1224 27 21 de
628 1224 62 27 lägre
707 1224 195 28 myndigheternas
918 1224 95 22 emhets-

193 1253 72 28 spräk,
283 1259 50 16 men
351 1253 37 21 det
404 1254 25 20 är
443 1253 50 21 icke
509 1260 44 21 nog
569 1254 98 21 dermed.
693 1254 44 21 Det
753 1254 25 21 är
794 1254 220 28 kommunalspräket

193 1284 7 20 i
216 1283 142 28 pluraliteten
382 1283 26 21 af
429 1283 132 21 kommuner
582 1283 132 21 tillhörande
731 1283 70 21 större
817 1283 95 27 distrikt,
928 1284 88 21 hvilket

192 1312 58 22 skall
272 1319 54 15 vara
345 1312 122 28 afgörahde
484 1312 34 22 för
534 1312 182 22 embetsverkens
733 1312 65 28 spräk
814 1313 7 21 i
837 1313 65 21 dessa
918 1313 96 22 distrikt.

193 1342 46 22 Och
264 1348 36 15 om
323 1344 171 19 reservanterna
513 1344 80 20 stanna
617 1342 40 22 och
673 1342 49 22 icke
738 1342 101 28 tillämpa
854 1349 86 15 samma
955 1343 57 27 prin-

193 1371 34 28 cip
253 1371 138 21 omedelbart
413 1370 28 28 pä
464 1371 27 21 de
511 1371 162 28 myndigheter,
690 1378 47 15 som
754 1372 94 21 omfatta
863 1372 51 22 hela
929 1372 83 26 landet,

192 1400 24 22 sä
239 1402 25 20 är
288 1401 61 21 detta
375 1406 28 16 en
426 1400 93 22 alldeles
542 1401 115 28 uppenbar
672 1401 109 21 afvikelse
798 1401 49 22 från
862 1401 43 22 den
921 1402 94 28 princip,

193 1437 47 16 som
264 1431 71 28 ligger
358 1430 35 22 till
411 1431 72 27 grund
499 1430 35 22 för
550 1431 51 22 hela
617 1430 202 30 äskädningssättet
834 1432 8 21 i
857 1431 68 29 öfrigt
940 1444 28 3 —
985 1438 28 16 en

193 1461 115 25 afvikelse,
333 1466 48 16 som
397 1461 57 21 dock
470 1460 80 22 endast
565 1462 25 21 är
605 1462 112 27 temporär
733 1462 42 22 och
791 1462 67 22 hvars
873 1462 116 27 betydelse
1005 1462 8 22 i

192 1491 111 28 väsentlig
326 1490 56 29 grad
406 1490 133 22 förminskas
563 1492 26 21 af
611 1491 37 22 det
671 1492 130 28 stadgande,
818 1498 48 15 som
882 1492 63 28 ingär
960 1492 7 22 i
983 1498 28 16 en

192 1521 26 22 af
238 1521 178 22 reservationens
440 1521 115 24 klämmar,
575 1521 71 22 ehuru
662 1521 37 22 det
714 1522 110 28 knappast
839 1521 89 23 beröres
944 1523 8 21 i
968 1522 45 22 den
