1109 1806
446 116 81 18 Maalisk
546 117 23 17 30
581 122 17 17 p.
857 120 43 20 637

112 170 67 28 lagda
199 169 72 23 såsom
293 170 104 22 säkerhet
417 170 34 22 för
467 171 68 21 andra
551 170 109 28 ändamål,
676 171 41 28 gör
731 171 89 22 banken
834 172 98 22 konkurs

112 200 43 22 och
176 200 27 21 de
224 200 157 28 ursprungliga
396 200 175 28 depositarierna
586 200 23 22 få
623 201 50 21 icke
688 202 25 21 ut
728 202 48 21 sina
792 201 140 29 tillgodohaf-

112 230 95 21 vanden.
238 230 44 21 För
296 231 34 20 att
345 230 114 21 förhindra
475 230 61 22 detta
552 230 54 22 eller
622 231 34 21 för
672 232 33 20 att
719 230 132 23 åtminstone
862 232 70 21 uttala

111 259 36 28 sig
170 259 124 28 principielt
317 259 114 28 angående
453 260 44 22 den
512 260 119 28 synpunkt,
647 266 47 16 som
711 260 40 22 bör
767 267 54 15 vara
835 260 97 22 rådande

113 289 41 21 hos
177 295 27 15 en
227 289 153 21 handelsbank
402 289 38 21 vid
461 290 135 27 afskiljande
611 290 26 21 af
651 296 28 15 en
694 290 36 21 del
745 290 26 21 af
784 290 148 28 tillgångarna

111 318 74 22 såsom
200 318 105 22 säkerhet
321 318 35 22 för
371 318 36 22 lån
422 318 28 28 på
465 319 78 27 längre
557 320 39 24 tid,
613 319 84 21 skedde
712 321 54 20 utan
779 320 80 22 tvifvel
869 326 62 16 sena-

113 350 49 20 tens
184 348 120 22 föreskrift.
335 348 34 22 En
390 348 59 22 bank
465 348 44 22 kan
524 349 131 27 visserligen
670 361 29 3 —
712 350 41 27 jag
769 356 110 21 upprepar
895 350 37 21 det

112 390 28 3 —
157 378 144 28 provisoriskt
316 379 113 27 pantsätta
445 385 28 15 en
489 379 36 21 del
541 380 25 20 af
579 379 48 21 sina
643 379 119 28 tillgångar
777 379 35 22 för
827 379 42 25 lån,
881 386 51 15 men

110 408 64 22 detta
193 408 52 22 sker
265 408 50 22 icke
331 408 42 22 och
388 408 44 22 kan
448 408 110 29 knappast
573 408 40 22 ske
629 408 35 22 för
679 415 28 16 en
723 409 51 28 lång
790 408 56 28 följd
862 409 26 21 af
901 409 29 26 år,

112 440 54 19 utan
182 438 38 21 det
235 438 52 21 sker
302 438 28 28 på
343 438 165 27 jemförelsevis
524 439 50 21 kort
588 439 39 20 tid.
658 438 56 22 Sker
730 439 38 21 det
783 438 28 28 på
826 439 51 28 lång
893 439 37 22 tid,

113 467 70 22 måste
205 467 88 22 banken
316 467 55 28 sjelf
391 467 101 22 försäkra
507 469 34 26 sig
556 475 36 15 om
607 469 34 20 att
656 468 65 22 dessa
736 468 36 22 lån
788 469 49 21 icke
852 469 79 27 uppsä-

111 504 40 21 gas
167 497 41 22 och
224 497 28 21 då
267 497 68 22 anlita
352 497 85 22 formea
453 498 27 21 af
493 498 175 27 obligationslån.
699 498 43 28 Jag
756 498 44 22 kan
811 498 74 22 derför
895 498 35 22 för

111 527 45 22 min
172 527 36 22 del
223 527 50 22 icke
288 527 48 22 inse
351 529 68 20 annat
435 529 28 20 än
479 529 33 20 att
527 541 28 2 —
571 528 42 21 och
629 528 47 21 deri
691 528 129 21 instämmer
829 528 40 28 jag
880 528 50 21 med

110 557 45 21 den
178 557 134 28 föregående
335 557 86 22 talaren
442 569 28 3 —
491 557 38 22 det
544 557 57 22 hade
617 557 58 22 varit
690 557 97 28 önskligt
802 559 33 20 att
851 564 27 15 en
895 558 35 21 be-

110 587 113 27 stämning
245 587 8 21 i
276 587 73 26 denna
368 587 99 28 riktning
482 587 57 22 hade
554 588 85 21 kunnat
654 587 51 28 ingä
720 588 7 21 i
743 588 82 27 sjelfva
840 587 90 22 bankla-

111 622 50 22 gen.
193 616 50 21 Men
264 616 27 21 dä
307 616 128 28 pätagligen
450 617 86 21 hälften
551 617 26 21 af
590 617 179 22 bankutskottets
785 617 145 22 medlemmar

111 645 53 28 hyst
186 652 28 15 en
237 646 142 28 uppfattning
402 646 41 21 och
465 646 43 22 den
523 647 69 21 andra
607 647 86 21 hälften
709 647 43 21 den
768 648 105 20 motsatta
889 647 41 21 och

110 676 66 21 dessa
200 676 71 27 begge
296 677 104 20 motsatta
423 676 169 28 uppfattningar
606 676 112 21 sannolikt
734 677 67 21 äfven
817 682 112 22 represen-

110 707 48 20 tera
174 707 105 20 motsatta
295 705 148 28 strömningar
457 706 60 21 inom
527 706 211 28 representationen,
749 705 24 22 sä
783 706 57 21 hade
851 706 79 27 hvarje

111 735 114 22 uttalande
241 735 7 22 i
264 735 73 22 denna
352 735 97 28 riktning
465 735 126 29 pätagligen
607 735 58 22 varit
681 737 32 20 ett
729 735 93 22 dödfödt
838 735 90 28 förslag.

181 765 124 22 Professori
321 765 111 27 Runeberg:
465 766 38 21 Att
519 771 27 16 en
560 765 59 22 bank
629 765 82 22 samlar
721 766 156 21 reservfonder
889 765 40 22 och

108 795 56 22 ökar
180 795 38 22 sitt
233 795 151 28 aktiekapital.
400 795 28 22 dä
443 796 52 21 dess
510 795 83 22 rörelse
609 795 110 28 utvidgas,
736 796 25 21 är
771 795 106 28 naturligt
888 795 40 22 och

109 825 91 22 kräfves
216 824 61 23 säväl
292 825 27 22 af
331 825 100 22 bankens
447 831 57 22 egen
519 831 48 16 som
583 825 50 22 dess
650 825 190 28 fordringsegares
854 826 74 21 säker-

110 855 44 21 het.
185 854 52 22 Men
252 855 77 28 frågan
345 861 42 20 om,
404 855 57 22 huru
477 855 50 22 dess
543 850 106 37 förökade.
664 850 178 37 kapitaltilleväng
857 855 71 28 place-

110 891 44 20 ras,
178 886 24 20 är
225 891 28 15 en
272 885 62 28 fräga
350 885 26 22 af
389 885 46 22 helt
450 891 73 16 annan
539 887 72 20 natur.
643 885 104 22 Bankens
762 885 41 22 och
819 886 50 20 dess
886 885 42 21 for-

109 915 155 28 dringsegares
285 915 106 21 säkerhet
405 915 98 22 minskas
519 915 49 22 icke
584 915 75 22 derför
675 917 32 19 att
723 915 87 22 banken
826 915 101 28 placerar

109 944 73 29 någon
197 944 92 28 lämplig
305 945 37 21 del
357 945 26 20 af
396 945 48 21 sina
459 945 221 28 tillgodohafvanden
696 945 72 21 såsom
779 945 105 21 säkerhet
895 944 34 22 för

110 974 37 22 län
169 974 28 26 pä
217 974 78 28 längre
318 974 38 22 tid.
390 974 43 21 Det
456 975 25 20 är
495 975 26 27 ju
537 975 46 21 helt
599 974 113 28 naturligt,
729 974 72 22 säsom
817 975 111 27 professor

110 1004 91 22 Donner
219 1004 41 22 har
275 1004 127 27 framhällit,
419 1006 34 20 att
468 1010 29 16 en
511 1004 60 22 bank
586 1004 44 22 kan
645 1004 90 22 komma
750 1004 7 21 i
773 1004 90 27 mycket
878 1003 51 22 svär

108 1034 113 28 ställning,
238 1040 36 16 om
290 1034 44 22 den
348 1034 100 28 placerar
464 1034 48 22 sina
527 1034 221 28 tillgodohafvanden
763 1034 165 21 oändamälsen-

110 1064 47 28 ligt.
188 1064 51 22 Men
260 1064 61 22 detta
342 1064 65 22 beror
427 1064 28 28 pä
471 1064 98 22 bankens
585 1070 58 22 egen
658 1064 91 28 ledning
764 1064 41 22 och
821 1064 44 21 kan
881 1064 48 21 icke

110 1094 99 28 regleras
232 1094 26 21 af
278 1095 80 21 staten.
390 1094 229 28 Fordringsegarenas
643 1093 72 28 skydd
739 1094 74 21 består
834 1094 46 21 deri
896 1095 33 20 att

110 1124 88 21 banken
213 1125 26 20 är
253 1124 90 28 skyldig
359 1125 32 20 att
406 1124 42 21 tidt
464 1125 40 21 och
521 1124 47 21 ofta
583 1124 54 27 göra
652 1124 54 21 reda
720 1124 35 21 för
770 1124 34 21 sin
817 1124 111 27 ställning,
950 1127 2 2 '

109 1153 26 22 sä
155 1155 32 20 att
203 1154 84 21 enhvar
302 1154 44 21 kan
362 1153 55 28 följa
433 1154 58 26 med,
508 1154 56 21 huru
579 1154 89 21 banken
683 1159 111 22 opererar.
825 1153 10 21 I
851 1153 77 27 hvarje

110 1183 106 22 händelse
231 1190 67 20 synes
315 1184 37 21 det
367 1190 54 14 vara
437 1184 166 26 otvifvelaktigt
619 1185 32 19 att
667 1183 43 22 den
726 1183 136 27 myndighet,
879 1189 47 15 som

109 1219 55 21 eger
186 1215 33 19 att
241 1213 123 22 öfvervaka
387 1214 120 25 bankerna,
532 1213 76 22 dervid
624 1213 40 21 har
680 1214 32 20 att
727 1214 58 20 rätta
801 1213 34 27 sig
851 1212 78 22 endast

109 1243 59 21 efter
183 1243 103 27 gällande
302 1243 49 28 lags
366 1243 139 27 stadganden
521 1243 40 21 och
577 1243 48 21 icke
642 1242 57 22 efter
714 1243 28 21 de
753 1242 82 28 äsigter
845 1248 36 15 om
893 1244 36 19 än-

109 1272 185 28 damälsenlighet
310 1273 26 21 af
349 1272 126 22 bankernas
492 1272 144 28 placeringar,
653 1278 47 15 som
717 1272 34 22 för
767 1272 98 21 tillfället
875 1272 53 21 kun-

109 1308 30 16 na
154 1302 54 28 göra
224 1302 34 28 sig
273 1302 104 28 gällande
392 1302 41 22 hos
449 1302 253 28 styrelseledamöterna.
729 1302 40 21 Att
779 1302 69 21 saken
859 1301 69 21 mäste

110 1338 36 15 ses
167 1331 99 27 sälunda,
283 1331 97 29 framgär
395 1332 126 28 otvetydigt
536 1332 25 21 af
574 1332 133 28 stadgandet
723 1332 6 21 i
745 1332 12 26 $
774 1334 12 19 8
804 1332 6 20 i
826 1331 103 27 gällande

110 1361 97 29 banklag
223 1362 40 21 der
278 1362 38 21 det
331 1362 72 22 heter:
437 1361 127 29 ,Tillsynen
579 1361 104 22 deröfver
699 1363 33 19 att
747 1360 60 23 bank
821 1360 107 22 behöri-

110 1397 54 23 gen
180 1391 112 29 fullgör
307 1391 142 29 gällande
464 1391 233 29 lagstadganden
713 1391 51 21 och
781 1390 147 22 föreskrif-

110 1423 83 19 terna
212 1422 6 20 i
237 1422 65 20 dess
318 1427 71 21 egen
404 1421 229 27 bolagsordning
648 1421 129 22 ankommer
793 1420 12 22 ä
820 1420 109 22 Senatens

109 1450 284 27 Ekonomiedepartement,
409 1450 7 21 i
431 1450 104 21 hvilket
550 1450 127 21 afseende
693 1451 33 19 ett
741 1450 26 20 af
777 1449 98 21 Senaten
887 1449 41 21 till-

109 1480 46 20 satt
174 1479 87 28 publikt
281 1479 83 21 ombud
380 1485 19 15 o.
416 1485 17 15 s.
451 1480 34 20 v.*
517 1479 50 21 Den
583 1479 82 27 tillsyn,
682 1484 47 16 som
745 1478 135 22 tillkommer
895 1484 33 15 se-

109 1510 80 21 natens
213 1509 272 28 ekonomiedepartement
507 1514 80 23 genom
611 1508 38 22 det
669 1508 90 28 publika
775 1507 112 25 ombudet,
904 1508 25 21 är
