1100 1831
421 112 79 18 Helmik.
513 112 23 18 23
548 117 17 17 p.
828 115 43 19 289

83 178 31 3 —
129 166 41 22 och
186 166 62 22 detta
263 166 102 28 angifves
381 167 67 22 äfven
463 167 8 21 i
486 167 163 28 propositionen
664 166 33 22 till
715 169 55 19 1867
785 166 34 22 års
832 167 70 21 landt-

84 196 44 28 dag
152 209 26 2 —
203 197 34 21 att
260 196 171 29 nedsättningen
453 197 84 22 skedde
557 197 7 21 i
584 196 69 23 första
668 198 96 20 rummet
780 197 74 22 derför
869 198 34 20 att

85 226 125 22 inkomsten
233 227 26 21 af
279 227 194 21 bränvinsskatten
496 227 49 21 icke
569 227 75 22 räckte
664 226 34 22 till
716 229 34 19 att
765 228 83 20 ersätta
863 233 39 15 ens

85 256 44 22 den
151 256 97 22 inkomst
271 256 135 22 statsverket
429 256 60 22 förut
511 256 48 22 haft
582 256 71 22 såsom
677 256 123 28 ersättning
816 257 34 22 för
866 256 37 22 det

86 286 64 21 forna
172 286 216 26 bränvinsarrendet,
411 286 112 28 nämligen
546 289 93 23 660,000
655 286 70 26 mark,
741 286 61 28 långt
817 286 85 22 mindre

88 315 38 22 för
140 316 28 21 de
194 315 103 22 ändamål
324 316 119 21 ständerna
467 316 76 28 afsågo
567 317 32 20 att
623 316 50 22 med
695 315 43 22 den
753 322 45 21 nya
813 316 90 22 skatten

84 345 74 22 skulle
174 345 72 27 fyllas.
278 345 51 22 Men
348 345 56 22 både
420 346 162 28 propositionen
598 346 41 22 och
656 346 67 22 äfven
738 346 165 28 behandlingen

84 375 60 22 inom
168 374 93 23 stånden
284 375 73 28 gifver
379 375 37 22 vid
440 376 88 22 handen
547 377 32 20 att
595 382 27 16 en
637 382 73 16 annan
726 376 114 28 synpunkt
856 376 47 21 der-

84 405 69 28 jemte
172 411 40 16 var
232 405 176 26 bestämmande,
427 405 112 29 nämligen
558 406 90 22 fruktan
667 405 34 22 för
717 407 33 20 att
766 406 48 25 den,
830 405 73 22 såsom

86 441 51 16 man
160 434 27 22 då
210 435 75 28 ansåg.
307 436 59 27 höga
383 435 170 29 beskattningen
574 436 72 22 skulle
666 436 117 22 framkalla
802 436 100 21 lönbrän-

86 466 46 21 neri
156 465 40 21 och
220 465 153 28 hvarjehanha
395 466 54 21 svek
473 466 41 22 och
534 466 142 28 bedrägerier
694 467 58 21 samt
768 466 134 28 smuggling.

85 494 82 23 Derför
189 496 81 27 antogo
294 495 67 22 också
385 495 118 22 ständerna
522 496 36 21 vid
576 502 85 16 samma
677 496 107 28 landtdag
800 502 27 15 en
843 496 60 22 skatt

87 525 34 22 för
136 525 94 22 bränvin
244 526 26 20 af
283 528 10 19 1
306 525 63 22 mark
378 532 39 22 per
426 526 79 27 kanna,
515 526 155 22 motsvarande
679 528 26 20 38
716 526 65 28 penni
791 532 39 22 per
846 526 55 22 liter:

156 554 64 23 Efter
235 555 72 22 denna
317 555 32 21 tid
360 555 40 22 har
410 555 88 22 skatten
509 555 137 29 småningom
656 555 48 22 åter
714 556 74 21 blifvit
799 555 103 23 förökad:

85 584 43 22 Vid
146 587 55 19 1877
218 584 34 22 års
268 585 108 27 landtdag
390 585 34 21 till
446 588 4 18 1
471 586 61 21 mark
548 588 27 19 20
591 586 65 28 penni
673 592 39 21 per
727 586 80 25 kanna,
819 586 20 21 d.
851 592 21 15 v.
884 592 17 15 s.

87 614 156 22 motsvarande
267 618 25 18 51
314 616 67 26 penni
397 621 40 21 per
452 614 55 28 liter,
524 615 37 21 vid
580 618 54 19 1885
651 614 34 23 ärs
701 615 107 28 landtdag
824 615 33 22 till
874 618 26 19 61

86 644 65 29 penni
175 650 39 23 per
235 644 57 27 liter,
308 644 37 22 vid
363 648 55 18 1888
435 644 34 23 ärs
485 645 106 28 landtdag
606 645 32 21 till
656 648 27 18 62
699 646 73 27 penni,
789 645 37 22 vid
845 648 55 19 1891

85 674 36 21 ärs
142 674 108 28 landtdag
273 675 33 21 till
330 677 26 19 65
382 674 65 28 penni
466 675 40 22 och
525 675 36 22 vid
579 677 56 20 1894
651 675 34 21 års
701 675 107 28 landtdag
824 675 33 22 till
874 678 28 18 70

86 704 72 28 penni.
190 704 85 22 Genom
299 704 51 21 hela
375 705 73 20 denna
465 705 76 28 period
557 705 39 28 gär
611 704 85 22 säledes
713 711 27 15 en
757 705 89 22 fortsatt
861 705 41 21 och

84 735 63 27 jemn
170 734 99 29 stegring
292 734 26 21 af
334 733 43 23 den
395 735 126 26 skattesats,
537 741 46 16 som
601 741 50 15 man
667 736 73 20 ansett
756 741 54 15 vara
826 735 77 28 möjlig

85 765 34 21 att
137 764 95 28 pälägga
250 764 277 29 bränvinstillverkningen
543 765 34 22 för
592 766 33 20 att
640 765 97 21 undvika
752 765 45 21 alla
813 765 27 22 de
855 764 48 23 svä-

86 794 104 28 righeter,
207 800 47 16 som
273 795 75 21 kunna
364 794 86 29 uppstä,
466 801 35 16 om
518 795 88 22 skatten
621 795 138 21 omedelbart
774 795 69 22 sättes
854 795 48 21 allt-

87 824 35 22 för
137 824 50 28 hög.
218 824 84 22 Härvid
320 824 93 23 inverka
429 825 80 28 mänga
524 825 159 26 förhällanden,
699 831 48 16 som
763 826 38 20 äro
817 825 86 29 egnade

87 855 33 21 att
137 854 117 22 framkalla
270 855 64 21 dessa
353 854 144 29 svärigheter,
512 855 8 21 i
536 855 92 22 främsta
644 857 97 20 rummet
756 855 148 27 lönbränning

86 884 42 22 och
150 884 133 29 smuggling.
316 884 40 22 Om
381 885 139 28 sädesprisen
543 885 34 21 stä
592 885 75 21 alltför
685 884 52 28 lägt,
753 885 24 21 sä
792 885 71 28 ligger
877 885 26 27 ju

86 914 47 22 deri
156 914 138 22 omedelbart
316 920 28 16 en
368 915 102 21 frestelse
493 916 34 20 att
548 915 103 28 begagna
675 915 34 27 sig
729 915 26 21 af
769 915 43 21 den
827 915 76 27 billiga

86 944 129 28 spanmälen
231 945 34 22 för
280 945 33 20 att
328 945 122 28 producera
466 945 99 26 bränvin,
581 945 84 21 hvilket
681 945 73 27 gifver
769 951 28 15 en
808 944 95 22 förträff-

86 975 30 27 lig
139 975 103 21 inkomst.
274 974 46 22 Der
343 981 28 15 en
392 975 71 21 tätare
480 975 130 28 befolkning
625 975 70 21 finnes
711 975 7 22 i
733 975 70 21 andra
818 975 84 22 länder,

86 1004 40 22 der
141 1005 86 21 säledes
243 1005 169 22 konsumtionen
428 1005 26 22 af
467 1005 186 28 sädesprodukter
669 1005 24 21 är
705 1007 47 20 stor
762 1005 41 22 och
815 1005 39 21 der
865 1005 38 21 det

86 1034 112 23 allmänna
214 1034 125 23 välständet
354 1036 25 20 är
394 1035 60 28 högt,
471 1035 39 22 der
525 1035 80 22 verkar
620 1035 49 21 icke
685 1041 27 16 en
728 1035 69 28 högre
808 1035 61 22 skatt
880 1035 24 21 sä

86 1065 138 22 omedelbart
247 1065 130 22 förledande
399 1065 33 22 till
455 1066 33 20 att
510 1065 55 22 söka
583 1064 92 29 kringgä
693 1065 171 28 beskattningen
880 1065 26 22 af

86 1095 140 28 rusdrycker.
257 1095 47 22 Och
320 1095 68 22 likväl
404 1096 25 21 är
445 1095 72 22 denna
531 1095 143 28 beskattning
685 1095 7 22 i
703 1095 55 22 flere
768 1095 77 22 länder
855 1095 49 22 icke

86 1125 25 22 sä
126 1125 44 28 hög
186 1127 32 20 att
234 1125 42 22 den
295 1125 77 28 skiljer
387 1125 34 28 sig
437 1125 120 28 väsentligt
572 1125 48 22 frän
635 1125 60 22 hvad
711 1124 147 23 förhällandet
874 1131 30 16 nu

86 1155 26 22 är
126 1155 7 22 i
149 1155 49 22 vårt
213 1155 58 22 land.
303 1155 9 22 I
329 1155 133 28 föregående
480 1155 251 28 landtdagshandlingar
746 1155 106 28 upplyses
868 1161 34 15 om

86 1187 34 20 att
135 1185 169 28 beskattningen
321 1185 7 22 i
344 1185 93 28 Sverige
452 1185 66 28 utgör
532 1188 27 19 70
570 1185 66 28 penni
646 1191 39 22 per
696 1185 57 25 liter,
769 1185 2 21 i
782 1185 122 22 Frankrike

88 1218 27 19 80
139 1215 73 28 penni.
243 1215 10 21 I
276 1215 115 28 Tyskland
413 1215 40 21 har
477 1221 51 16 man
552 1215 98 22 faststält
673 1215 58 22 olika
750 1215 154 28 skattebelopp

86 1245 94 22 sålunda
202 1247 39 24 att,
265 1251 35 16 om
321 1245 214 28 bränvinsbränning
550 1245 113 22 bedrifves
678 1245 7 21 i
701 1245 136 22 förbindelse
853 1245 51 21 med

87 1275 125 26 landtbruk,
231 1275 88 22 skatten
338 1275 65 28 utgör
419 1275 79 22 endast
513 1277 27 20 62
557 1274 72 29 penni,
646 1281 51 16 men
712 1281 36 15 om
765 1275 43 21 den
822 1274 82 22 bedrif-

87 1311 39 15 ves
142 1305 7 21 i
164 1305 115 22 industriel
302 1305 211 27 fabriksinrättning,
534 1305 89 21 skatten
638 1304 85 29 uppgär
738 1305 33 21 till
788 1307 26 19 85
831 1304 72 28 penni.

88 1334 50 22 Men
154 1335 50 21 med
220 1335 73 21 denna
308 1334 143 28 beskattning
467 1334 33 22 fär
514 1335 117 21 bränvinet
646 1335 69 20 sedan
731 1333 93 29 öfvergä
839 1334 7 21 i
862 1335 43 20 den

87 1364 113 22 allmänna
210 1364 99 22 rörelsen
320 1364 41 22 och
373 1364 47 22 fritt
431 1365 168 27 transporteras,
609 1363 70 28 köpas
689 1364 41 21 och
741 1364 75 27 säljas.
843 1363 9 22 I
863 1364 41 21 Ita-

87 1394 45 21 lien
154 1394 58 21 hade
231 1401 51 15 man
298 1393 70 23 under
384 1400 27 15 en
427 1393 56 28 följd
499 1394 26 21 af
538 1393 23 23 år
577 1394 60 21 skatt
651 1393 28 28 på
693 1393 95 22 bränvin
803 1393 101 29 stigande

87 1423 34 21 till
138 1426 11 18 1
167 1424 62 21 mark
245 1427 27 19 20
288 1423 66 28 penni
370 1430 39 21 per
424 1423 50 22 liter
489 1423 35 22 för
539 1423 132 28 produktion
687 1423 42 21 och
745 1427 27 17 20
788 1423 65 27 penni
871 1423 35 21 för

88 1452 138 30 försäljning.
259 1454 50 20 Men
332 1459 52 14 man
406 1452 85 28 yrkade
509 1453 26 20 af
547 1452 154 27 mängahanda
715 1452 49 21 skäl
779 1452 29 27 pä
823 1452 82 26 förhöj-

87 1482 59 27 ning.
178 1483 34 20 År
237 1484 55 20 1887
316 1481 100 22 försökte
439 1488 52 15 man
513 1481 66 22 också
596 1481 73 21 införa
689 1487 28 15 en
731 1481 67 26 skatt,
814 1480 91 22 tillsam-

88 1516 63 18 mans
172 1511 110 29 utgäende
303 1511 49 22 med
370 1514 10 19 1
398 1511 63 22 mark
477 1513 27 19 80
520 1510 66 28 penni
601 1516 40 22 per
656 1510 56 22 liter.
744 1510 50 22 Den
810 1510 96 22 omedel-

813 1552 21 18 19
