1109 1803
433 117 84 28 Maalisk
537 128 22 18 26
572 133 17 17 p.
849 131 41 18 585

97 182 70 21 hafva
182 181 113 23 befunnits
311 187 48 16 mer
374 181 102 28 vägande
492 183 29 21 än
537 182 28 22 de
581 182 108 27 formella,
706 183 75 21 hvilka
797 182 76 22 kunna
885 189 36 15 an-

98 218 36 15 ses
157 211 47 22 tala
219 211 106 22 deremot.
357 211 51 22 Man
423 212 45 22 kan
483 212 66 22 ocksä
567 212 94 29 beklaga
676 213 33 20 att
724 213 119 27 kejserliga
859 219 62 15 sena-

99 243 38 20 ten
158 241 50 22 icke
224 241 40 22 har
280 243 73 20 ansett
368 241 35 28 sig
417 241 55 22 böra
488 242 74 22 lemna
577 241 68 29 nägot
660 241 39 22 räd
714 242 7 21 i
737 242 63 22 detta
815 243 107 21 afseende

98 271 24 22 ät
138 271 122 22 monarken
275 273 61 24 utan,
353 271 72 22 säsom
441 277 67 22 synes
524 273 25 21 af
564 272 37 21 det
617 272 145 27 fullständiga
772 272 89 25 referat,
873 278 48 15 som

98 301 110 22 utskottet
231 301 39 21 har
293 302 84 21 lemnat
399 301 27 22 af
446 301 121 29 kejserliga
589 303 104 20 senatens
715 302 112 27 yttrande,
843 302 79 21 endast

100 330 121 23 framhållit
244 331 27 21 de
295 331 59 22 olika
370 331 144 28 synpunkter,
536 331 49 22 från
604 331 75 22 hvilka
695 331 78 28 frågan
789 331 74 22 kunde
879 337 42 20 ses,

100 361 42 21 och
166 361 149 21 öfverlemnat
338 361 51 21 dess
404 361 123 28 afgörande
542 361 34 22 till
592 361 60 22 Hans
668 361 126 28 Kejserliga
811 361 110 27 Majestät,

100 392 54 20 utan
176 392 34 20 att
225 392 92 21 senaten
333 390 41 22 har
390 391 73 23 funnit
479 391 48 22 skäl
543 392 39 25 att,
599 391 72 22 säsom
687 397 52 15 man
754 391 85 22 kunnat
854 392 68 21 vänta

98 421 27 22 af
145 420 27 22 H.
197 420 26 22 K.
249 420 40 22 M:s
313 420 133 28 rädgifvare,
467 421 62 28 gifva
552 420 67 29 något
635 420 45 27 råd,
696 422 7 20 i
719 421 90 21 hvilken
825 421 97 28 riktning

98 451 44 21 den
158 450 69 28 ansåg
243 452 33 20 att
292 450 80 28 frågan
387 451 127 28 lämpligast
529 451 70 22 borde
616 451 96 28 afgöras.

169 480 66 22 Hvad
251 487 51 15 man
317 480 40 22 vill
372 480 70 22 uttala
458 481 6 21 i
481 481 62 21 detta
558 481 112 26 afseende,
687 482 25 20 är
727 481 142 21 emellertid
862 476 14 35 i
885 481 37 21 det

98 510 70 22 skede
192 510 78 28 frågan
290 517 30 15 nu
336 510 99 22 befinner
450 511 34 27 sig
500 511 25 22 af
540 511 85 21 mindre
641 511 122 27 betydelse.
795 510 125 22 Ständerna

98 540 34 22 stå
148 546 29 16 nu
194 540 35 22 för
244 540 43 22 den
304 540 87 28 frågan:
422 540 65 23 Hvad
502 540 41 22 bör
558 540 101 29 tillgöras
675 541 50 21 med
741 540 106 22 afseende
858 540 12 22 å
881 541 38 21 det

98 570 130 28 lagförslag,
252 576 48 16 som
323 571 25 21 är
369 570 164 22 öfverlemnadt
547 570 35 22 till
597 570 131 22 ständernas
743 570 130 28 afgörande,
889 570 32 22 så-

100 600 53 22 dant
168 600 63 22 detta
247 600 84 28 förslag
346 601 7 21 i
369 600 42 22 den
427 600 80 28 nådiga
523 600 164 28 propositionen
703 602 25 20 är
738 600 120 22 affattadt?
878 600 44 22 Det

98 631 26 20 är
147 630 82 28 tydligt
252 632 33 20 att
308 632 78 20 trenne
409 630 59 22 olika
491 631 96 27 utvägar
602 630 93 28 erbjuda
711 630 44 28 sig:
785 630 88 22 Endera
889 632 33 20 att

98 660 121 22 ständerna
235 662 82 26 antaga
333 660 43 22 den
391 660 79 28 nådiga
487 661 166 27 propositionen
668 662 53 20 utan
737 660 125 28 väsentliga
878 660 43 21 för-

98 689 131 29 ändringar;
253 690 55 22 eller
331 691 33 21 att
384 690 120 22 ständerna
520 690 98 22 förklara
634 690 34 28 sig
683 690 49 22 icke
748 690 75 22 kunna
840 691 82 27 antaga

99 720 43 21 den
157 719 83 29 nådiga
255 720 165 27 propositionen
435 719 69 22 sådan
519 720 44 21 den
579 726 29 15 nu
625 720 129 27 föreligger;
771 720 54 21 eller
836 720 41 21 ock
889 721 32 20 att

99 749 120 22 ständerna
235 749 81 22 föreslå
332 749 154 28 förändringar
501 750 7 21 i
526 749 130 22 densamma
671 749 7 22 i
690 749 43 22 den
743 749 104 28 riktning,
859 749 62 22 hvari

98 779 121 22 ständerna
241 779 60 22 förut
317 779 68 22 hafva
400 779 81 22 uttalat
497 779 40 28 sig.
569 779 44 22 Det
629 779 24 22 är
669 779 43 22 den
727 779 73 27 tredje
816 780 105 27 utvägen,

100 809 20 21 d.
138 815 20 16 v.
175 815 17 16 s.
209 811 33 20 att
257 810 121 21 ständerna
392 816 31 15 nu
440 809 67 22 borde
523 809 102 28 företaga
641 809 26 22 af
680 809 189 22 sakförhällandet
884 809 36 27 pä-

100 839 89 22 kallade
205 839 155 28 förändringar
375 839 7 22 i
398 839 43 21 den
456 839 80 28 nädiga
552 839 171 28 propositionen,
740 845 47 16 som
799 839 122 27 tillstyrkes

99 869 27 22 af
146 869 28 22 de
197 871 148 24 reservanter,
361 875 48 16 som
425 869 161 22 undertecknat
601 869 173 26 reservationen,
790 869 91 21 hvilken
897 869 24 20 är

99 899 92 28 bifogad
207 899 254 22 utskottsbetänkandet.
493 899 43 28 Jag
552 899 124 28 medgifver
691 899 73 28 villigt
774 900 33 20 att
818 899 27 21 de
855 905 66 21 grun-

100 929 46 27 der,
173 935 47 16 som
244 930 169 21 reservanterna
437 929 78 22 anföra
539 929 35 22 för
595 930 32 21 ett
643 928 78 23 sädant
737 929 90 28 förslag,
844 929 38 21 äro
898 929 25 21 af

99 959 54 28 vigt.
186 959 34 28 Ty
243 961 54 20 utan
321 959 79 22 tvifvel
423 959 72 22 skulle
518 959 67 29 lagen
608 959 67 22 vinna
698 959 6 22 i
723 959 140 22 konsekvens
880 958 41 22 och

98 989 146 28 egentlighet,
260 995 35 16 om
313 989 38 22 det
367 989 70 22 första
453 989 93 28 kapitlet
562 989 7 22 i
585 989 43 22 den
644 989 176 22 administrativa
837 988 84 22 förord-

99 1019 89 28 ningen,
212 1019 38 22 det
272 1018 91 29 kapitel,
379 1026 47 15 som
447 1019 94 22 handlar
557 1025 36 16 om
610 1019 92 22 föremäl
719 1019 34 22 för
769 1019 42 22 och
826 1019 45 21 rätt
886 1018 35 22 till

98 1050 84 27 patent,
206 1049 24 22 sä
254 1050 41 21 ock
320 1055 37 16 om
372 1049 116 28 patenttid,
505 1049 72 22 skulle
594 1049 60 22 bilda
669 1049 83 26 sjelfva
767 1049 102 28 grunden
886 1048 35 22 för

99 1079 249 29 ständerförordningen
371 1079 7 21 i
402 1080 81 20 ämnet.
515 1079 50 22 Men
585 1079 40 28 jag
640 1079 45 21 kan
701 1079 56 21 dock
773 1079 36 21 för
824 1079 44 21 min
885 1078 36 22 del

98 1109 50 22 icke
163 1109 112 28 tillstyrka
291 1109 162 29 godkännande
469 1109 25 22 af
507 1111 181 20 reservanternas
705 1109 90 28 förslag,
812 1110 53 20 utan
876 1108 45 22 häl-

98 1139 33 21 ler
154 1139 48 22 före
225 1140 34 21 att
281 1140 120 21 ständerna
423 1146 30 15 nu
468 1139 49 22 icke
533 1139 70 22 hafva
618 1145 73 15 annan
707 1140 69 27 utväg
792 1140 28 20 än
836 1140 33 20 att
884 1144 37 16 an-

98 1169 77 28 tingen
199 1171 81 26 antaga
303 1169 165 28 propositionen
491 1169 7 21 i
522 1169 38 22 det
576 1168 124 29 väsentliga
717 1168 133 22 oförändrad
867 1168 54 21 eller

99 1198 67 23 ocksä
185 1199 99 22 förklara
299 1200 32 21 att
347 1199 164 28 propositionen
526 1200 7 21 i
549 1199 44 22 den
609 1199 63 26 form,
689 1199 42 21 den
748 1204 30 16 nu
795 1198 126 28 föreligger,

97 1229 50 21 icke
170 1229 45 22 kan
237 1231 100 26 antagas.
369 1229 43 27 Jag
435 1228 38 29 gär
497 1231 24 20 ut
544 1228 57 23 ifrän
621 1228 43 22 den
679 1229 142 27 synpunkten
837 1229 39 25 att,
893 1227 28 22 dä

97 1259 121 22 ständerna
233 1259 68 22 hafva
321 1259 96 27 förelagt
433 1259 60 21 Hans
509 1259 106 28 Majestät
631 1259 130 21 ständernas
778 1258 142 28 uppfattning

98 1289 7 21 i
122 1288 85 29 frägan,
223 1289 140 28 fullständigt
380 1289 123 21 motiverad
519 1289 42 21 och
571 1288 126 29 preciserad
707 1288 8 22 i
725 1288 148 28 lagförslaget
884 1287 37 21 vid

100 1321 56 19 1894
178 1318 35 22 ärs
233 1319 114 27 landtdag,
363 1318 25 22 sä
403 1318 71 22 mäste
490 1325 51 16 man
557 1320 81 26 antaga
654 1320 33 20 att
702 1318 111 27 styrelsen
828 1318 40 21 har
885 1323 36 21 eg-

98 1349 39 21 nat
152 1348 73 22 denna
241 1348 131 22 ständernas
388 1348 165 28 framställning
569 1354 28 16 en
613 1348 130 28 fullständig
759 1348 41 21 och
813 1346 109 29 ingående

97 1378 138 28 granskning
257 1378 42 22 och
323 1378 104 28 pröfning
448 1378 41 22 och
505 1380 32 20 att
553 1378 38 22 det
607 1378 91 28 förslag,
714 1384 48 15 som
779 1377 120 28 föreligger
915 1377 7 21 i

98 1408 44 22 den
162 1408 34 22 till
217 1408 121 22 ständerna
353 1408 162 22 framlemnade
531 1408 80 28 nådiga
627 1407 171 29 propositionen,
814 1408 25 20 är
855 1407 65 21 fram-

97 1437 83 27 gänget
203 1438 26 21 af
251 1443 28 15 en
294 1438 69 21 sädan
380 1438 89 26 allsidig
485 1438 105 27 pröfning
605 1438 41 20 och
662 1437 123 20 innehäller
800 1436 122 27 styrelsens

99 1465 27 28 pä
142 1465 145 29 fullständiga
303 1466 98 27 grunder
417 1466 76 21 fotade
508 1466 41 21 och
561 1466 34 21 för
605 1466 111 26 styrelsen
728 1465 112 22 bindande
850 1464 73 22 ständ-

98 1495 71 28 punkt
184 1495 8 22 i
208 1495 85 28 frägan.
