1109 1828
439 127 76 19 Hnhtik.
529 129 10 17 8
551 133 18 18 p.
852 129 42 20 725

104 181 123 30 lagförslag
242 183 80 21 nästan
337 181 144 23 oförändradt
492 182 126 28 förelägges
629 181 120 22 ständerna
759 181 42 22 och
811 181 38 22 det
860 181 65 28 göres

103 212 73 22 under
190 211 141 29 åberopande
346 212 66 22 deraf
420 213 33 21 att
463 211 146 29 likställighet
619 212 41 22 bör
670 211 162 28 åvägabringas
843 211 82 22 mellan

104 242 58 22 finsk
182 248 29 16 on
228 242 54 27 rysk
301 241 147 29 lagstiftning.
479 242 74 22 Nekas
572 241 45 23 kan
631 242 26 27 ju
671 241 56 28 icke,
743 247 37 16 om
796 247 52 16 man
862 241 8 22 i
885 241 39 22 all-

104 272 91 21 mänhet
218 271 115 28 uppfattar
355 271 76 28 saken,
455 273 34 20 att
513 271 28 22 då
562 271 58 22 finsk
643 271 107 22 domstols
773 271 74 28 utslag
863 271 62 28 går
914 267 14 36 i

104 301 170 28 verkställighet
287 301 4 22 i
301 301 118 28 Ryssland,
436 302 38 21 det
489 307 67 22 synes
572 307 55 16 vara
641 301 52 22 med
709 302 44 21 rätt
768 301 42 22 och
824 300 102 29 billighet

104 331 233 22 öfverenstämmande
360 333 33 20 att
416 331 67 22 också
505 331 54 28 rysk
582 331 107 22 domstols
712 331 75 28 utslag
805 331 8 21 i
831 330 94 23 Finland

103 361 133 22 verkställes
252 362 54 20 utan
321 362 34 20 att
370 361 44 21 den
428 361 148 22 underställes
592 367 28 15 en
631 361 140 21 förvaltande
783 361 141 27 myndighets

104 390 109 29 pröfning.
245 390 43 22 För
304 390 50 28 den,
370 397 48 15 som
433 391 50 22 icke
499 392 25 20 är
543 390 140 28 fullständigt
702 390 89 22 hemma
806 390 8 22 i
830 390 27 22 de
871 390 53 28 juri-

104 420 64 23 diska
184 420 118 27 formerna,
319 420 115 23 förefaller
449 421 62 22 detta
527 427 48 16 som
591 427 28 16 en
635 420 157 29 oegentlighet.

175 451 42 21 Om
239 450 86 22 säledes
345 457 31 15 nu
394 451 79 22 endast
494 451 144 22 ekonomiska
654 451 41 21 och
712 450 89 22 formelt
816 450 109 29 juridiska

103 481 111 22 intressen
229 480 46 22 tala
290 481 47 21 mot
353 482 32 20 ett
400 481 169 28 godkännande,
585 487 68 22 synes
668 480 39 22 det
721 480 47 28 mig
783 481 33 21 att
832 481 28 21 de
870 480 54 28 poli-

103 511 64 26 tiska,
183 510 179 22 internationella
377 510 123 23 intressena
513 511 54 22 böra
579 511 68 22 hafva
658 510 112 22 företräde
781 510 36 22 för
827 511 33 21 att
870 510 54 27 möj-

103 540 86 29 liggöra
210 546 28 15 en
257 540 156 22 internationel
435 541 141 28 lagstiftning
591 540 97 22 emellan
703 540 165 28 kejsaredömet
883 540 42 21 och

103 570 100 22 Finland.
230 570 157 22 Förhällandet
402 576 67 22 synes
485 571 46 28 mig
546 577 55 15 vara
616 571 97 27 ungefär
728 570 131 27 detsamma,
875 576 48 15 som

104 600 28 22 dä
150 599 132 29 regeringen
297 600 7 21 i
320 600 70 22 andra
408 600 191 23 konstitutionella
616 600 78 22 länder
710 599 127 29 förelägger
851 606 73 22 repre-

104 629 140 23 sentationen
267 631 32 20 ett
321 629 124 29 lagförslag
469 630 41 21 och
533 630 62 22 detta
611 630 26 21 af
650 629 180 29 repsentationen
845 635 79 22 uppre-

103 660 57 28 pade
176 659 83 28 gänger
276 659 118 22 förkastas.
421 659 35 22 Dä
471 660 91 28 uppstär
578 659 89 28 frägan:
683 665 66 16 anser
760 665 50 16 man
821 659 38 22 det
869 665 55 16 vara

103 689 26 22 af
137 689 47 28 vigt
195 690 34 21 att
239 695 28 16 en
277 689 78 28 slutlig
369 689 88 28 lösning
473 689 164 22 ästadkommes
653 689 54 22 eller
717 689 39 22 vill
772 695 51 16 man
833 689 91 22 kvarstå

103 719 28 28 pä
141 725 86 15 samma
242 719 136 27 ständpunkt
393 719 26 21 af
433 719 136 28 fullkomligt
578 719 137 27 afböjande?
738 718 45 22 Det
793 725 68 21 synes
872 719 52 28 mig,

102 754 48 16 som
166 754 37 16 om
218 748 120 22 ständerna
353 748 8 22 i
376 748 62 22 detta
454 748 40 22 fall
510 748 41 22 fätt
567 748 138 28 fullkomligt
720 748 97 22 uttaladt
833 749 32 21 att
881 748 43 22 den

104 778 70 22 andra
189 778 149 22 statsmakten
353 778 49 22 icke
418 778 39 22 vill
472 778 51 28 ingä
538 778 28 28 pä
581 778 28 22 de
625 778 160 28 förändringar,
802 784 47 16 som
865 779 58 21 stän-

103 808 69 22 derna
194 808 68 22 hafva
285 809 55 21 trott
362 808 35 28 sig
419 808 55 22 böra
494 808 73 22 införa
581 808 8 22 i
604 808 73 28 lagen,
699 808 41 22 och
759 808 71 22 under
845 808 79 22 sädant

102 837 138 23 förhällande
263 838 35 21 stä
320 838 120 22 ständerna
459 838 25 28 ju
505 838 37 22 vid
563 838 140 28 afgörandet,
722 844 37 16 om
777 838 147 28 lagförslaget

102 868 47 22 helt
172 868 41 22 och
237 867 68 22 hället
328 868 41 22 bör
394 868 111 22 förkastas
529 868 41 22 och
593 868 96 22 förfalla
721 867 33 22 Ur
777 868 73 22 denna
873 874 50 22 syn-

102 898 71 28 punkt
188 904 67 22 synes
272 897 45 29 mig
332 898 50 22 icke
398 898 69 22 heller
484 899 33 21 ett
531 898 79 22 sådant
625 897 120 23 alternativ
760 904 54 16 vara
829 897 93 30 att"för-

102 928 60 25 orda,
182 933 48 16 som
250 928 167 22 reservationen
440 928 117 22 framstält.
589 928 42 22 Om
652 934 50 15 man
718 927 74 23 kunde
807 928 57 27 hysa
880 928 43 21 den

101 957 98 28 ringaste
219 957 150 28 förhoppning
389 959 33 20 att
441 958 43 21 den
500 957 69 22 andra
585 957 147 23 statsmakten
748 957 72 22 skulle
835 957 39 22 vid
889 964 34 15 sa-

101 987 55 22 kens
179 987 136 29 behandling
333 987 36 22 för
389 987 72 28 fjerde
482 987 87 28 gängen
584 989 53 26 taga
652 987 7 21 i
675 987 147 22 betraktande
837 993 86 16 samma

102 1017 144 28 synpunkter,
270 1017 76 22 hvilka
370 1017 60 22 förut
453 1017 114 28 förgäfves
586 1017 129 26 framstälts,
731 1017 28 22 dä
775 1023 53 16 vore
844 1017 38 22 det
895 1017 27 28 ju

101 1047 135 22 motiveradt
251 1048 33 20 att
298 1048 124 27 yttermera
437 1047 59 22 hålla
511 1046 28 29 pä
554 1047 28 22 de
598 1053 91 16 samma.
716 1047 52 22 Men
783 1046 28 22 dä
826 1047 30 22 all
872 1053 49 15 san-

101 1076 100 22 nolikhet
216 1077 120 21 förefinnes
352 1078 33 20 att
401 1077 115 21 desamma
531 1077 48 22 icke
595 1077 63 21 skola
668 1077 101 26 beaktas,
780 1077 95 21 emedan
885 1077 38 21 det

101 1112 54 16 vore
174 1112 28 16 en
223 1106 132 29 fullständig
377 1106 170 27 inkonsekvens,
564 1106 25 23 sä
606 1106 44 22 kan
665 1106 40 29 jag
720 1106 49 22 icke
784 1106 90 22 komma
889 1106 34 22 till

101 1136 69 29 något
192 1138 67 20 annat
282 1136 101 27 resultat,
403 1137 28 21 än
449 1138 34 20 att
501 1137 119 21 ständerna
635 1136 72 22 under
722 1136 161 22 framhällande
899 1136 26 21 af

100 1166 35 22 sin
153 1166 120 22 afvikande
296 1166 143 28 uppfattning
457 1166 69 22 likväl
542 1166 35 22 för
592 1168 33 20 att
641 1166 133 28 möjliggöra
789 1172 28 16 en
833 1172 90 22 gemen-

100 1202 48 16 sam
168 1196 55 22 eller
241 1196 28 22 de
288 1196 73 28 bägge
379 1196 107 22 länderna
504 1196 123 22 herörande
643 1196 140 28 lagstiftning
798 1196 55 22 böra
868 1195 53 29 god-

100 1226 76 22 känna
190 1226 171 28 propositionen.

172 1256 43 28 Jag
233 1257 34 21 tar
285 1256 46 28 mig
350 1256 75 22 derför
444 1256 95 22 friheten
555 1257 33 20 att
604 1255 83 22 föreslä
703 1255 100 28 följande
819 1255 103 23 formule-

100 1286 56 28 ring,
172 1291 48 16 som
236 1286 33 21 till
287 1286 39 21 sitt
343 1285 97 22 innehäll
463 1286 131 27 visserligen
617 1285 152 29 ädagalägger
792 1286 131 21 ständernas

100 1314 142 29 ständpunkt,
258 1321 51 15 men
331 1314 50 22 icke
397 1315 82 21 uttalar
495 1316 33 20 ett
543 1314 124 22 alternativ.
696 1314 90 26 ,Ehuru
801 1315 122 21 ständerna

100 1344 139 23 fortfarande
253 1345 58 27 hysa
326 1344 44 22 den
380 1344 38 22 vid
434 1344 135 28 föregäende
579 1344 167 22 ständermöten
757 1344 100 22 uttalade
868 1350 54 22 upp-

101 1374 102 28 fattning,
220 1376 33 20 att
270 1374 170 28 ifrägavarande
455 1374 124 28 lagförslag
595 1374 108 28 upphöjdt
714 1374 34 21 till
759 1374 38 28 lag
807 1374 44 22 kan
861 1374 61 21 kom-

100 1410 37 17 ma
152 1406 33 20 att
195 1404 38 22 vid
248 1404 170 28 tillämpningen
434 1404 118 22 framkalla
568 1403 114 29 svärighet
697 1404 41 21 och
757 1404 120 28 olägenhet
888 1403 35 22 för

100 1435 43 21 den
159 1434 106 27 enskilde,
281 1434 70 22 hafva
365 1434 121 21 ständerna
501 1434 76 26 likväl,
593 1434 164 28 uppskattande
768 1434 77 28 vigten
856 1434 26 21 af
890 1435 33 20 att

99 1464 194 26 samstämmighet
315 1463 64 21 ernäs
402 1463 83 21 mellan
508 1463 103 27 regering
627 1464 42 20 och
685 1463 91 21 ständer
791 1463 8 20 i
815 1469 27 15 en
859 1463 64 27 fräga

99 1492 26 22 af
138 1492 130 28 ömsesidigt
283 1492 94 22 intresse
394 1492 35 21 för
444 1492 150 21 innevänarne
609 1492 7 21 i
627 1492 172 27 Kejsaredömet
815 1492 41 21 och
872 1492 50 21 Fin-

99 1522 59 27 land,
176 1521 34 23 för
226 1522 34 22 sin
275 1522 37 22 del
327 1522 101 28 godkänt
443 1521 44 23 den
502 1521 81 29 nådiga
598 1521 187 29 propositionen.”

170 1552 124 22 Professori
311 1552 105 21 Forsman:
432 1550 72 24 Herra
518 1551 121 28 Blomberg
655 1558 27 15 on
699 1552 88 21 ottanut
802 1551 120 22 todistaak-

100 1588 65 16 sensa
188 1583 47 21 että
257 1582 178 28 puheenalainen
455 1581 131 22 armollinen
607 1582 69 27 esitys
697 1584 32 24 on
745 1582 66 21 aivan
827 1581 96 22 oikealla
