1103 1814
439 112 85 19 Maalisk.
538 114 10 16 2
561 118 17 18 p.
845 117 41 19 319

99 167 33 21 att
147 166 90 28 deltaga
252 166 7 21 i
274 166 174 28 lagstiftningen,
473 167 73 22 såvidt
569 168 42 21 den
634 167 36 22 rör
691 168 82 27 sjelfva
791 168 126 27 grunderna

98 196 35 22 för
148 196 247 28 yrkesverksamheten,
411 197 70 21 under
497 197 37 22 det
549 198 33 21 att
592 196 23 23 åt
625 198 43 21 den
683 198 177 22 administrativa
870 198 47 28 lag-

98 226 132 28 stiftningen
251 226 148 22 öfverlemnas
420 226 51 22 hela
491 227 228 28 detaljanordningen,
739 228 178 22 bestämmandet

99 256 26 22 af
137 256 75 25 sättet,
228 256 57 21 huru
301 256 65 22 dessa
381 256 97 27 grunder
494 256 62 22 skola
572 256 117 28 tillämpas.
714 257 45 21 Det
774 258 25 20 är
814 260 103 25 nogsamt

97 285 70 23 kändt
183 286 33 21 att
228 286 121 27 gränserna
364 286 80 21 mellan
460 286 42 22 den
516 286 153 22 admistrativa
683 286 180 28 lagstiftningens
874 287 43 22 och

98 315 272 28 ständerlagstiftningens
381 315 135 29 befogenhet
529 316 28 28 på
568 316 65 22 dessa
643 316 105 22 områden
760 317 38 21 äro
809 317 107 27 synnerli-

97 351 44 22 gen
152 344 129 22 obestämda
290 346 41 21 och
340 345 59 22 olika
406 345 72 22 tolkas
487 346 26 21 af
521 346 27 21 de
559 346 124 21 rättslärda.
700 346 51 21 Men
760 346 108 22 utskottet
876 346 40 22 har

97 375 53 21 stält
165 375 34 27 sig
214 374 29 28 på
258 375 43 21 den
316 374 142 29 ståndpunkt,
474 382 48 15 som
534 376 25 21 af
568 375 118 22 ständerna
697 375 67 23 också
774 376 94 28 tidigare
878 376 37 22 vid

95 404 110 22 likartade
219 404 74 29 frågor
305 405 97 28 intagits,
413 405 111 28 nämligen
536 407 32 19 att
579 405 168 29 näringslagens
759 406 139 28 bestämning
908 406 7 22 i

97 434 50 22 dess
164 434 70 22 första
250 436 106 26 paragraf
372 435 25 21 är
417 441 27 15 en
458 435 116 28 otvetydig
589 435 110 28 grundlag
712 436 28 26 på
754 435 37 22 det
804 436 111 21 ekonomi-

97 464 40 22 ska
147 464 106 26 området,
270 464 20 21 d.
307 471 20 15 v.
344 470 17 16 s.
378 466 33 20 att
427 465 77 27 hvarje
519 465 57 21 finsk
593 464 146 28 medborgare
753 465 41 22 har
805 465 67 21 frihet
882 466 33 21 att

97 494 78 22 utöfva
191 494 77 27 yrken,
285 500 47 16 som
348 494 49 22 icke
413 494 69 22 strida
498 496 46 20 mot
559 494 43 28 god
618 495 45 21 sed.
695 494 45 22 Det
756 495 24 21 är
794 495 26 27 ju
836 495 78 21 visser-

96 524 59 28 ligen
172 524 24 21 så
213 525 32 20 att
261 524 64 21 dessa
341 524 222 22 auktionsförrättare
574 524 36 22 väl
626 524 70 22 måste
707 524 127 28 inbegripas
845 524 70 22 under

97 554 27 21 de
139 554 121 27 undantag,
280 560 48 15 som
343 554 71 21 finnas
431 554 143 28 uppräknade
591 554 31 21 uti
641 556 26 19 14
683 554 19 27 $,
720 554 27 21 då
760 555 26 27 ju
802 554 111 22 auktions-

98 583 185 28 förrättareyrket
298 585 25 20 är
338 590 28 15 en
381 590 55 21 gren
447 585 25 20 af
481 584 171 27 mäklareyrket,
663 584 101 22 hvilket
760 579 10 37 i
778 587 23 19 14
812 585 10 26 $
830 584 83 22 undan-

97 615 62 27 tages
180 613 57 22 ifrän
259 613 26 22 de
307 613 135 29 fullkomligt
465 614 96 28 frigifna.
592 613 52 22 Men
662 614 32 21 uti
713 614 97 21 flertalet
825 615 25 21 af
864 613 27 22 de
907 614 5 21 j

97 646 27 19 14
138 644 13 27 $
161 645 114 26 upptagna
292 644 141 27 undantagen
449 643 68 22 hafva
532 643 121 22 ständerna
669 643 131 22 medverkat
815 643 37 22 vid
868 643 45 28 lag-

95 673 137 28 stiftningen,
254 673 24 21 så
293 675 15 19 t.
325 679 35 16 ex.
384 673 139 22 beträffande
546 673 68 22 bank-
637 673 41 22 och
701 673 212 28 försäkringsbolag,

96 703 138 22 beträffande
251 703 144 28 tillverkning
410 703 25 22 af
447 703 94 22 bränvin
556 703 41 22 och
613 703 68 22 andra
697 703 157 28 spritdrycker.
880 703 33 22 En

95 733 157 28 grundprincip
276 733 35 22 för
333 733 249 28 näringslagstifningen
608 733 24 22 är
652 733 37 21 väl
708 733 43 22 den
775 735 39 25 att,
831 733 39 22 der
885 739 29 15 en

95 763 109 22 afvikelse
226 763 65 28 göres
314 762 57 23 ifrän
395 763 42 21 den
461 763 79 28 hvarje
559 763 57 22 finsk
635 763 146 28 medborgare
800 763 113 28 medgifna

95 793 135 28 rättigheten
251 794 33 20 att
305 793 48 22 fritt
372 793 81 21 lifnära
473 793 34 28 sig
527 799 80 22 genom
623 793 79 21 tillätet
717 793 63 27 yrke,
796 793 62 21 detta
873 793 40 22 bör

95 823 40 22 ske
158 823 50 21 med
232 823 131 21 ständernas
387 822 142 22 medverkan.
560 823 45 21 Det
629 822 123 28 medgifves
772 829 76 21 gerna,
864 828 49 16 som

95 853 72 28 sagdt,
183 854 34 20 att
232 853 96 28 gränsen
344 853 81 21 mellan
441 853 43 21 den
499 853 176 21 administrativa
686 852 180 28 lagstiftningens
877 853 36 21 be-

95 881 106 30 fogenhet
221 883 41 21 och
283 883 43 21 den
348 882 147 28 lagstiftning,
511 882 7 22 i
533 883 90 21 hvilken
641 883 120 21 ständerna
776 882 96 28 deltaga,
889 883 24 20 är

94 913 93 28 omöjlig
202 914 33 20 att
252 913 49 21 med
317 912 73 28 nägon
405 912 84 22 visshet
507 912 115 29 uppdraga
637 913 41 21 och
689 913 33 20 att
733 912 95 27 derföre,
840 911 72 22 säsom

95 943 38 22 det
147 943 41 22 har
209 942 73 22 blifvit
302 943 92 27 yttradt,
410 943 32 21 ett
458 942 184 28 ändamålsenligt
658 942 94 22 resultat
766 942 7 21 i
790 943 64 21 dessa
871 941 41 22 frä-

95 979 40 22 gor
150 973 44 21 kan
209 973 78 21 vinnas
308 972 79 22 endast
406 978 80 22 genom
505 971 129 28 ömsesidigt
649 971 191 28 tillmötesgående
855 971 58 22 ifrån

94 1003 109 22 hvardera
226 1003 160 21 statsmaktens
409 1002 55 21 sida.
495 1002 43 22 För
558 1002 46 21 min
624 1002 36 21 del
678 1001 69 22 håller
761 1002 40 27 jag
817 1001 47 22 före
880 1003 33 20 att

96 1033 37 21 det
149 1038 53 16 vore
218 1032 112 28 riktigare,
347 1039 36 15 om
399 1032 118 22 ständerna
533 1032 137 22 fortfarande
686 1032 81 21 ställde
782 1032 35 27 sig
832 1031 28 28 på
870 1031 43 22 den

94 1062 138 29 principiella
249 1062 78 28 grund,
343 1062 90 22 hvilken
444 1062 27 21 de
482 1062 7 21 i
500 1062 121 22 allmänhet
631 1062 32 21 uti
674 1061 66 22 dessa
750 1061 74 29 frågor
834 1061 79 28 intagit

95 1093 41 21 och
152 1092 85 22 hvilket
253 1092 48 22 icke
318 1092 131 26 förhindrar,
466 1092 72 22 såsom
553 1094 103 26 nogsamt
671 1092 67 21 också
754 1091 106 29 framgått
875 1091 37 21 vid

95 1122 134 28 föregående
245 1122 138 28 landtdagar,
400 1123 32 20 att
448 1122 118 21 ständerna
582 1122 35 21 för
633 1122 122 27 bringande
771 1121 33 22 till
815 1120 64 23 stånd
889 1121 26 21 af

95 1158 27 16 en
138 1152 140 28 lagstiftning
297 1152 100 27 iakttaga
417 1151 191 28 tillmötesgående
627 1151 40 22 der
682 1151 79 22 sådant
776 1152 24 20 är
816 1150 96 22 nödvän-

95 1182 53 28 digt.
179 1182 51 21 Men
249 1182 61 21 detta
331 1181 92 23 innebär
443 1181 49 22 icke
508 1181 194 27 nödvändigheten
718 1182 25 21 af
757 1182 33 20 att
804 1180 109 29 uppgifva

96 1212 43 22 den
155 1212 138 28 principiella
311 1211 78 28 grund,
405 1211 91 22 hvilken
512 1218 51 15 man
578 1211 70 22 måste
663 1210 103 22 betrakta
781 1210 73 22 såsom
870 1210 43 21 den

94 1242 82 28 riktiga
192 1242 40 21 och
249 1242 67 21 äfven
332 1240 194 29 ändamålsenliga,
543 1242 20 20 d.
580 1247 21 15 v.
612 1247 17 15 s.
642 1242 33 20 att
685 1241 121 21 ständerna
816 1246 42 22 ega
868 1240 45 21 rätt

95 1273 34 21 att
144 1271 120 23 medverka
280 1271 37 21 vid
334 1270 164 23 fastställandet
509 1271 25 21 af
542 1270 82 29 sjelfva
634 1270 279 28 lagstiftningsgrunderna

95 1302 70 21 under
181 1301 37 21 det
234 1303 33 19 att
278 1301 64 21 dessa
351 1301 109 27 grunders
470 1300 140 29 tillämpning
620 1301 32 21 uti
663 1300 151 22 enskildheter
824 1300 32 21 uti
866 1299 47 21 vid-

95 1330 84 23 sträckt
189 1330 51 22 mån
249 1330 39 22 bör
296 1330 148 22 öfverlemnas
452 1330 34 22 till
497 1330 43 22 den
550 1330 177 22 administrativa
737 1329 174 29 lagstiftningen.

167 1361 44 27 Jag
225 1360 41 22 ber
281 1362 33 20 att
330 1360 22 22 få
367 1360 92 28 tillägga
475 1359 69 29 några
559 1360 39 22 ord
614 1360 140 21 beträffande
769 1359 28 21 de
812 1358 101 23 enskilda

95 1390 178 27 anmärkningar,
297 1396 47 16 som
367 1390 113 28 professor
502 1390 107 21 Forsman
632 1389 79 28 gjorde
730 1389 33 22 till
783 1389 69 21 första
871 1389 41 21 och

95 1420 70 22 andra
180 1421 133 20 momenten.
345 1419 34 22 Dä
395 1419 38 22 det
447 1419 72 21 heter:
538 1419 56 26 ,För
610 1419 146 21 bedrifvande
767 1418 26 22 af
801 1418 111 22 auktions-

94 1449 84 22 rörelse
197 1450 7 20 i
222 1448 49 22 stad
294 1448 73 22 såsom
382 1449 56 26 yrke
453 1449 118 25 erfordras,
588 1449 74 20 derest
676 1448 50 21 icke
742 1448 98 21 rörelsen
856 1448 56 20 utöf-

95 1484 40 16 vas
157 1478 27 22 af
196 1478 142 26 kommunen,
354 1477 104 22 särskildt
473 1477 120 27 tillstånd”,
609 1477 24 21 så
648 1478 25 20 är
688 1476 38 22 det
736 1476 37 22 väl
782 1477 47 27 just
839 1476 74 21 afsedt

94 1510 39 26 att,
155 1507 28 23 då
205 1507 98 22 rörelsen
327 1507 90 22 utöfvas
440 1507 26 21 af
482 1506 113 28 kommun,
617 1506 107 22 behöfves
745 1506 49 22 icke
809 1505 105 23 särskildt
