1109 1817
426 127 78 18 Huhtik.
518 128 22 18 13
552 132 17 18 p.
832 130 42 19 805

85 180 167 24 reservationen
275 181 128 23 framhälles
426 183 33 20 att
482 188 28 16 en
530 188 79 22 person
628 182 45 22 kan
688 181 28 29 pä
731 182 86 22 mindre
833 182 28 21 än
877 188 28 16 en

85 211 72 22 vecka
180 211 97 27 förtjena
298 211 38 22 det
355 212 87 27 belopp,
463 218 48 15 som
527 212 65 27 utgör
606 212 96 27 atgiften
718 211 34 22 för
767 212 79 25 renlaf,
862 212 42 21 till-

86 241 86 28 räcklig
194 241 34 21 till
248 241 125 22 vinterbete
396 241 36 22 för
450 243 33 20 tre
503 242 41 21 kor
559 241 41 22 och
617 241 45 22 fem
678 247 71 20 renar,
765 241 92 22 hvarför
872 241 32 22 af-

86 271 72 28 giften
172 271 41 21 bör
228 271 75 20 kunna
319 272 54 21 utan
388 270 113 29 svärighet
511 271 109 28 erläggas.
647 271 38 21 Ett
695 272 68 21 annat
774 271 54 26 skäl,
840 271 64 22 hvar-

87 300 35 22 för
135 301 40 28 jag
190 301 52 26 hyst
258 300 153 29 betänklighet
426 300 35 22 för
476 302 33 20 att
519 301 118 28 godkänna
648 301 157 26 betänkandet,
816 306 41 16 var
867 301 38 21 det

85 330 8 21 i
109 330 112 22 klämmen
236 329 109 28 ingående
361 331 63 21 ordet
442 331 77 25 ,rätt*.
550 330 69 22 Detta
635 330 48 22 skäl
698 330 41 22 har
749 337 30 15 nu
790 330 109 22 bortfallit

84 359 70 23 sedan
167 359 103 28 upplysts
278 361 33 20 att
319 360 63 22 ordet
392 361 69 25 ,rätt*
472 360 71 22 skulle
551 361 91 27 utbytas
651 360 252 26 motordet
769 355 8 37 ,
785 360 118 26 tillstånd”.

156 390 52 22 Men
227 390 40 27 jag
288 390 41 21 har
348 390 44 21 fäst
411 391 46 27 mig
472 390 38 21 vid
526 391 31 20 ett
572 391 68 21 annat
656 390 90 28 uttryck
761 390 7 21 i
784 390 120 22 betänkan-

84 419 51 22 dets
150 419 68 22 kläm.
249 419 44 22 Det
309 421 65 26 säges
390 420 119 27 nämligen,
527 421 46 24 ,att
584 420 23 21 ät
617 420 163 21 innevänarene
791 419 32 22 uti
834 419 70 28 Lapp-

86 449 104 22 markens
207 449 68 22 härad
292 449 68 22 mätte
376 449 94 29 beviljas
485 451 45 20 rätt
545 451 33 21 att
590 449 128 28 afgiftsfritt
729 449 35 22 för
775 451 51 26 eget
837 449 70 22 behof

85 491 31 3 —
132 491 28 4 —
176 491 29 3 —
222 492 27 1 —
267 479 116 28 uppsamla
398 480 75 21 renlaf
486 479 12 22 å
514 479 188 22 kronomarkerna
713 480 7 21 i
730 479 114 22 häradet".
861 479 44 28 Jag

84 510 40 20 vet
146 509 49 22 icke
219 509 26 22 af
264 509 91 22 hvilken
377 510 65 21 orsak
462 510 113 27 uttrycket
592 511 65 26 ,eget
672 509 80 22 behof*
770 509 133 27 tillkommit,

85 539 39 22 det
143 540 24 21 är
182 539 133 22 ätminstone
334 539 50 22 icke
405 539 51 22 med
471 541 33 20 ett
520 540 39 21 ord
575 539 7 22 i
597 539 151 22 betänkandet
764 539 138 22 motiveradt.

85 569 35 22 Nu
142 569 40 22 har
198 569 41 28 jag
258 569 46 28 mig
326 569 83 22 bekant
424 571 34 20 att
472 569 50 22 icke
538 569 128 28 obetydliga
682 569 135 22 kvantiteter
832 569 75 22 renlaf

83 600 132 27 exporteras
233 599 34 22 till
286 599 80 28 Norge,
384 599 39 22 der
438 599 140 22 renskötseln
593 600 25 20 är
633 599 77 28 möjlig
726 599 78 22 endast
820 599 84 27 derige-

84 634 52 16 nom
152 629 33 21 att
200 629 75 22 renlaf
288 629 49 22 frän
353 629 93 22 Finland
462 629 32 21 dit
509 629 131 22 öfverföres.
671 629 79 21 Denna
764 629 74 21 renlaf
847 634 57 15 sam-

84 657 34 23 las
134 657 86 23 således
236 659 34 21 för
284 659 161 21 norrmännens
461 658 74 27 behof,
551 659 41 21 och
608 664 36 16 om
660 659 62 21 detta
737 658 57 22 hade
810 658 8 21 i
828 658 76 21 betän-

85 687 83 22 kandet
190 689 132 26 omnämnts,
348 688 26 22 dä
397 688 57 21 hade
476 694 52 16 man
551 687 89 23 förstått
660 689 32 20 att
707 688 114 27 uttrycket
838 688 66 27 ,eget

84 718 80 21 behof*
178 717 45 22 står
234 718 72 21 såsom
323 719 94 21 motsats
433 718 34 21 till
478 718 160 22 norrmännens
650 718 78 29 behof.
756 717 36 22 Nu
802 718 39 21 vet
852 722 52 16 man

82 747 51 22 icke
152 747 92 22 hvarför
258 748 115 28 uttrycket
388 747 70 29 ingått
477 748 3 20 i
496 748 118 21 klämmen.
645 742 33 27 Är
688 748 38 20 det
735 747 85 22 infördt
831 746 73 22 såsom

85 778 93 20 motsats
194 777 34 22 till
248 778 160 22 norrmännens
428 777 74 27 behof,
519 777 24 22 sä
558 778 25 21 är
599 777 37 22 det
651 778 37 21 väl
704 776 27 29 pä
746 778 56 21 visst
813 778 44 20 sätt
867 776 37 22 be-

83 807 114 28 rättigadt,
220 809 25 27 ty
268 808 38 21 det
324 807 72 29 ligger
415 807 49 21 icke
484 808 7 21 i
510 807 104 22 Finlands
629 808 95 21 intresse
739 809 34 20 att
788 806 116 23 renlafven

85 837 58 21 skall
166 837 32 22 till
222 838 113 28 möjligast
357 837 77 28 billiga
454 838 45 27 pris
521 839 136 27 exporteras.
689 837 41 21 Om
746 837 95 29 afgiften
856 836 48 22 helt

85 867 43 21 och
144 866 68 23 hället
227 868 122 28 borttoges,
365 867 24 22 sä
404 867 74 22 skulle
494 868 62 21 detta
571 867 141 28 naturligtvis
728 867 93 22 inverka
837 866 67 28 pädet

86 897 52 27 pris,
158 903 48 15 som
225 898 148 22 norrmännen
391 897 75 21 betala
482 897 34 22 för
532 898 42 21 den
589 897 34 22 till
638 897 51 21 dem
705 896 145 29 exporterade
866 902 37 16 va-

86 932 46 16 ran.
164 926 51 23 Men
238 933 34 15 om
298 927 37 22 det
353 926 117 28 verkligen
489 928 25 20 är
532 926 118 29 meningen
671 928 32 20 att
718 926 162 23 innevänarene
896 926 8 21 i

86 956 167 28 Lappmarkens
271 957 70 21 härad
356 956 63 22 skola
434 956 95 28 beviljas
545 956 99 23 tillständ
660 958 32 20 att
708 957 78 21 endast
802 956 35 22 för
852 957 52 27 eget

86 986 71 22 behof
174 987 127 27 afgiftsfritt
319 986 117 28 uppsamla
450 986 79 27 renlaf,
545 986 24 22 sä
584 986 89 22 komme
689 986 66 22 dessa
770 985 134 23 innevånare

85 1016 9 21 i
112 1016 156 28 Lappmarken
292 1016 86 22 säledes
398 1017 34 20 att
454 1016 118 28 uppsamla
586 1016 119 22 renlafven
724 1015 130 29 afgiftsfritt
870 1015 34 22 för

86 1047 52 27 eget
162 1046 74 27 behof,
260 1052 50 16 men
331 1046 49 22 icke
398 1046 127 28 afpiftsfritt
543 1046 35 22 för
593 1046 43 22 den
652 1046 43 26 del,
710 1052 47 16 som
774 1047 129 26 exporteras

85 1076 35 21 till
143 1075 80 29 Norge.
254 1076 45 22 Det
322 1076 72 22 skulle
415 1076 87 22 säledes
525 1076 119 22 framdeles
665 1076 53 22 böra
736 1076 66 28 göras
817 1075 87 22 skilnad

87 1105 81 23 mellan
185 1106 42 22 den
242 1106 79 26 renlaf,
338 1112 48 16 som
400 1106 164 22 innevänarena
579 1106 117 28 uppsamla
712 1106 35 22 för
762 1107 52 27 eget
829 1104 74 28 behof,

87 1135 42 22 och
150 1136 50 26 den,
224 1142 47 16 som
295 1137 27 21 de
345 1136 117 35 uppsamla
486 1136 34 21 för
544 1137 78 27 export
638 1135 33 22 till
687 1136 81 27 Norge.
801 1135 49 22 Men
866 1135 38 20 det

86 1165 64 22 torde
168 1165 30 22 bli
214 1166 86 28 ganska
316 1165 60 22 svärt
392 1165 34 22 för
441 1165 167 23 vederbörande
624 1165 139 22 embetsmän
778 1166 33 21 att
826 1164 79 22 utöfva

86 1195 98 22 kontroll
202 1196 110 27 deröfver,
331 1195 76 22 hvilka
422 1196 83 28 partier
520 1195 89 30 komma
624 1197 33 20 att
672 1195 114 22 användas
802 1195 35 22 för
852 1195 53 27 eget

87 1225 42 22 och
152 1225 76 22 hvilka
251 1226 34 22 för
308 1227 160 20 norrmännens
486 1225 74 23 behof.
591 1220 75 27 Äfven
684 1225 26 22 af
722 1225 63 22 detta
800 1225 48 22 skäl
864 1225 42 20 har

87 1255 39 22 det
148 1257 63 26 synts
236 1256 44 28 mig
301 1255 105 28 riktigare
426 1257 34 20 att
479 1255 95 28 afgiften
589 1255 122 22 bibehälles
726 1255 62 22 såväl
803 1255 35 22 för
852 1255 52 26 eget

87 1290 48 16 som
152 1285 35 21 för
204 1285 81 22 andras
302 1285 70 21 behof
385 1285 41 22 och
442 1286 33 20 att
490 1285 86 22 säledes
593 1281 147 26 förevarande
756 1283 148 29 petitionsför-

86 1313 50 30 slag
151 1314 50 22 icke
216 1315 69 22 borde
300 1314 116 23 föranleda
431 1315 35 21 till
477 1314 72 29 nägon
560 1314 78 29 ätgärd
649 1314 48 22 frän
708 1314 130 22 ständernas
849 1313 54 22 sida.

158 1344 103 22 Provasti
284 1345 84 21 Heman:
392 1345 25 21 Ei
437 1345 61 20 tämä
517 1345 47 21 asia
580 1344 135 22 minunkaan
730 1343 123 22 mielestäni
869 1343 35 21 ole

88 1374 54 21 niitä
157 1374 104 22 kaikkein
276 1374 132 28 tärkeimpiä
418 1374 137 27 Lapinmaan
566 1374 197 28 elinkysymyksiä,
778 1375 70 20 mutta
859 1373 46 21 kun

87 1403 71 29 Lapin
179 1405 175 21 tuomiokunnan
374 1404 111 22 edusmies
500 1404 129 22 luultavasti
645 1410 29 15 on
688 1404 76 21 tämän
780 1403 62 22 asian
858 1409 47 15 saa-

86 1435 42 20 nut
143 1434 139 21 evääksensä
296 1433 142 26 lähtiessään,
450 1433 20 21 ei
482 1434 95 21 minusta
587 1433 49 22 olisi
645 1434 46 21 niin
701 1433 66 22 aivan
777 1433 48 28 pois
835 1433 70 24 tieltä,

84 1463 38 27 jos
138 1463 140 21 annettaisiin
293 1463 62 21 tämä
370 1463 136 27 myönnytys
521 1462 87 22 hänelle
621 1462 147 27 ,tulijaisina*
781 1461 124 22 vietäväksi

88 1492 70 21 kotiin
179 1492 138 21 osotukseksi
344 1493 47 20 että
405 1492 69 21 täällä
489 1492 70 27 Lapin
574 1491 85 22 kansan
674 1491 96 28 tarpeita
784 1491 122 22 tahdotaan

87 1523 62 20 ottaa
164 1521 126 23 huomioon.
