1100 1792
220 120 27 19 92
533 116 78 18 Helmik.
624 117 11 17 5
648 121 17 18 p.

189 170 70 23 hället
281 170 24 22 sä
327 169 59 29 begä
408 171 33 20 att
463 170 38 21 det
524 170 114 22 använder
659 170 49 21 sina
730 168 74 22 medel
824 168 8 21 i
851 167 97 27 kampen
962 167 48 21 mot

191 201 61 21 detta
275 200 63 22 onda.
370 199 115 22 Professor
508 199 108 22 Forsman
637 199 42 21 har
700 198 67 22 ocksä
788 198 7 20 i
817 198 62 20 detta
901 196 107 22 afseende

191 230 66 28 gifvit
276 229 45 28 mig
336 230 51 25 rätt,
404 229 27 21 dä
446 229 44 21 han
507 229 126 26 framhällit,
649 228 91 22 hvilken
755 226 117 28 betydelse
888 226 68 22 äfven
971 226 39 21 det

190 259 84 28 lagliga
289 258 126 23 beifrandet
430 258 27 22 af
469 258 84 22 brottet
569 264 52 23 eger
636 258 7 21 i
659 258 43 21 den
717 257 104 27 riktning,
838 256 92 22 hvarom
947 254 62 29 fråga

191 291 30 20 är.
252 289 11 22 1
283 289 50 21 värt
352 288 53 22 land
425 287 68 29 pägär
508 290 33 19 ett
556 288 95 27 mäktigt
666 287 67 22 ideelt
748 287 78 22 arbete
841 286 52 21 med
908 285 101 22 sträfvan

190 320 33 21 att
238 319 81 27 kämpa
335 319 47 20 mot
397 317 62 22 detta
473 317 65 22 onda.
562 318 35 27 Vi,
614 323 47 16 som
677 316 91 29 predika
783 315 69 23 Kristi
869 315 140 28 evangelium

192 349 34 21 för
241 348 49 22 vårt
306 347 53 27 folk,
376 347 74 22 kunna
466 347 49 22 icke
531 350 68 19 annat
611 348 29 21 än
651 347 46 22 åter
708 346 43 22 och
761 346 47 21 åter
818 345 104 28 påminna
933 345 76 22 derom

191 380 33 19 att
241 378 66 21 Jesus
327 377 88 22 Kristus
430 377 50 22 icke
496 378 24 20 är
536 383 27 16 en
579 377 98 28 syndens
692 377 93 26 tjenare,
802 377 54 20 utan
871 381 28 16 en
916 375 93 21 frälsare

192 407 47 22 frän
261 407 92 28 synden,
370 408 33 20 att
418 407 49 25 den,
484 411 47 17 som
548 407 118 28 försyndar
681 406 34 28 sig
731 407 47 20 mot
793 405 34 22 sin
842 405 79 28 kropp,
938 405 72 21 denna

192 438 75 27 kropp,
284 443 46 15 som
355 437 25 21 är
401 436 80 22 ämnad
503 436 33 22 till
557 437 42 21 den
615 436 74 28 heliga
704 435 69 22 andes
789 435 89 28 tempel,
895 435 40 21 bär
950 434 59 22 hand

191 467 28 28 pä
235 467 61 22 Guds
312 467 83 27 tempel
411 467 41 21 och
468 466 168 29 missuppfattar
651 466 35 22 sin
700 467 61 20 stora
777 465 88 28 uppgift
881 466 33 20 att
929 464 81 27 kämpa

192 497 34 22 för
250 498 32 20 ett
297 496 51 27 mål,
364 502 48 16 som
427 496 93 22 innebär
535 502 28 16 en
579 496 121 27 förklaring
716 495 56 22 både
788 495 26 22 af
827 494 64 27 ande,
907 494 43 27 själ
968 494 41 21 och

192 527 76 28 kropp.
300 526 9 21 I
325 526 78 21 skolan
419 526 41 21 och
476 525 6 22 i
499 526 98 21 hemmet
612 525 114 22 meddelas
741 524 171 28 undervisning;
924 523 28 28 pä
962 523 48 22 sina

192 557 58 21 knän
270 556 68 27 bedja
356 555 105 22 Finlands
486 555 109 22 föräldrar
610 556 35 21 för
660 555 47 22 sina
723 555 55 21 barn
793 555 33 21 att
841 554 28 21 de
885 553 35 22 mä
935 553 75 22 kunna

192 586 61 21 lefva
273 585 68 28 kyskt
361 585 42 22 och
423 585 75 22 ärbart
519 585 40 22 och
581 585 137 28 förverkliga
739 585 43 21 den
800 583 89 28 uppgift
905 583 50 22 Gud
970 583 40 22 har

191 615 68 28 gifvit
274 615 58 22 dem.
364 614 50 22 Men
430 615 40 22 allt
485 615 62 22 detta
562 615 94 28 betyder
672 615 61 25 intet,
751 620 35 16 om
803 613 42 22 den
862 612 149 29 uppväxande

193 645 126 28 ungdomen
340 645 42 21 blir
390 638 11 39 i
420 644 89 23 tillfälle
530 646 32 20 att
584 651 24 16 se
623 651 46 22 nya
685 644 40 22 och
741 644 48 22 åter
804 650 45 21 nya
864 643 63 22 bevis
943 642 68 29 derpä

192 677 33 19 att
240 675 43 21 den
299 675 57 27 synd
372 674 7 22 i
395 674 72 28 nägon
481 675 51 22 män
542 675 114 25 tolereras,
667 674 91 22 hvilken
769 680 47 15 mer
827 674 28 21 än
865 673 68 28 nägot
943 674 68 21 annat

193 705 161 27 undergräfver
375 704 42 22 den
437 704 101 22 enskilda
558 704 142 22 menniskans
720 704 42 21 och
777 703 129 22 samhällets
922 702 88 22 tillvaro

193 735 42 22 och
256 735 23 21 är
301 741 28 15 en
344 735 121 21 skamfläck
482 734 35 22 för
532 736 33 20 ett
581 735 78 22 kristet
675 733 52 23 folk.
759 733 53 22 Som
828 733 72 28 sagdt,
915 733 40 28 jag
970 733 40 21 har

192 765 49 21 icke
256 764 89 22 tilltrott
360 763 28 23 de
403 765 100 21 utvärtes
519 765 92 21 straffen
627 764 75 22 alltför
718 765 47 20 stor
776 763 122 28 betydelse,
910 769 51 15 men
970 763 41 27 jag

193 795 40 21 har
248 794 61 22 velat
324 794 82 22 betona
421 794 194 28 nödvändigheten
631 795 26 21 af
670 800 27 16 en
713 793 134 23 samverkan
862 793 82 22 mellan
954 798 57 16 sam-

192 824 69 22 hället
277 824 50 22 med
344 824 51 22 dess
411 824 73 22 medel
499 825 43 21 och
557 824 28 22 de
601 824 69 22 andra
686 824 86 28 sedliga
789 824 92 26 makter,
897 829 48 15 som
956 822 54 22 söka

193 854 76 22 arbeta
285 854 35 22 för
335 854 128 21 samhällets
480 854 41 22 och
535 855 50 21 dess
596 854 100 22 enskilda
708 854 156 21 medlemmars
874 852 135 28 utveckling.

263 884 116 22 Professor
402 883 118 28 Runeberg
543 884 40 22 har
606 885 77 21 nämnt
699 885 40 27 att
760 884 41 27 jag
824 883 7 21 i
849 883 46 22 min
917 882 93 28 petition

193 913 73 28 utgätt
282 913 48 22 frän
346 919 28 16 en
390 913 81 28 oriktig
486 913 172 29 utgängspunkt.
685 914 74 21 Afven
775 912 63 22 detta
852 912 45 22 kan
911 912 40 28 jag
961 912 49 22 icke

194 943 119 28 medgifva.
345 943 43 28 Jag
411 943 40 21 har
473 943 74 27 utgätt
570 943 48 22 frän
639 943 43 21 den
702 943 143 28 uppfattning
865 944 39 24 att,
921 948 35 16 om
972 941 38 22 det

191 972 65 22 räder
275 978 28 16 en
318 972 134 28 motsägelse
468 973 96 21 emellan
579 972 73 29 lagen,
668 978 48 16 som
732 972 57 22 skall
805 972 70 22 fostra
891 972 71 22 folket
976 971 34 22 till

192 1002 110 28 sedlighet
322 1002 42 22 och
384 1002 78 28 lagens
482 1002 173 22 handhafvande
671 1008 80 22 genom
767 1001 203 29 ordningsmakten,
986 1001 24 22 sä

193 1032 88 22 utöfvar
304 1032 61 22 detta
389 1033 32 20 ett
444 1032 157 28 förslappande
624 1032 122 28 inflytande
767 1032 29 28 pä
815 1032 52 21 hela
883 1031 70 22 folket
968 1031 42 21 och

191 1062 82 22 störtar
293 1062 124 21 detsamma
432 1062 8 21 i
455 1063 33 20 ett
504 1062 64 28 djupt
583 1062 86 22 elände.
700 1062 43 28 Jag
759 1063 46 21 tror
820 1063 33 20 att
869 1061 72 22 denna
957 1067 52 21 upp-

193 1091 95 28 fattning
303 1092 50 21 icke
369 1092 25 20 är
409 1091 90 28 oriktig;
515 1092 40 27 jag
570 1092 25 21 är
610 1092 41 21 ock
667 1091 134 28 öfvertygad
817 1097 36 15 om
869 1092 33 20 att
917 1091 43 21 den
970 1090 40 22 har

191 1121 34 21 sin
246 1121 140 27 tillämpning
407 1122 67 20 äfven
495 1121 27 28 pä
543 1122 52 21 vära
616 1121 159 22 förhällanden.
812 1121 43 27 Jag
876 1121 41 21 har
937 1120 72 22 sökti

192 1150 72 28 någon
285 1150 50 22 män
356 1150 76 22 bevisa
454 1150 67 22 detta.
552 1151 45 21 Det
617 1152 25 20 är
663 1152 33 20 ett
711 1151 94 27 faktum,
821 1156 48 16 som
884 1150 67 28 ingen
966 1149 44 22 kan

193 1180 105 26 bestrida,
314 1182 34 19 att
363 1180 105 28 ordnings
484 1180 90 22 makten
590 1182 25 20 är
630 1180 118 22 medveten
764 1186 36 16 om
817 1180 192 21 förhandenvaron

192 1210 26 21 af
235 1215 28 16 en
279 1210 141 28 prostitution
435 1209 42 22 och
493 1210 168 28 prostituerade,
678 1216 50 16 men
744 1210 49 22 icke
809 1210 83 21 beifrar
907 1210 38 21 det
960 1209 50 21 lätt-

192 1239 87 28 färdiga
298 1239 107 22 lefverne.
426 1239 28 21 de
470 1240 161 27 prostituerade
648 1240 55 25 föra,
719 1242 55 19 utan
789 1240 7 21 i
812 1239 72 28 någon
900 1238 51 22 män
966 1238 43 22 för-

191 1269 66 21 söker
277 1270 33 20 att
330 1269 86 27 skydda
437 1270 40 20 och
500 1270 69 21 ordna
591 1269 129 22 detsamma.
752 1269 51 22 Man
823 1270 41 21 har
883 1269 40 21 här
938 1268 72 28 utgätt

192 1298 48 22 frän
256 1298 132 22 välmenade
404 1298 97 22 sanitära
516 1299 144 28 synpunkter,
677 1304 50 16 men
743 1299 38 21 det
797 1299 62 21 torde
875 1298 49 22 icke
935 1298 75 22 kunna

191 1328 70 20 nekas
284 1329 33 20 att
340 1328 188 27 föreställningen,
552 1330 32 19 att
608 1328 170 27 prostitutionen
799 1329 6 20 i
827 1328 82 27 sjelfva
932 1328 78 21 verket

192 1357 72 21 skulle
281 1357 77 21 arbeta
373 1357 7 21 i
396 1357 93 22 sanitärt
504 1357 66 28 syfte,
587 1358 24 21 är
627 1363 28 16 en
671 1357 84 22 chimär
765 1358 26 21 af
799 1358 43 21 den
853 1357 157 27 bedröfligaste

191 1388 40 19 art.
263 1386 51 21 Ifall
329 1387 68 21 äfven
412 1386 67 28 nägot
494 1387 72 27 skydd
582 1387 7 21 i
605 1387 62 21 detta
677 1387 106 22 afseende
794 1393 80 22 genom
885 1387 43 21 den
939 1387 69 28 regle-

191 1417 129 21 menterade
339 1416 170 28 prostitutionen
525 1417 43 22 kan
583 1416 80 29 gifvas,
680 1417 24 22 sä
720 1417 92 22 förintas
829 1417 61 22 detta
905 1416 48 23 helt
967 1416 41 23 och

191 1446 68 22 hållet
281 1447 26 21 af
325 1447 38 21 det
388 1446 122 29 bedröfliga
533 1447 87 22 faktum
641 1448 33 21 att
695 1447 73 22 denna
788 1447 121 28 inrättning
929 1447 79 22 liksom

191 1476 104 28 erbjuder
311 1476 112 29 garantier
439 1476 35 22 för
485 1478 33 20 att
528 1483 51 16 man
590 1477 44 22 kan
645 1477 53 22 öfva
707 1477 87 28 synden
804 1479 55 20 utan
869 1479 34 20 att
912 1477 98 22 behöfva

191 1507 76 22 frukta
283 1507 27 22 de
326 1507 116 28 förfärliga
459 1507 81 28 följder
556 1507 34 22 för
605 1507 70 28 kropp
692 1508 40 21 och
749 1508 48 28 själ,
810 1514 46 16 som
869 1508 72 22 denna
952 1509 55 27 synd
