1109 1784
215 126 43 19 872
537 123 77 19 Huhtik.
628 124 23 18 23
663 129 18 17 p.

184 176 129 23 sköterskor
329 178 29 20 än
374 177 27 21 de
410 178 26 20 af
444 177 148 28 petitionären
603 178 120 26 beskrifna,
734 178 43 22 och
787 175 139 25 beträffande
937 179 69 22 dessa.

185 208 24 20 är
228 207 38 22 det
285 206 132 28 visserligen
441 206 135 29 fullkomligt
591 209 59 20 sant:
669 208 34 20 ett
715 208 24 21 sä
755 209 56 20 stort
826 208 61 22 antal
902 208 103 28 sjukskö-

184 237 87 21 terskor
285 236 71 22 finnes
374 236 50 22 icke
444 236 35 23 för
493 237 146 22 närvarande.
671 236 50 23 Men
735 238 41 27 jag
791 237 39 29 gär
845 238 59 22 ännu
919 238 84 28 längre.

183 266 38 22 Ett
244 266 25 22 sä
290 268 57 20 stort
369 266 62 22 antal
446 266 180 28 sjuksköterskor
641 267 100 22 kommer
757 267 71 28 aldrig
843 268 7 22 i
865 268 98 22 tidernas
978 269 26 21 ti-

184 296 40 22 der
238 298 34 20 att
286 296 79 26 finnas,
381 296 75 22 förrän
471 296 95 27 tjenster
581 296 36 22 för
626 296 182 28 sjuksköterskor
817 298 100 21 inrättas.
941 298 65 22 Huru

184 326 72 22 skulle
279 326 94 22 kvinnor
396 325 68 23 hafva
486 326 51 22 sökt
552 328 33 20 att
600 326 87 22 utbilda
702 326 34 28 sig
751 326 34 22 till
801 327 180 27 sjuksköterskor
996 328 10 22 i

184 356 33 22 d:r
230 355 123 22 Relanders
369 355 96 29 mening,
476 355 28 22 dä
515 356 27 21 de
552 356 49 22 icke
609 356 85 22 kunnat
704 356 60 22 finna
771 357 159 28 användning?
953 357 53 23 Men

183 386 44 22 blir
249 385 38 22 det
310 385 69 21 kändt
398 386 33 20 att
447 391 28 15 en
489 385 83 22 kvinna
587 386 44 21 kan
647 386 67 22 vinna
729 386 143 28 användning
887 386 73 22 såsom
976 393 29 16 en

183 414 129 24 kommunal
335 414 174 28 sjuksköterska,
532 421 37 16 om
593 416 45 21 hon
660 415 97 23 utbildar
773 416 34 28 sig
822 416 36 22 för
873 416 61 22 detta
950 416 54 28 kall,

183 445 25 22 sä
222 445 63 22 skola
300 444 37 22 väl
353 444 68 22 också
434 444 95 22 kvinnor
544 445 71 22 finnas
631 445 102 28 benägna
748 447 33 20 att
796 446 55 28 göra
866 446 43 22 det.

253 474 46 23 Det
321 474 70 22 andra
416 474 73 22 skälet
510 474 71 23 finnes
604 474 28 29 pä
654 482 49 21 pag.
725 478 34 24 10,
775 476 40 22 der
830 476 38 22 det
883 476 69 27 heter,
970 478 34 20 att

185 511 41 20 sen
250 504 81 29 mängd
355 504 137 27 kommuner,
508 504 7 22 i
530 505 107 22 afseende
659 506 35 21 till
709 505 44 22 den
768 506 88 28 ringare
871 506 132 27 kostnaden,

183 534 72 23 skulle
277 535 53 28 nöja
353 534 34 28 sig
409 534 58 22 blott
489 535 52 21 med
564 535 186 28 sjuksköterskor,
773 536 30 28 ja,
823 537 33 20 att
872 536 37 22 det
925 537 21 27 ej
963 542 41 16 ens

182 571 54 15 vore
257 564 132 27 osannolikt,
405 566 33 20 att
454 570 28 16 en
498 564 36 22 del
549 565 138 26 kommuner,
703 571 48 16 som
767 572 29 15 nu
812 566 69 22 hafva
896 566 83 27 läkare,
996 566 8 22 i

183 594 119 22 framtiden
317 594 72 22 skulle
405 594 54 22 söka
475 594 89 22 komma
579 595 94 22 tillrätta
688 597 54 20 utan
758 595 135 22 desamma”.
925 595 10 23 TI
950 596 52 22 stäl-

182 624 32 22 let
237 624 35 22 för
294 626 33 20 att
351 624 85 22 säledes
459 624 210 28 sjuksköterskorna
687 625 72 22 skulle
775 632 54 15 vara
843 626 34 21 till
892 632 59 22 gagn
968 626 36 22 för

182 654 49 22 värt
247 654 54 27 folk,
317 654 73 22 säsom
406 660 51 16 man
473 660 52 16 vore
541 654 102 29 benägen
659 656 33 20 att
707 656 41 25 tro,
765 654 24 22 sä
805 654 69 23 blifva
890 656 27 21 de
933 656 70 28 enligt

183 685 180 21 reservanternas
379 684 57 28 äsigt
451 686 50 20 rent
516 684 26 22 af
554 684 34 22 till
603 684 75 22 skada.
710 684 117 29 Förslaget
843 686 24 20 är
882 685 72 22 säsom
970 692 33 15 re-

183 715 144 21 servanterna
342 713 29 28 pä
381 714 68 22 slutet
460 714 26 21 af
491 714 64 22 sidan
565 715 62 27 säga,
638 714 35 22 för
682 714 66 28 tidigt
758 715 72 21 väckt.
854 714 50 22 Den
914 716 92 21 erfarna

181 744 92 22 läkaren
295 744 41 22 har
359 745 51 27 sagt
432 745 33 20 att
489 750 28 16 en
537 744 104 28 ofantligt
657 744 70 22 större
743 746 92 26 procent
851 745 26 21 af
889 744 49 23 värt
954 745 48 22 folk

181 774 57 21 lider
261 774 41 21 och
326 773 40 22 dör
381 774 28 22 än
424 780 47 16 som
488 780 53 16 vore
557 774 143 28 nödvändigt.
731 774 52 22 Men
798 774 69 22 likväl
883 776 25 20 är
923 775 79 28 frägan

182 804 35 22 för
239 803 66 29 tidigt
327 803 74 24 väckt,
421 810 36 16 om
473 805 33 20 ett
521 804 84 28 förslag
620 804 65 28 göres
701 806 33 20 att
748 804 72 22 lindra
836 804 81 23 folkets
932 804 70 23 lidan-

182 834 49 22 den.
262 833 147 29 Naturligtvis
427 834 76 22 kunna
521 836 170 20 reservanterna
706 834 49 22 icke
771 834 62 28 pästä
848 836 33 20 att
897 841 28 15 en
940 835 61 27 sjuk-

181 864 117 22 sköterska
321 864 137 28 nödvändigt
481 864 57 22 skall
558 865 105 27 uttränga
679 870 28 16 en
722 864 83 22 läkare.
837 864 51 22 Men
904 865 27 21 de
947 871 56 15 anse

182 894 38 21 det
235 894 48 22 icke
299 901 54 14 vara
369 893 131 26 osannolikt,
517 895 41 21 och
573 893 28 29 pä
617 894 72 28 grund
705 895 30 26 af,
751 896 34 20 att
795 895 38 21 det
843 895 49 21 icke
903 896 25 21 är
938 901 65 16 osan-

181 924 76 25 nolikt,
274 924 85 21 lemnar
374 929 52 16 man
442 923 71 22 folket
529 925 32 20 att
577 924 34 21 dö.

255 953 35 22 De
313 954 84 26 herrar;
420 959 47 16 som
491 954 162 21 undertecknat
675 953 43 22 den
741 953 70 22 första
827 955 174 26 reservationen,

181 983 132 29 polemisera
336 985 46 20 mot
405 983 205 22 undertecknarena
632 984 27 21 af
677 983 43 22 den
743 983 70 22 andra
827 985 174 21 reservationen.

180 1013 35 22 De
238 1014 54 27 säga
315 1013 121 28 nämligen;
469 1013 65 26 ,Man
557 1014 40 21 har
619 1014 74 21 ansett
716 1013 77 28 frågan
817 1019 54 16 vara
887 1013 34 22 för
936 1014 66 27 tidigt

180 1043 73 22 väckt.
277 1043 35 22 Dä
327 1043 57 22 blott
399 1045 32 19 ett
447 1043 85 22 mindre
547 1043 61 22 antal
624 1043 131 22 kommuner
769 1043 8 22 i
792 1043 76 22 landet
878 1043 123 22 tillsvidare

180 1073 69 22 hafva
265 1073 7 21 i
287 1073 34 22 sin
339 1073 69 28 tjenst
431 1073 82 22 anstält
535 1079 28 16 en
586 1073 213 26 kommunalläkare,
820 1073 91 22 hvilken
926 1073 78 22 kunde

181 1103 102 22 effektivt
304 1103 122 22 öfvervaka
449 1102 142 28 sjukvärden,
617 1103 42 21 har
680 1109 52 15 man
747 1104 55 21 trott
816 1103 35 28 sig
866 1109 42 22 ega
924 1102 75 23 anled-

180 1133 53 27 ning
248 1135 33 19 att
297 1133 84 26 befara,
397 1134 33 20 att
445 1133 7 21 i
463 1133 96 22 flertalet
574 1133 131 22 kommuner
721 1133 189 27 sjuksköterskan,
927 1133 73 22 säsom

179 1162 50 22 icke
244 1162 150 22 underkastad
409 1162 120 28 tillräcklig
544 1162 101 27 kontroll,
662 1163 49 20 icke
721 1162 57 22 blott
788 1163 89 21 komme
888 1164 33 19 att
931 1163 70 22 blifva

180 1198 27 16 en
225 1191 133 22 vårdarinna
377 1192 35 22 för
427 1192 28 21 de
470 1192 72 27 sjuka,
559 1193 54 20 utan
628 1192 68 21 äfven
711 1191 115 29 lätteligen
843 1192 108 21 frestades
967 1194 36 20 att

179 1221 102 22 bedrifva
303 1221 172 23 kvacksalfveri.
506 1221 51 22 Man
580 1222 40 21 har
645 1221 28 28 pä
696 1221 73 22 denna
791 1222 71 27 grund
885 1221 67 28 yrkat
967 1224 33 19 att

179 1251 121 28 petitionen
316 1251 49 22 icke
381 1251 72 22 skulle
469 1251 116 22 föranleda
600 1251 33 21 till
649 1251 72 28 nägon
738 1251 77 28 ätgärd
832 1251 49 21 frän
896 1251 106 22 Ständer-

179 1287 40 16 nas
242 1281 69 22 sida”.
341 1281 46 22 Det
409 1281 41 21 har
473 1281 86 22 således
579 1281 67 21 äfven
664 1281 131 22 framhållits
811 1282 34 20 att
859 1281 142 22 anställande

179 1311 26 21 af
217 1311 181 26 sjuksköterskor
417 1311 3 20 i
435 1310 162 21 kommunerna
611 1310 50 21 icke
676 1310 68 21 borde
760 1311 128 26 befrämjas,
905 1311 94 21 emedan

179 1339 37 22 det
231 1340 25 20 är
275 1339 88 28 möjligt
379 1341 34 20 att
428 1345 27 15 en
471 1339 168 27 sjuksköterska
656 1339 44 21 kan
715 1339 70 22 blifva
802 1339 84 22 frestad
901 1340 33 21 att
949 1339 53 22 icke

178 1369 55 29 göra
256 1369 33 21 sin
313 1369 134 28 skyldighet,
471 1370 54 21 utan
548 1370 33 20 att
599 1368 54 28 göra
669 1368 121 29 nägonting
806 1370 68 20 annat
889 1369 55 21 eller
958 1369 45 22 här

178 1401 33 20 att
226 1399 102 22 bedrifva
347 1398 170 23 kvacksalfveri,
560 1398 22 22 En
598 1398 115 22 menniska
729 1398 43 22 kan
786 1399 26 28 ju
828 1398 70 22 blifva
914 1399 84 22 frestad

177 1429 34 22 till
230 1429 90 28 mycket
338 1429 41 22 och
393 1429 41 28 jag
449 1434 76 17 menar
547 1430 33 20 att
595 1429 38 21 det
648 1428 49 22 icke
712 1429 71 22 finnes
798 1429 73 28 nägon
886 1429 115 22 verksam-

177 1460 39 22 het
231 1460 7 21 i
254 1459 97 28 kyrkans
368 1459 54 22 eller
437 1460 84 21 statens
537 1459 76 28 tjenst,
629 1458 40 22 der
683 1459 49 22 icke
748 1459 161 22 innehafvaren
924 1459 26 22 af
961 1459 37 22 be-

177 1490 126 27 fattningen
327 1490 43 21 kan
394 1489 71 22 blifva
484 1489 85 22 frestad
584 1490 34 21 att
631 1489 50 22 icke
698 1489 101 28 uppfylla
815 1489 34 22 sin
864 1489 62 29 pligt,
944 1489 57 22 eller

178 1521 32 22 att
233 1519 54 30 göra
310 1519 121 29 nägonting
447 1521 72 20 annat.
551 1519 33 22 En
599 1520 67 27 prest,
684 1525 27 16 en
727 1519 127 27 skollärare,
871 1525 27 16 en
914 1519 85 28 läkare,
