1100 1809
420 112 78 18 Helmik.
513 113 23 17 10
548 117 17 18 p.
828 115 41 19 157

150 167 70 28 jonka
247 166 124 22 anomuksen
398 166 62 28 tekijä
490 166 84 23 ehdotti
600 166 173 23 lähetettäväksi
801 167 100 29 yleiseen

80 197 254 23 anomusvaliokuntaan
339 205 5 19 ;

152 227 149 22 Puhevuoron
317 228 107 20 saatuaan
440 227 73 21 lausui
528 228 75 20 tämän
617 227 105 27 johdosta

152 256 124 22 Professori
297 256 111 27 Runeberg:
427 256 44 29 Jag
486 256 98 28 begärde
602 257 70 25 ordet,
688 256 82 22 medan
785 257 115 27 petitionä-

81 293 40 16 ren
137 286 75 23 anhöll
227 292 37 16 om
280 288 33 19 att
323 286 122 27 petitionen
456 286 72 22 skulle
538 286 88 22 skickas
636 286 34 22 till
680 286 220 22 ekonomiutskottet.

80 317 44 28 Jag
146 316 78 22 tänkte
247 317 106 20 motsätta
375 316 45 27 mig
439 316 63 21 detta
518 316 90 27 förslag.
639 316 44 27 Jag
697 317 25 20 är
738 316 110 25 tveksam,
864 321 36 16 om

82 347 38 22 det
135 345 151 23 ofverhufvud
302 346 25 20 är
342 345 49 22 skäl
406 346 33 21 att
454 345 114 22 remittera
578 345 72 22 denna
661 345 93 28 petition
764 345 34 22 till
809 345 92 28 utskott,

82 377 28 22 dä
126 377 43 21 den
183 375 124 22 innehäller
323 375 90 28 förslag,
429 375 76 22 hvilka
520 375 49 22 icke
582 381 68 22 synas
660 375 26 22 af
694 375 69 28 nägra
773 375 129 29 synnerliga

82 406 189 28 omständigheter
289 412 56 15 vara
360 405 136 22 motiverade
512 407 34 20 att
560 405 71 22 säsom
648 405 184 28 ständerpetition
847 411 54 23 upp-

82 439 70 26 tagas.
184 436 44 21 Det
248 436 25 21 är
293 435 107 28 naturligt
415 437 33 20 att
463 435 49 22 värt
527 435 53 22 land
595 435 40 22 har
650 435 71 22 behof
734 435 26 22 af
773 435 129 28 sjukinrätt-

82 467 79 27 ningar
176 466 26 21 af
215 465 156 28 mängahanda
386 465 49 28 slag
446 465 40 22 och
497 465 75 22 ibland
583 465 57 26 dem,
651 465 73 22 sävidt
734 465 168 22 förhällandena

82 497 38 21 det
135 495 121 28 medgifva,
277 495 199 28 sjukinrättningar
492 495 70 22 delvis
578 495 132 22 ätminstone
726 495 93 22 afsedda
835 496 67 21 äfven

83 526 35 21 för
129 526 28 21 de
167 525 136 28 sjukdomar,
315 531 48 16 som
375 525 61 21 detta
447 525 219 28 petitionsmemorial
676 525 71 21 berör.
772 525 50 22 Men
834 525 68 28 några

83 555 196 28 omständigheter,
304 561 47 15 som
376 554 72 22 skulle
471 554 87 28 päkalla
579 555 131 22 ständernas
727 554 131 29 ingripande
874 555 28 28 pä

82 586 62 21 detta
167 584 96 27 omräde,
288 591 68 21 synas
379 584 46 29 mig
444 585 110 28 knappast
573 584 126 23 förefinnas.
731 584 51 22 Man
797 585 41 21 har
853 585 49 21 icke

82 615 72 28 nägon
170 614 120 28 anledning
306 616 33 20 att
353 614 95 22 betvifla
464 615 33 21 att
511 614 167 22 vederbörande
689 615 157 27 myndigheter
856 615 46 21 vid-

82 647 53 26 taga
158 645 44 21 alla
226 643 109 29 ätgärder,
359 649 48 16 som
429 645 37 20 äro
488 644 92 28 möjliga
600 645 32 20 att
651 643 136 29 genomföra.
818 643 41 22 Att
874 644 28 21 de

82 674 173 29 Onskningsmäl,
276 680 49 16 som
345 674 7 21 i
370 674 122 27 petitionen
513 673 135 27 framhållas,
664 673 72 22 skulle
752 674 68 21 hafva
836 673 67 29 något

83 705 112 22 företräde
220 703 94 23 framför
336 703 152 29 mängfaldiga
509 704 69 22 andra
601 703 165 29 önskningsmäl
789 704 7 21 i
817 710 87 16 samma

83 735 105 28 riktning,
204 735 63 21 torde
283 734 111 28 knappast
408 740 55 15 vara
479 734 68 22 fallet.
579 734 50 21 Men
645 734 28 21 dä
688 733 146 29 petitionären
849 733 56 28 sjelf

84 765 92 22 föreslär
192 766 33 20 att
240 764 122 29 petitionen
377 764 125 22 remitteras
518 764 33 21 till
566 764 113 22 allmänna
688 764 214 27 petitionsutskottet

82 795 43 22 och
141 795 61 22 detta
219 794 33 22 fär
268 794 35 22 till
318 794 35 28 sig
368 794 129 22 remitterad
512 800 28 15 en
555 794 69 22 sädan
640 793 81 29 mängd
737 794 118 28 petitioner
870 795 33 21 att

84 825 38 22 det
138 825 54 27 sjelf
206 824 70 22 mäste
292 823 116 28 dervidlag
422 823 56 28 göra
492 824 64 21 urval
572 824 25 21 af
610 824 58 26 dem,
684 829 48 16 som
746 825 38 20 äro
796 824 107 27 förtjenta

84 855 26 22 af
123 855 132 22 ständernas
275 853 204 30 uppmärksamhet,
500 853 24 22 sä
539 853 38 22 vill
591 854 41 27 jag
647 854 49 21 icke
711 853 71 22 heller
798 855 105 20 motsätta

85 885 45 29 mig
144 884 85 22 remiss.

156 915 203 28 Tuomiokapitulin
375 915 95 21 asessori
484 914 89 27 Tallgren
584 914 77 28 luopui
671 914 231 27 puheenvuorostaan.

155 962 152 22 Keskustelun
323 962 102 27 loputtua
438 961 124 22 lähetettiin
572 961 47 28 yllä
629 961 102 22 mainittu
742 961 161 22 anomusehdo-

85 995 36 20 tus
137 999 35 16 n:o
190 993 35 27 31)
241 992 90 28 yleiseen
348 991 236 27 anomusvaliokuntaan;

156 1041 36 16 n:o
204 1035 42 27 32),
257 1033 185 29 Lääninprovasti
453 1033 73 22 Wallen
538 1034 89 21 tekemä
635 1034 189 22 anomusehdotus
833 1033 71 22 raken-

85 1065 113 22 nuskaaren
215 1064 29 21 24
260 1064 57 21 luvun
333 1064 20 27 4,
370 1064 14 21 5
398 1063 22 27 ja
436 1064 13 21 6
464 1063 47 29 88:n
528 1063 193 28 lakkauttamisesta,

156 1095 69 27 jonka
239 1094 105 28 johdosta
359 1094 174 28 puheenvuoron
548 1095 109 20 saatuaan
672 1093 72 22 lausui

156 1124 184 28 Lääninprovasti
363 1123 71 22 Walle:
456 1124 56 21 Tätä
532 1124 60 21 asiaa
608 1130 28 15 on
650 1124 24 27 jo
690 1129 72 16 ennen
777 1123 128 22 armollisen

86 1155 114 27 esityksen
214 1154 105 27 johdosta
335 1154 105 28 käsitelty
456 1154 223 26 lakivaliokunnassa,
701 1155 66 20 mutta
781 1153 41 23 kun
839 1154 65 21 aivan

86 1191 92 15 samaan
193 1185 96 27 ponteen
305 1185 108 26 päättyvä
428 1183 188 22 anomusehdotus
632 1189 35 20 on,
683 1183 69 22 kuten
767 1183 76 22 tämän
859 1183 45 28 päi-

85 1215 93 21 väisistä
193 1214 189 21 sanomalehdistä
398 1213 50 22 olen
463 1213 92 28 nähnyt,
571 1213 134 22 ritaristossa
718 1213 26 27 ja
759 1213 105 22 aatelissa
875 1213 30 21 lä-

85 1245 88 27 hetetty
188 1243 239 27 talousvaliokuntaan,
444 1243 21 22 ei
480 1243 92 22 minulla
587 1243 108 22 suinkaan
711 1243 35 21 ole
762 1243 84 21 mitään
856 1248 49 16 vas-

85 1276 60 24 taan,
160 1275 36 26 jos
211 1273 118 22 katsotaan
345 1273 80 22 olevan
440 1274 66 27 syytä
522 1273 121 22 noudattaa
658 1272 112 22 ritariston
784 1273 25 27 ja
823 1272 83 22 aatelin

86 1303 140 22 esimerkkiä.
257 1303 92 22 Omasta
369 1302 125 28 puolestani
512 1303 44 21 olin
572 1302 96 22 arvellut
683 1303 47 20 että
745 1302 161 21 anomusehdo-

86 1333 82 22 tuksen
185 1333 178 21 käsitteleminen
379 1333 86 21 kuuluu
480 1332 216 22 lakivaliokunnalle.

158 1380 54 21 Yllä
227 1380 102 21 mainittu
345 1380 188 21 anomusehdotus
548 1386 36 15 n:o
596 1379 35 28 32)
641 1379 126 22 lähetettiin
777 1378 128 22 talousvalio-

88 1409 96 26 kuntaan;

158 1455 36 16 n:o
221 1449 35 27 33)
284 1449 184 28 Lääninprovasti
497 1449 73 21 Wallen
601 1449 90 21 tekemä
718 1449 188 22 anomusehdotus

86 1479 151 22 naimiskaaren
253 1477 23 23 12
293 1479 56 21 luvun
365 1478 8 21 1
389 1479 21 27 ja
425 1478 13 21 2
455 1478 33 29 8:n
505 1478 166 27 muuttamisesta,

157 1509 55 29 joka
222 1509 124 22 anomuksen
353 1508 74 28 tekijän
437 1509 135 28 esityksestä
582 1508 124 22 lähetettiin
716 1507 190 27 lakivaliokuntaan
897 1503 14 39 ;
