1100 1814
237 120 41 20 146
544 116 78 20 Helmik.
637 118 22 18 10
671 122 17 18 p.

276 172 124 21 Professori
423 172 113 26 Runeberg:
560 171 10 21 I
593 172 43 21 den
659 171 69 28 fråga,
752 177 48 16 som
823 171 91 22 beröres
929 171 8 22 i
952 171 73 22 denna

205 201 100 29 petition,
321 201 75 21 kunde
408 201 27 27 ju
450 207 55 15 vara
520 201 90 27 mycket
625 202 33 20 att
668 202 67 26 yttra,
745 206 51 16 men
805 201 41 27 jag
856 200 39 22 vill
905 200 121 22 inskränka

205 231 46 28 mig
274 231 35 21 för
333 230 73 22 denna
428 230 59 29 gång
510 231 78 21 endast
610 230 34 22 till
659 231 34 21 att
707 230 88 28 påpeka
809 236 29 16 en
853 230 172 28 omständighet,

205 261 92 21 hvilken
317 261 7 21 i
342 260 122 28 petitionen
487 260 79 28 tyckes
588 260 69 22 hafva
675 260 75 22 blifvit
765 260 120 27 förbisedd,
901 266 52 16 men
968 260 58 22 dock

205 290 38 22 vid
258 290 91 28 frågans
364 290 136 28 behandling
515 290 6 21 i
532 290 109 22 utskottet
651 289 41 23 bör
701 290 94 22 beaktas
808 290 41 22 och
860 290 166 28 otvifvelaktigt

206 320 67 22 äfven
289 320 26 22 af
328 320 109 22 utskottet
452 320 100 21 kommer
568 321 32 21 att
616 320 99 22 beaktas.
742 320 151 22 Petitionären
904 320 40 21 har
959 320 65 21 fram-

205 349 63 23 hållit
291 351 33 20 att
347 349 77 29 frågan
448 355 36 16 om
506 350 64 21 dessa
593 350 264 28 undantagskategoriers
881 350 145 28 aflägsnande

205 386 61 16 vann
281 379 121 22 understöd
418 380 58 21 inom
493 379 44 22 alla
548 379 65 22 stånd
623 379 38 22 vid
672 379 89 28 frågans
772 379 136 29 behandling
918 380 37 21 vid
969 382 56 19 1885

205 410 35 21 års
256 409 108 28 landtdag
379 409 41 22 och
437 410 61 21 detta
514 410 24 21 är
546 410 27 27 ju
583 409 82 28 riktigt.
694 409 51 22 Men
756 410 32 21 uti
798 409 122 28 petitionen
931 409 95 22 förbises

206 440 43 22 den
272 439 193 29 omständigheten
486 440 34 21 att
538 440 78 27 frågan
636 445 37 16 om
693 439 65 23 dessa
774 439 252 29 undantagskategorier

206 470 28 22 då
255 476 41 16 var
319 469 191 22 sammanbunden
529 469 50 22 med
595 469 166 29 bestämningar
777 469 115 28 angående
907 470 119 22 valcensus

206 500 41 22 och
263 499 50 22 med
331 499 77 28 frågan
424 506 35 15 om
476 505 28 16 en
519 499 8 21 i
542 500 110 27 grundlag
666 499 95 29 stadgad
772 500 141 28 bestämning
924 505 36 16 om
970 499 55 22 röst-

206 529 78 22 skalan
300 529 37 21 vid
353 529 37 21 val
406 529 32 21 till
455 529 188 28 borgareståndet.
675 529 38 22 Uti
728 529 146 28 regeringens
889 529 137 29 proposition

206 559 109 29 föreslogs
344 559 292 28 undantagskategoriernas
661 559 160 29 inskränkning
849 560 63 25 ,med
938 559 87 28 hänsyn

205 589 46 22 till*
270 589 43 22 den
327 589 190 22 minimi-inkomst
532 590 26 21 af
571 592 43 19 800
629 589 70 27 mark,
715 595 48 16 som
779 589 73 22 skulle
866 589 112 28 berättiga
992 589 33 22 till

206 619 133 28 deltagande
354 619 7 22 i
377 619 37 22 val
429 619 35 22 till
478 619 189 28 borgareständet.
694 619 37 22 Uti
742 619 154 28 ridderskapet
907 619 41 22 och
960 619 65 22 adeln

206 651 58 20 samt
288 649 184 28 borgareständet
496 649 129 28 godkändes
649 649 108 28 förslaget
774 655 37 16 om
830 649 155 28 aflägsnandet
1002 649 27 22 af

206 679 65 22 dessa
295 679 253 28 undantagskategorier
564 679 70 22 under
649 679 160 28 förutsättning
824 679 26 22 af
864 685 28 16 en
907 685 80 16 census
1002 679 27 22 af

206 709 67 22 minst
289 712 43 19 800
348 709 70 27 mark,
434 709 7 21 i
456 709 154 28 ridderskapet
625 709 41 22 och
682 709 67 22 adeln
763 709 69 28 nägot
846 709 76 28 högre.
946 709 81 22 Denna

206 739 166 28 omständighet
392 740 24 21 är
439 739 141 28 naturligtvis
603 739 27 22 af
650 739 81 22 största
754 739 116 28 betydelse
886 739 35 22 för
936 745 89 22 genom-

207 769 102 22 förandet
331 769 26 22 af
375 769 43 22 den
441 769 7 22 i
463 769 44 22 alla
522 769 106 22 afseende
644 769 126 22 önskvärda
785 769 112 22 reformen
912 771 34 20 att
961 770 66 21 dessa

206 799 254 29 undantagskategorier
479 799 72 22 skulle
572 799 131 22 inskränkas
724 799 33 22 till
777 799 37 22 det
830 800 80 21 minsta
926 799 99 29 möjliga,

206 831 32 26 ty,
254 835 37 16 om
306 829 49 22 icke
366 829 114 28 samtidigt
491 829 97 28 dermed,
600 835 48 16 som
658 830 112 21 valrätten
779 830 126 21 utsträckes
916 829 34 22 till
960 830 66 21 dessa

206 865 45 22 nya
266 859 133 28 kategorier,
416 865 27 16 en
458 859 102 22 bestämd
576 859 32 22 uti
619 859 109 29 grundlag
739 859 85 22 fixerad
836 866 79 15 census
926 859 98 28 stadgas,

207 891 53 20 utan
276 895 80 22 genom
373 889 143 22 kommunala
530 889 74 22 beslut
620 889 110 22 skattöret
745 889 44 22 kan
804 889 115 22 nedsättas
934 889 68 22 äfven
1017 889 8 22 i

206 919 54 22 våra
281 919 83 22 största
384 919 74 22 städer
478 919 34 22 till
530 923 42 18 200
594 919 63 22 mark
677 920 41 21 och
739 919 93 22 sålunda
846 920 85 26 ;valrätt
946 919 80 22 vinnas

207 949 50 22 med
279 955 28 16 en
325 949 97 22 inkomst
438 949 26 22 af
477 952 42 19 400
535 949 70 28 mark,
621 949 25 22 sä
660 949 73 22 skulle
749 949 110 22 valrätten
874 951 55 20 utan
944 949 81 28 nägon-

207 979 60 28 slags
287 979 159 28 inskränkning
466 980 125 21 utsträckas
611 979 34 22 till
665 980 91 27 mycket
774 980 60 21 stora
850 979 176 28 samhällslager,

206 1009 77 22 hvilka
305 1009 7 22 i
335 1009 64 28 ringa
422 1009 54 28 grad
500 1010 37 21 äro
561 1009 7 22 i
590 1009 122 28 besittning
734 1009 26 22 af
777 1009 27 22 de
820 1009 142 29 betingelser,
977 1015 47 16 som

206 1040 92 21 kräfvas
319 1039 35 22 för
373 1041 33 20 att
421 1039 28 28 pä
465 1041 33 20 ett
513 1039 184 28 ändamälsenligt
712 1040 45 22 sätt
771 1039 34 22 till
820 1039 130 22 samhällets
966 1046 59 21 gagn

207 1070 102 28 begagna
325 1069 34 28 sig
374 1069 26 22 af
414 1069 72 22 denna
500 1069 89 22 valrätt.
616 1069 45 23 Det
675 1069 75 22 kunde
766 1069 80 27 hända,
862 1076 36 15 om
912 1069 113 29 petitions-

207 1099 108 29 förslaget
335 1099 129 29 godkändes
484 1101 53 20 utan
557 1101 33 20 att
609 1100 6 21 i
637 1100 110 27 grundlag
768 1099 73 28 nägon
856 1106 80 16 census
953 1099 72 23 skulle

206 1130 89 24 fixeras,
311 1130 33 20 att
359 1129 118 21 resultatet
492 1129 72 22 skulle
579 1129 71 22 blifva
664 1129 113 27 betydligt
791 1131 69 20 annat
876 1130 28 21 än
920 1129 38 22 det
971 1130 54 27 peti-

207 1158 101 22 tiönären
323 1158 56 28 sjelf
392 1159 40 21 har
442 1159 84 21 väntat.
549 1158 53 22 Helt
612 1158 76 22 säkert
698 1159 75 21 blefve
783 1159 113 22 valrätten
905 1159 8 21 i
922 1159 103 28 borgare-

207 1188 88 22 ständet
311 1188 27 22 dä
354 1188 61 28 bygd
430 1188 28 28 pä
473 1188 92 22 alldeles
581 1188 69 22 andra
668 1188 111 28 principer
794 1189 28 21 än
839 1189 57 26 dem,
912 1188 28 29 pä
950 1188 76 22 hvilka

206 1218 41 22 vär
264 1218 176 28 representation
461 1218 35 22 för
514 1218 68 28 öfrigt
602 1219 24 21 är
646 1218 103 22 baserad.
781 1218 34 28 Ty
830 1219 34 21 uti
879 1218 45 22 alla
939 1218 63 22 stånd
1018 1218 7 21 i

207 1248 39 22 vär
261 1248 176 28 representation
456 1249 24 20 är
490 1248 44 22 den
543 1248 114 28 principen
668 1247 168 29 genomgäende
846 1249 33 21 att
890 1248 38 22 det
938 1249 87 20 väsent-

207 1278 45 28 liga
268 1277 133 28 inflytandet
412 1277 36 21 vid
459 1277 65 22 valen
534 1278 104 28 tillägges
649 1277 28 22 de
688 1278 126 28 kategorier
826 1278 25 21 af
859 1277 167 29 befolkningen,

208 1308 39 21 hos
270 1307 77 22 hvilka
369 1313 53 15 man
444 1307 40 22 har
502 1307 50 22 skäl
567 1309 33 20 att
615 1308 68 21 vänta
699 1313 27 15 en
742 1307 69 28 högre
827 1307 53 28 grad
898 1308 26 21 af
936 1307 90 28 politisk

206 1337 68 27 insigt
297 1337 41 22 och
357 1336 104 28 politiska
476 1337 115 22 intressen.
622 1337 163 27 Borttagandet
800 1337 25 21 af
839 1337 186 27 undantagskate-

206 1366 103 27 gorierna
332 1372 67 21 synes
422 1366 76 21 derför
521 1366 110 27 svärligen
654 1366 75 21 kunna
745 1366 142 28 genomföras
903 1368 53 20 utan
972 1366 54 21 fixe-

206 1395 80 22 randet
301 1394 26 22 af
340 1399 80 17 census
435 1396 41 21 och
492 1401 28 15 en
535 1395 8 21 i
558 1395 110 27 grundlag
684 1395 102 21 bestämd
801 1395 173 22 rösträttsskala.

278 1424 124 22 Professori
426 1424 106 22 Forsman:
556 1424 70 22 Tämä
648 1425 156 29 pyyntöesitys
819 1426 131 22 arvatenkin
965 1425 62 23 tulee

207 1455 174 21 lähetettäväksi
396 1455 210 27 lakivaliokuntaan,
621 1455 62 28 jossa
698 1455 60 22 minä
772 1455 61 22 istun
846 1456 114 27 jäsenenä.
987 1455 40 22 Mi-

207 1514 71 23 Mutta
293 1515 71 22 koska
380 1515 74 22 varsin
469 1515 114 23 luultavaa
599 1521 29 16 on
643 1516 53 26 että,
712 1516 113 22 varsinkin
841 1516 81 22 näiden
938 1516 89 22 monien
