1109 1823
215 132 42 18 634
523 128 85 18 Maalisk.
623 129 22 17 30
659 133 16 17 p.

185 183 134 24 förfarande,
340 182 24 22 så
378 182 69 22 borde
464 182 61 21 detta
540 182 7 21 i
563 182 38 28 lag
616 188 54 15 vara
687 181 119 28 förbjudet,
824 187 50 15 men
890 181 67 27 något
972 181 32 21 så-

184 213 54 21 dant
262 212 83 28 förslag
368 212 40 28 gör
431 212 49 21 icke
502 212 110 21 utskottet
630 211 41 22 och
687 211 48 21 icke
751 211 70 21 heller
836 212 168 20 reservanterna

184 248 35 16 n:o
240 244 20 19 2.
292 242 178 21 Reservanterna
490 241 68 22 hafva
574 241 50 21 sökt
640 240 137 29 ådagalägga
793 242 33 21 att
842 241 36 21 det
894 240 72 22 skulle
982 240 25 22 af

184 278 30 16 nu
231 272 103 28 gällande
350 271 108 27 banklags
474 271 58 21 anda
548 271 42 22 och
606 271 60 27 syfte
683 270 91 29 framgå,
790 272 32 20 att
833 276 27 16 en
872 271 60 27 dylik
943 273 62 25 pant-

184 302 99 27 sättning
307 301 23 23 af
354 301 99 22 bankens
475 301 121 28 tillgångar
618 301 49 21 icke
690 300 33 22 får
746 306 42 22 ega
808 306 55 21 rum,
880 301 42 21 och
938 301 67 21 hafva

185 332 61 21 stödt
267 332 61 21 detta
349 331 27 28 på
392 331 137 28 banklagens
545 332 13 26 $
575 334 19 21 9,
611 337 47 15 som
676 330 151 28 föreskrifver,
843 331 77 21 hvilka
935 330 71 28 åtgär-

185 362 46 26 der,
255 368 47 14 som
325 361 55 21 böra
402 361 109 27 vidtagas,
533 361 27 21 då
580 361 100 21 bankens
702 360 144 28 aktiekapital
861 361 40 21 har
918 360 88 22 förmin-

184 392 62 21 skats
268 397 80 21 genom
370 391 112 26 förluster,
499 390 20 22 d.
536 397 21 15 v.
574 397 17 15 s.
608 391 40 21 när
664 390 98 22 bankens
778 390 91 22 skulder
884 390 122 28 öfverstiga

186 421 99 22 bankens
306 420 118 28 tillgångar
442 420 148 22 inberäknadt
604 420 173 28 aktiekapitalet.
810 421 40 21 Att
864 426 31 16 nu
911 420 37 21 det
964 420 42 22 för-

185 450 109 27 hållande,
311 456 48 17 som
374 451 6 21 i
397 450 96 22 nämnde
508 450 12 27 $
536 450 98 26 beröres,
650 450 49 22 icke
714 450 41 22 har
770 449 133 29 någonslags
919 450 88 28 analogi

186 481 50 22 med
258 481 43 26 det,
318 482 33 21 att
366 480 100 22 bankens
482 480 119 28 tillgångar
617 480 78 21 bindas
711 480 72 21 såsom
800 481 104 21 säkerhet
921 481 34 21 för
970 480 36 22 lån

185 511 29 28 på
228 511 78 28 längre
322 511 38 25 tid,
377 511 24 21 är
417 510 37 22 väl
469 511 121 27 sjelffallet.
622 510 69 22 Detta
706 510 92 22 innebär
815 510 49 23 icke
879 510 74 28 någon
964 510 42 21 för-

186 541 45 21 lust
254 541 26 21 af
299 541 100 21 bankens
418 541 89 26 kapital.
539 540 46 22 Det
599 541 41 21 har
656 541 66 27 ingen
738 540 88 27 analogi
842 540 50 22 med
909 541 38 20 det
963 540 43 21 för-

185 571 110 25 hållande,
310 577 49 15 som
375 570 61 21 alltid
453 570 69 21 måste
538 576 66 16 anses
620 570 105 21 innebära
742 577 27 14 en
786 570 54 27 fara,
852 571 112 27 nämligen
975 571 33 20 att

186 601 120 21 skulderna
329 601 123 27 öfverstiga
472 600 154 28 tillgångarna.
658 600 51 21 Icke
730 600 70 21 heller
815 600 71 22 finnes
903 607 27 14 en
946 600 61 27 dylik

186 631 87 27 analogi
298 630 49 21 med
370 630 132 28 stadgandet
523 630 7 21 i
546 631 13 25 $
576 633 19 18 6.
628 629 41 22 Om
685 631 12 26 $
714 633 19 23 6,
750 630 72 21 såsom
839 633 169 19 reservanterna

186 660 50 21 sökt
252 660 125 21 framställa
393 660 75 25 saken,
486 659 73 22 skulle
577 659 111 22 innehålla
705 661 32 20 ett
754 660 79 21 förbud
850 660 34 21 för
900 660 59 21 bank
975 661 33 20 att

187 689 102 22 nedsätta
311 689 48 22 sina
375 689 118 28 tillgångar
508 689 7 21 i
532 689 137 28 fastigheter,
686 689 74 22 kunde
776 689 38 22 det
828 690 26 27 ju
870 695 74 22 synas,
960 695 47 16 som

188 725 36 16 om
246 719 136 22 innebörden
398 719 26 21 af
437 719 62 21 detta
514 719 124 28 stadgande
654 719 72 21 skulle
742 725 54 16 vara
812 720 32 20 att
861 719 104 27 förbjuda
980 725 28 15 en

187 749 113 28 placering
321 749 25 21 af
364 749 100 21 bankens
480 749 119 27 tillgångar
614 749 7 21 i
637 748 197 22 svårrealiserbara
850 749 54 21 eller
920 749 28 27 på
962 749 46 21 län-

187 785 39 22 gre
250 779 30 20 tid
305 779 90 21 bundna
418 778 144 28 placeringar.
596 778 49 22 Men
669 784 36 15 om
729 785 51 14 man
799 779 59 21 läser
873 779 12 26 8
903 781 19 24 6,
938 778 70 22 finner

190 815 50 15 man
264 810 33 20 att
318 808 43 21 den
377 809 41 21 har
434 808 99 27 följande
548 808 97 28 lydelse:
680 808 76 25 Bank
773 808 33 22 får
821 809 20 27 ej
858 808 73 22 drifva
947 809 61 21 indu-

187 838 62 22 striel
272 838 84 21 rörelse
380 837 54 22 eller
454 838 81 21 handel
558 839 50 20 med
625 839 67 20 annat
708 839 28 20 än
752 838 53 27 guld
821 839 41 20 och
878 839 84 25 silfver,
977 839 31 20 in-

187 869 41 20 och
250 868 168 26 utrikesvexlar,
440 868 137 27 invisningar
596 868 41 22 och
653 868 135 21 banksedlar
803 870 58 20 samt
876 869 70 21 andra
961 869 47 21 kre-

188 898 121 28 ditpapper.
341 898 63 22 Dock
420 897 36 22 må
472 897 34 22 för
521 898 101 22 bankens
638 898 89 22 fordran
743 899 99 26 pantsatt
858 898 54 22 eller
928 899 81 21 utmätt

187 928 109 28 egendom
321 928 23 21 af
366 929 68 20 annat
454 928 54 27 slag,
525 928 40 21 der
581 928 42 21 den
640 928 20 28 ej
678 928 25 21 af
716 928 136 28 gäldenären
868 929 90 23 utlöses,
976 929 34 21 för

187 958 99 22 bankens
302 958 94 28 räkning
411 958 95 27 inropas,
524 964 50 15 men
590 958 57 21 skall
663 957 47 22 åter
726 958 112 27 föryttras,
855 958 23 21 så
894 960 61 20 snart
972 959 37 21 det

189 988 43 21 kan
255 988 39 20 ske
319 987 127 27 förmånligt
467 988 55 20 eller
541 987 50 21 med
608 987 80 22 minsta
704 987 91 28 möjliga
812 988 79 21 förlust
908 988 34 22 för
958 988 51 22 ban-

188 1018 50 21 ken.
270 1017 44 21 Det
335 1018 25 20 är
380 1017 21 27 ej
422 1017 70 21 heller
508 1017 59 22 bank
583 1017 126 22 förmenadt
724 1019 33 20 att
773 1024 42 22 ega
832 1018 114 28 fastighet,
962 1024 47 16 som

189 1047 34 22 för
246 1047 169 22 bankrörelsens
438 1047 147 22 bedrifvande
608 1047 45 21 kan
676 1054 54 14 vara
751 1048 118 28 behöflig*.
900 1048 69 22 Detta
985 1050 24 20 är

188 1077 86 21 säledes
298 1079 32 19 ett
353 1077 123 28 stadgande
500 1083 43 20 om,
568 1078 32 21 att
620 1083 27 15 en
663 1078 58 20 bank
737 1078 49 21 icke
803 1078 33 21 fär
852 1078 72 21 drifva
941 1078 68 21 andra

188 1107 82 21 affärer
292 1108 28 20 än
344 1107 50 21 med
418 1107 60 28 guld,
502 1107 78 21 silfver
595 1107 41 21 och
652 1107 164 28 kreditpapper.
847 1107 105 22 Bankens
967 1108 42 21 till-

189 1136 84 28 gängar
294 1136 22 22 fä
334 1136 86 22 säledes
436 1137 48 21 icke
501 1137 115 21 användas
631 1137 34 21 till
682 1139 32 20 att
730 1138 58 27 köpa
804 1138 41 21 och
861 1138 57 27 sälja
934 1138 76 28 fastig-

188 1167 64 21 heter
275 1167 42 21 och
338 1166 50 22 icke
412 1166 70 22 heller
505 1167 48 21 lösa
576 1167 101 24 effekter,
699 1168 53 21 utan
769 1173 27 16 en
812 1168 60 22 bank
888 1168 34 21 får
937 1168 73 22 drifva

187 1196 83 22 handel
290 1197 80 21 endast
390 1196 49 22 med
460 1196 163 28 kreditpapper.
656 1197 41 21 Om
713 1197 89 21 banken
817 1198 41 21 har
873 1198 89 21 belänat
977 1198 33 21 sä-

188 1226 58 22 dana
265 1226 157 28 kreditpapper
441 1228 46 20 mot
510 1229 55 25 pant
588 1226 25 22 af
628 1227 131 27 fastigheter
775 1227 55 21 eller
846 1228 43 21 löst
904 1228 106 27 hypotek,

188 1256 24 21 sä
233 1257 25 20 är
278 1256 44 21 den
336 1256 90 28 skyldig
441 1258 33 19 att
490 1256 93 27 försälja
599 1257 123 27 hypoteket
738 1263 36 15 om
789 1257 44 21 löst
848 1257 55 21 eller
919 1258 51 25 fast,
987 1258 24 21 sä

188 1288 62 18 snart
266 1285 38 21 det
319 1286 50 20 med
386 1286 126 27 möjligaste
529 1286 81 21 minsta
626 1286 80 21 förlust
721 1287 41 20 ske
772 1287 50 21 kan.
849 1287 91 21 Säledes
951 1288 59 20 inne-

189 1314 69 23 häller
281 1315 72 21 denna
376 1315 108 28 paragraf
504 1316 49 21 icke
572 1316 67 28 nägot
655 1316 104 21 särskildt
775 1316 81 22 förbud
872 1316 35 22 för
922 1316 89 22 banken

188 1346 34 20 att
237 1345 89 27 placera
342 1345 48 21 sina
406 1345 222 27 tilleodohafvanden
643 1345 6 21 i
666 1345 35 22 län
718 1345 26 27 pä
760 1346 77 26 längre
853 1346 31 22 tid
900 1346 55 21 eller
965 1346 46 21 bin-

190 1375 28 20 da
242 1374 50 20 dem
315 1374 7 20 i
344 1374 144 27 placeringar,
508 1380 48 15 som
572 1374 50 21 icke
638 1374 75 22 kunna
728 1375 82 21 snabbt
825 1375 117 21 realiseras
958 1376 54 20 utan

188 1404 33 20 ett
237 1403 79 21 förbud
334 1404 45 20 mot
394 1403 70 21 andra
479 1403 83 21 affärer
578 1404 28 21 än
623 1404 160 21 kreditaffärer.

261 1432 120 29 Samtidigt
404 1438 45 16 som
468 1439 51 15 man
534 1435 75 20 ansett
624 1434 33 21 att
673 1433 124 23 bankernas
814 1434 148 28 depositörers
978 1436 34 20 sä-

189 1462 79 23 kerhet
292 1463 39 21 bör
354 1462 129 28 tillgodoses
506 1469 81 21 genom
611 1464 79 22 förbud
712 1464 34 21 för
762 1464 87 22 banken
865 1466 33 20 att
913 1467 99 26 upptaga

190 1493 36 22 län
247 1492 27 28 pä
295 1493 77 28 längre
394 1492 206 30 äterbetalningstid
617 1494 45 22 mot
678 1496 54 26 pant
747 1494 25 22 af
786 1494 72 28 nägon
874 1495 35 21 del
926 1496 26 21 af
964 1496 48 21 sina

192 1522 229 28 tillgodohafvanden,
443 1523 23 21 sä
482 1523 40 21 har
538 1530 51 15 man
605 1524 100 22 hvarken
720 1524 61 22 velat
796 1524 55 22 eller
866 1525 86 22 kunnat
966 1526 47 22 hin-
