1100 1795
415 106 79 18 Helmik.
509 107 21 17 12
543 111 17 18 p.
823 109 43 20 169

148 159 54 23 Ensi
222 160 81 21 sivulla
322 166 29 16 on
371 160 65 22 aivan
455 161 91 21 selvästi
562 161 135 28 painovirhe,
711 161 50 26 jota
775 161 121 28 professori

77 189 93 23 Palmén
194 189 70 22 täällä
285 189 132 27 huomautti,
440 191 82 21 vaikka
538 190 42 22 sitä
596 191 20 21 ei
632 190 35 23 ole
682 190 68 22 ikävä
765 190 61 28 kyllä
843 190 53 22 huo-

79 221 70 20 mattu
164 219 93 27 korjata.

149 249 75 28 Piispa
244 246 99 30 Råbergh:
363 249 75 22 Jemte
459 249 38 22 det
514 250 41 27 jag
574 249 89 22 förenar
678 250 45 27 mig
739 249 50 22 med
805 251 91 26 prosten

77 278 132 27 Johansson,
231 278 38 22 vill
290 279 40 28 jag
349 280 124 27 yttermera
492 281 87 24 nämna,
596 281 33 20 att
644 285 52 16 man
711 279 60 22 inom
787 279 111 22 utskottet

78 308 68 28 ansåg
167 308 38 21 det
227 315 54 15 vara
301 308 101 29 lämpligt
425 310 33 20 att
472 309 47 27 just
536 309 70 22 uttala
621 309 35 28 sig
671 308 72 22 såsom
759 309 114 22 slutorden
889 309 8 22 i

76 337 152 23 betänkandet
242 338 59 28 lyda.
328 338 147 29 Naturligtvis
486 339 74 22 kunde
570 339 109 22 utskottet
689 338 50 22 icke
750 338 82 22 föreslå
843 345 52 22 upp-

78 368 120 22 ställandet
212 368 26 22 af
251 368 68 28 något
334 368 72 22 vilkor
421 368 36 22 för
472 369 136 27 antagandet
622 369 27 22 af
662 369 43 21 den
715 369 122 28 kejserliga
847 375 49 22 pro-

77 398 130 28 positionen,
224 404 50 16 men
291 404 51 16 man
357 398 70 28 ansåg
443 399 56 21 dock
514 398 99 23 tillfället
628 405 54 15 vara
697 400 106 26 gynsamt
818 399 35 22 för
863 400 34 21 att

78 428 66 21 äfven
166 428 7 21 i
196 428 43 21 den
259 427 50 23 mån
325 428 61 22 detta
402 434 40 15 var
457 428 88 27 möjligt
560 428 86 28 afgifva
662 430 32 19 ett
709 428 121 26 uttalande,
848 434 48 16 som

78 457 74 22 kunde
176 457 93 28 bidraga
292 457 34 22 till
341 457 155 28 aflägsnandet
511 458 27 21 af
550 458 28 21 de
594 457 209 22 missförhållanden
818 457 13 22 å
846 457 50 22 tull-

77 487 120 22 väsendets
221 487 96 26 område,
341 493 36 16 om
401 487 77 22 hvilka
493 493 51 16 man
560 493 29 16 nu
605 487 61 22 talat.
699 487 43 22 För
757 488 46 28 mig
819 487 77 22 åtmin-

78 518 70 25 stone,
172 516 28 22 då
216 517 40 27 jag
272 517 51 27 gick
338 517 23 21 in
376 516 29 29 på
420 516 73 23 denna
509 516 151 29 formulering,
678 517 158 22 föresväfvade
851 518 45 21 sär-

78 546 67 22 skildt
170 546 44 22 den
236 547 99 27 petition,
359 552 47 16 som
430 547 6 21 i
460 547 62 21 detta
545 546 64 23 stånd
632 547 74 22 blifvit
727 547 112 22 inlemnad
855 547 41 22 och

77 576 79 21 vunnit
171 576 99 21 ståndets
286 576 128 27 understöd,
430 577 112 27 nämligen
558 576 43 22 den
616 577 26 22 af
656 577 93 21 friherre
760 576 92 23 Palmén
863 577 33 22 till

77 605 88 22 ståndet
184 606 133 21 inlemnade.
348 605 46 22 Det
416 612 40 15 var
476 606 28 28 på
524 607 64 21 dessa
604 606 104 28 grunder,
724 612 48 16 som
788 607 110 21 utskottet

78 635 68 28 ansåg
162 635 34 28 sig
211 635 54 22 böra
281 635 122 22 formulera
418 636 38 21 sitt
471 635 114 23 utlåtande
600 636 28 28 på
644 636 38 21 det
696 637 52 25 sätt,
759 642 48 16 som
819 637 37 20 det
867 643 29 15 nu

78 665 120 28 föreligger
214 665 7 21 i
236 665 157 22 betänkandet.
425 665 51 22 Man
492 666 68 28 ansåg
575 667 33 20 att
624 672 51 15 man
690 665 93 22 sålunda
799 666 6 21 i
824 666 73 28 någon

78 695 50 22 mån
144 695 74 22 kunde
234 695 77 22 arbeta
327 696 7 21 i
350 695 60 28 syfte
426 697 33 20 att
475 695 115 22 motverka
606 695 43 22 den
665 695 128 28 förhöjning
808 696 26 21 af
847 696 51 21 tull-

78 726 107 26 satserna,
202 731 47 15 som
266 725 47 22 helt
328 725 56 22 visst
399 725 72 22 skulle
486 725 106 22 innebära
608 731 27 16 en
652 726 147 27 omstörtning
814 725 26 22 af
849 725 50 22 vårt

78 755 63 21 lands
157 754 144 22 ekonomiska
317 755 159 21 förhållanden.

148 784 124 22 Professori
296 784 88 22 Donner:
408 784 43 22 Till
475 785 27 20 de
526 785 55 26 skäl,
604 790 48 17 som
676 784 135 28 föregående
827 784 72 22 talare

77 814 68 21 redan
170 813 127 27 framhållit,
313 814 38 22 vill
365 815 41 27 jag
421 815 67 27 lägga
503 815 59 21 ännu
578 815 38 21 ett.
648 814 125 22 Ständerna
788 821 110 15 samman-

77 843 64 22 träda
162 843 56 22 först
234 843 24 22 är
274 846 63 19 1900.
370 843 42 22 Om
428 850 28 15 en
473 844 129 27 förändring
616 844 7 21 i
639 844 144 22 tullsatserna
797 844 34 22 till
847 844 52 22 dess

77 873 40 22 har
140 873 88 27 inträdt,
253 873 23 22 sä
299 874 26 21 är
347 873 38 22 det
400 874 106 27 naturligt
522 875 33 20 att
570 874 120 21 ständerna
706 873 27 22 dä
748 875 99 27 upptaga
863 874 33 21 till

77 902 135 29 behandling
233 904 67 21 äfven
321 902 78 30 frägan
418 910 36 15 om
470 903 179 29 tolagsafgiftens
666 903 138 22 förhällande
820 903 34 22 till
870 903 28 22 de

77 939 45 21 nya
137 933 150 22 tullsatserna.
318 933 44 28 Jag
382 933 97 22 förutser
500 935 34 20 att
548 934 38 21 det
602 933 70 22 mäste
688 934 39 21 ske
743 932 28 29 pä
786 933 72 29 grund
874 934 27 21 af

77 968 28 16 en
128 963 142 28 proposition,
294 969 51 15 men
365 963 7 21 i
393 964 91 21 motsatt
502 963 41 23 fall
558 962 28 29 pä
601 964 71 27 grund
688 963 26 21 af
727 969 28 16 en
771 963 128 28 nödvändig

78 993 88 21 motion.
199 992 50 22 Men
273 992 38 22 det
333 998 60 19 vore,
418 999 67 21 synes
508 993 38 21 det
567 992 52 29 mig,
640 992 68 28 nägot
727 992 123 29 oegentligt
865 994 34 20 att

78 1022 34 22 för
138 1022 43 22 den
206 1022 115 22 blifvande
344 1022 159 28 förordningen
526 1028 36 16 om
585 1022 170 28 tolagsafgiften
777 1022 71 22 fixera
869 1028 29 16 en

77 1052 90 22 kortare
182 1052 44 21 tids
242 1052 103 28 giltighet
359 1053 30 21 än
405 1053 43 21 den
466 1055 9 19 1
492 1052 87 28 januari
598 1055 63 24 1902,
678 1053 101 25 emedan,
796 1052 27 22 dä
838 1053 60 21 stän-

78 1082 68 21 derna
175 1082 57 27 ånyo
262 1082 166 22 sammanträda
459 1082 24 21 är
514 1085 64 23 1900,
610 1082 38 22 det
672 1088 54 16 vore
752 1082 88 28 möjligt
865 1084 33 20 att

77 1112 177 27 propositionens
277 1111 135 29 behandling
433 1112 41 22 och
495 1112 62 22 Hans
578 1111 115 28 Majestäts
714 1112 144 21 stadfästelse
874 1112 27 21 af

78 1141 96 22 beslutet
194 1142 49 21 icke
258 1142 75 21 hunne
349 1142 40 21 ske
405 1142 76 21 förrän
496 1144 46 19 mot
558 1141 68 22 slutet
641 1142 26 21 af
682 1144 56 19 1900
755 1141 54 22 eller
824 1141 73 27 nägon

77 1170 31 22 tid
130 1170 51 28 inpä
198 1174 63 22 1901,
278 1171 92 22 hvarför
386 1178 26 15 en
429 1171 128 28 förändring
573 1171 120 27 lämpligen
709 1171 20 27 ej
746 1171 44 21 kan
806 1171 92 27 stadgas

76 1202 34 20 att
125 1200 87 22 inträda
228 1201 48 21 före
293 1201 43 21 den
353 1204 10 18 1
380 1201 88 27 januari
486 1204 62 19 1902.
580 1201 9 21 I
605 1201 78 27 hvarje
700 1201 39 21 fall
755 1200 71 29 ligger
842 1201 55 21 deti

77 1230 131 22 ständernas
224 1230 59 22 hand
298 1230 24 22 är
340 1234 56 18 1900
412 1232 33 20 att
461 1231 71 21 uttala
546 1230 35 28 sig
592 1237 36 15 om
638 1231 28 21 de
678 1230 159 27 förhällanden,
848 1236 49 16 som

78 1260 28 22 dä
128 1260 83 22 inträdt
234 1261 40 21 och
299 1260 28 28 pä
346 1260 72 28 grund
435 1261 25 21 af
474 1261 65 21 dessa
555 1260 57 22 fatta
627 1260 39 22 sitt
681 1261 79 21 beslut.
792 1260 44 22 För
851 1260 46 22 min

77 1290 36 21 del
129 1290 101 22 förordar
244 1290 41 28 jag
300 1290 162 28 godkännande
478 1290 26 22 af
516 1290 120 22 utskottets
652 1290 147 22 betänkande.

148 1319 202 28 Tuomiokapitulin
373 1320 94 21 asessori
489 1320 59 26 Lyra:
569 1319 213 22 'Talousvaliokunta
802 1325 28 16 on
850 1320 47 21 lau-

76 1350 68 21 sunut
158 1349 192 22 luottamuksensa
366 1349 53 21 ettei
435 1349 115 28 ylipäänsä
566 1349 98 22 Suomen
678 1349 109 28 tullioloja
801 1350 96 20 muutet-

78 1378 50 22 taisi
142 1379 25 27 ja
183 1379 53 21 ettei
252 1379 38 21 siis
305 1379 55 21 niitä
377 1379 147 21 taloudellisia
539 1379 129 28 vahingoita
683 1379 122 21 ensinkään
820 1379 77 21 tarvit-

76 1408 51 21 taisi
138 1408 91 27 peljätä,
239 1409 64 25 jotka
313 1408 79 22 tullien
402 1408 204 27 yhdenmukaisiksi
617 1408 148 21 saattaminen
775 1407 122 22 vähitellen

77 1437 104 27 Venäjän
199 1437 152 21 valtakunnan
372 1437 153 26 tullitaksojen
545 1437 81 21 kanssa
647 1437 88 21 meidän
756 1438 142 20 maallemme

76 1466 106 22 tuottaisi.
218 1467 71 21 Tämä
309 1466 150 22 valiokunnan
480 1467 120 20 luottamus
618 1466 77 27 jaloon
716 1465 181 28 hallitsijaamme

77 1503 28 16 on
129 1497 89 22 ainakin
241 1497 93 21 minuun
354 1496 80 28 tehnyt
453 1496 75 28 hyvän
549 1496 153 21 vaikutuksen.
736 1495 55 22 Olen
807 1496 90 21 ainakin
