1100 1800
436 108 85 18 Maalisk.
535 108 10 18 2
558 113 17 18 p.
833 109 46 21 1339

97 162 38 22 det
150 163 25 21 är
189 162 62 22 svårt
265 164 34 20 att
314 162 49 23 från
379 162 65 22 dessa
458 161 151 30 mångfaldiga
624 162 48 23 lösa
687 162 52 22 blad
755 162 85 26 utreda,
855 163 58 22 huru

93 194 170 20 reservanterna
285 192 128 29 egentligen
433 192 54 28 vilja
511 188 131 38 formulera:
662 188 110 38 klämmen.
803 192 44 23 För
867 193 45 22 min

94 222 36 22 del
152 228 54 16 vore
226 223 40 27 jag
289 222 102 28 benägen
411 224 32 20 att
459 222 81 22 föreslä
555 224 33 20 att
603 223 150 21 betänkandet
769 222 72 22 skulle
856 222 55 22 äter-

93 252 126 22 remitteras
234 252 33 21 till
282 252 110 22 utskottet
408 252 34 22 för
457 254 33 20 att
505 258 28 16 en
548 252 59 22 kläm
624 252 68 22 måtte
702 252 133 22 formuleras
845 252 7 22 i
862 254 49 20 när-

94 283 71 20 maste
184 282 233 21 öfverensstämmelse
435 282 52 21 med
506 282 43 22 den
564 282 99 27 petition,
679 288 46 16 som
742 282 37 21 vid
794 282 117 28 kyrkomö-

93 312 33 20 tet
141 312 86 26 antogs.

164 340 45 22 Det
227 342 25 20 är
269 341 113 28 nämligen
401 341 58 21 ännu
479 347 28 15 en
525 340 164 29 omständighet
704 340 34 22 uti
754 341 73 22 denna
841 341 70 28 fräga,

93 376 48 16 som
160 371 25 21 är
203 370 26 22 af
245 370 50 22 litet
310 370 141 28 egendomlig
466 372 72 20 natur.
569 370 126 28 Kejserliga
710 372 93 20 senaten
819 371 40 21 har
874 371 38 21 vid

93 400 164 28 behandlingen
272 400 27 22 af
311 400 154 28 kyrkomötets
480 401 93 27 petition
589 401 72 22 funnit
676 402 33 20 att
724 400 38 22 det
777 400 49 23 icke
840 400 72 29 ligger

94 431 6 21 i
120 432 103 20 senatens
246 430 136 28 befogenhet
401 432 32 20 att
451 432 54 20 utan
525 430 94 23 särskild
634 430 230 29 lagstiftningsätgärd
880 431 32 21 in-

94 461 62 28 gripa
171 461 8 21 i
194 460 72 22 denna
282 460 69 28 fräga.
384 459 43 23 Det
443 461 25 21 är
481 461 26 27 ju
523 460 142 29 synnerligen
681 460 119 29 glädjande
816 461 33 21 att
864 461 47 27 kej-

93 490 82 28 serliga
197 492 94 20 senaten
312 491 41 21 har
376 490 118 29 ädagalagt
509 497 28 15 en
552 490 67 22 sädan
636 490 175 22 samvetsömhet
826 491 41 21 och
884 496 27 16 en

94 521 67 21 sädan
176 521 87 27 hänsyn
278 521 35 21 till
323 521 130 21 ständernas
464 521 197 27 lagstiftningsrätt
671 521 32 21 uti
714 520 61 22 detta
786 521 45 21 fall.
853 520 58 27 Men,

93 557 48 16 som
155 551 41 27 jag
211 551 69 21 redan
297 550 79 28 antydt
392 550 31 22 uti
439 551 38 21 det
492 550 141 28 föregäende,
648 550 40 22 har
704 556 28 16 en
747 550 63 28 dylik
824 551 87 26 hänsyn

93 580 49 22 icke
161 581 61 28 gjort
239 580 34 28 sig
289 580 103 28 gällande
406 580 48 28 just
470 580 32 22 uti
517 580 109 22 likartade
643 579 73 30 frägor
731 580 81 29 mänga
828 580 84 28 gänger

94 611 66 26 förut,
181 610 106 22 särskildt
307 610 33 22 uti
360 610 169 28 lagstiftningen
544 610 27 28 pä
586 610 157 22 helsovärdens
759 610 96 27 omräde,
871 610 41 22 der

94 641 132 28 regeringen
242 642 53 20 utan
311 640 142 22 betänkande
463 640 91 28 utgifvit
565 640 154 28 förordningar
730 641 26 21 af
764 640 90 28 mycket
864 646 48 16 mer

92 670 131 29 ingripande
246 670 114 28 betydelse
380 671 47 27 just
448 670 31 22 uti
499 671 73 21 denna
590 670 104 28 riktning,
711 670 19 22 d.
748 677 20 15 v.
785 677 17 15 s.
819 672 32 20 att
867 670 44 22 för-

94 700 68 28 bjuda
185 700 146 28 begagnande
354 700 26 22 af
399 700 153 28 inrättningar,
571 706 47 16 som
637 700 76 22 kunna
729 700 67 22 lända
811 700 33 22 till
860 706 51 16 men

94 731 34 21 för
151 731 162 22 allmänhetens
337 730 69 22 helsa.
437 730 39 22 Att
499 731 65 21 dessa
587 730 93 22 oeldade
698 731 83 27 kyrkor
799 730 68 22 hafva
883 737 27 15 en

94 762 89 27 mycket
198 762 46 20 stor
260 760 116 28 betydelse
391 760 7 22 i
413 760 62 22 detta
491 760 112 27 afseende,
619 760 44 22 kan
679 760 36 22 väl
730 760 49 22 icke
794 760 116 22 bestridas.

93 791 128 22 Emellertid
237 791 44 21 kan
297 797 51 15 man
364 791 70 21 under
449 790 83 22 sädana
545 791 189 28 omständigheter
744 797 54 15 vara
808 791 102 21 tveksam

93 827 43 21 om,
159 821 110 22 huruvida
289 820 120 23 ständerna
428 821 54 21 böra
500 821 131 28 petitionera
651 828 36 15 om
703 820 168 23 framställande
887 821 27 21 af

93 851 135 29 proposition
249 851 40 21 och
309 857 35 16 om
367 851 38 21 det
424 851 49 21 icke
491 857 54 15 vore
560 850 106 29 riktigare
681 852 33 20 att
730 852 79 20 endast
824 850 87 29 petitio-

92 887 54 16 nera
162 887 35 16 om
213 881 136 28 vidtagande
364 881 26 21 af
403 880 78 29 ätgärd
495 881 8 21 i
519 880 37 22 det
571 881 68 28 syfte,
655 887 46 15 som
714 880 142 28 kyrkomötet
867 881 43 21 for-

93 912 94 21 mulerat
207 911 7 21 i
234 912 34 20 sin
286 910 99 28 petition.
416 910 36 22 Dä
466 917 54 15 vore
535 911 132 27 regeringen
682 911 7 21 i
704 910 89 22 tillfälle
808 912 33 20 att
856 917 54 21 upp-

92 943 53 26 taga
161 940 78 29 frägan
254 940 34 22 till
303 940 95 28 förnyad
413 940 104 29 pröfning
533 940 41 22 och
590 940 84 22 förfara
688 940 73 22 säsom
777 940 81 22 sakens
873 947 37 15 na-

92 973 36 20 tur
143 977 65 16 anses
224 970 81 28 fordra,
322 970 82 22 endera
419 971 126 28 framlägga
560 971 135 28 proposition
710 970 77 22 derom
802 970 33 22 till
851 971 59 21 stän-

92 1001 69 22 derna
182 1000 55 22 eller
256 1000 33 22 uti
309 1000 162 22 administrativ
490 1001 45 28 väg
553 1000 111 22 förordna.
694 1001 45 27 Jag
754 1000 93 22 föreslär
863 1000 47 22 der-

93 1031 47 21 före
156 1032 33 20 att
204 1030 87 22 ständet
307 1030 53 22 ville
376 1030 161 22 äterremittera
551 1030 151 22 betänkandet
711 1030 35 22 till
756 1030 109 22 utskottet
875 1030 36 22 för

92 1063 33 19 att
141 1060 120 22 formulera
276 1060 114 22 klämmen
404 1060 7 22 i
427 1061 112 21 närmaste
554 1060 232 22 öfverensstämmelse
802 1060 50 22 med
867 1060 44 21 den

92 1091 99 27 petition,
207 1096 47 16 som
270 1091 26 21 af
308 1090 143 28 kyrkomötet
466 1092 84 26 antogs.

163 1120 92 22 Prosten
279 1120 59 28 Lyra
361 1120 40 22 har
424 1120 115 28 föreslagit
561 1122 33 20 att
616 1120 51 22 hela
687 1120 62 21 detta
769 1119 140 23 betänkande

92 1150 71 22 skulle
179 1150 172 21 äterremitteras
368 1149 33 22 till
412 1150 214 27 petitionsutskottet
637 1150 34 21 för
682 1151 32 20 att
721 1150 110 21 utskottet
841 1149 68 22 mätte

92 1180 85 28 afgifva
196 1181 32 20 ett
246 1181 57 26 nytt.
334 1178 45 23 Det
398 1185 53 16 vore
465 1180 26 27 ju
507 1179 96 28 mycket,
619 1185 48 16 som
683 1179 74 22 kunde
772 1179 46 22 tala
830 1178 35 23 för
876 1180 33 20 ett

92 1210 71 28 dylikt
184 1209 90 28 förslag,
296 1215 51 16 men
366 1209 38 22 det
426 1215 67 21 synes
516 1209 68 22 likväl
605 1215 47 16 som
673 1215 36 16 om
730 1209 82 28 sjelfva
826 1207 84 23 sakfrä-

92 1246 44 21 gan
150 1245 31 16 nu
196 1239 75 22 kunde
285 1239 168 22 slutbehandlas
468 1240 55 21 utan
538 1245 28 16 en
581 1239 62 28 dylik
658 1238 84 29 ätgärd.
769 1239 44 27 Jag
824 1238 40 22 vill
874 1238 36 22 för

92 1270 45 21 min
160 1269 37 22 del
219 1269 57 21 dock
295 1269 58 22 rikta
374 1275 28 15 en
422 1269 103 21 vördsam
546 1269 42 22 och
606 1269 102 27 allvarlig
724 1268 136 28 uppmaning
875 1267 34 22 till

92 1299 111 22 allmänna
223 1298 214 28 petitionsutskottet
457 1299 33 20 att
510 1298 89 22 försöka
620 1298 119 22 framdeles
758 1297 24 22 sä
801 1297 58 29 begä
877 1298 33 21 att

92 1329 119 21 utskottets
232 1328 155 22 betänkanden
406 1328 149 22 öfverlemnas
570 1328 33 21 till
619 1328 126 26 ständerna,
761 1327 72 22 såsom
849 1327 61 22 förut

92 1358 57 22 varit
168 1358 92 27 vanligt,
281 1357 29 29 på
327 1357 88 22 landets
430 1357 57 22 båda
503 1357 72 28 språk,
591 1357 72 22 finska
677 1357 41 22 och
734 1357 103 27 svenska,
852 1356 56 27 icke,

92 1388 72 22 såsom
181 1388 73 21 denna
270 1387 65 28 gång,
351 1386 29 29 på
394 1387 72 22 finska
481 1388 42 21 och
534 1387 193 28 mesopotamiska,
739 1386 90 22 hvartill
839 1386 69 22 sedan

92 1418 70 22 måste
178 1418 73 27 gifvas
267 1417 57 21 skild
340 1417 169 27 öfversättning.

150 1446 103 22 Provasti
273 1446 20 21 K.
314 1446 19 21 A.
355 1445 132 22 Schroderus:
518 1445 141 27 Valiokunta,
678 1445 54 27 joka
752 1451 29 16 on
795 1444 114 28 käsitellyt

92 1477 47 21 tätä
161 1476 68 27 asiaa,
248 1481 28 16 on
296 1475 167 28 yksimielisesti
485 1476 147 21 tunnustanut
655 1476 46 20 että
721 1474 188 22 anomusehdotus

92 1506 120 24 tarkoittaa
234 1505 125 23 haitallisen
384 1505 130 29 epäkohdan
536 1504 144 30 poistamista,
700 1504 25 28 ja
745 1504 116 22 kuitenkin
882 1510 28 16 on
