1103 1814
219 121 42 19 236
517 117 79 18 Helmik.
611 119 21 16 15
644 122 17 17 p.

189 173 114 21 utskotten
322 177 46 16 som
383 171 28 22 de
426 171 60 21 olika
501 170 100 27 stånden,
618 177 67 20 synes
702 171 44 21 den
762 171 209 27 sammanjemkning
987 171 24 21 af

189 203 27 20 de
228 201 75 27 motiv,
311 201 85 26 hvarpå
406 201 102 21 besluten
519 201 103 26 grundas,
636 199 50 22 från
697 200 27 21 de
734 199 139 22 förutnämda
884 201 125 21 utskottens

188 231 49 22 sida
252 237 54 16 vara
322 231 139 25 temmeligen
476 229 137 28 öfverflödig.
636 229 12 21 I
664 230 60 21 vissa
740 229 39 22 fall
796 230 42 21 kan
856 230 41 21 den
913 230 35 21 till
958 231 49 20 och-

189 261 50 21 med
258 267 53 15 vara
331 259 157 27 vilseledande,
507 259 28 22 då
550 262 34 19 ett
599 260 55 21 eller
671 262 68 19 annat
754 260 96 27 uttryck,
864 261 71 20 såsom
951 259 56 22 erfa-

190 291 107 22 renheten
313 289 91 27 utvisar,
416 290 8 20 i
435 289 56 21 strid
506 290 45 20 mot
566 289 81 27 sjelfva
662 289 98 22 beslutet
775 295 76 21 genom
868 296 27 15 en
911 289 99 27 tillfällig

191 320 110 27 majoritet
316 319 44 22 kan
375 319 77 27 inflyta
467 319 7 20 i
491 321 81 20 svaret.

261 349 72 22 Dessa
348 349 149 27 olägenheter,
514 348 65 22 äfven
591 354 44 16 som
649 349 153 26 enbetydande
812 349 197 27 inbesparing
959 344 9 36 i
979 344 34 36 tid

191 380 39 21 och
246 379 95 22 kostnad
357 379 72 22 skulle
446 379 72 26 ernås,
536 385 33 14 om
585 378 131 22 ständernas
733 385 51 15 svar
794 379 29 26 på
834 379 26 22 de
870 379 80 27 nådiga
961 385 48 21 pro-

190 409 156 28 positionerna,
363 409 72 22 såsom
451 408 64 22 fallet
530 408 104 27 vanligen
651 410 25 19 är
691 408 7 21 i
715 408 117 22 utländska
848 411 162 24 representant-

191 439 162 27 församlingar,
373 439 78 21 endast
470 438 112 21 innehölle
603 438 70 27 några
693 438 117 21 inledande
830 439 39 21 ord
881 439 69 27 jemte
965 445 46 15 res-

191 469 91 27 pektive
297 468 140 27 lagsförslag,
449 468 82 21 sådana
542 468 27 21 de
580 467 142 22 formulerats
732 467 25 22 af
766 468 124 21 ständerna.
907 469 12 20 I
930 469 81 21 undan-

190 493 97 38 tagsfall,
309 493 88 38 framför
413 498 40 21 allt
469 497 28 22 då
512 497 135 27 fullkomligt
657 504 43 21 nya
712 497 56 22 eller
778 498 86 27 viktiga
874 499 138 26 synpunkter

192 529 76 27 gjorde
283 529 80 21 sådant
378 527 106 27 behöfligt
500 527 56 22 eller
571 529 77 20 svaret
658 527 94 22 berörde
762 528 89 27 anslags
862 529 40 20 och
913 528 99 21 beskatt-

191 558 149 27 ningsfrägor,
357 557 76 22 hvilka
452 557 50 21 icke
517 557 101 27 lämpade
634 557 35 26 sig
684 557 35 28 för
734 557 25 21 sä
775 557 156 28 knapphändig
946 557 65 22 fram-

193 588 112 27 ställning,
323 587 74 22 kunde
412 587 98 22 särskild
526 587 133 27 motivering
674 587 96 22 anföras.

263 618 32 21 Pä
317 617 71 27 grund
411 617 25 28 af
457 617 37 21 det
517 617 92 21 anförda
632 617 35 21 fär
686 617 39 27 jag
742 617 113 22 vördsamt
874 617 82 22 föreslä
979 620 33 19 att

192 647 169 22 Presteständet
385 646 35 22 för
443 646 34 22 sin
501 646 35 22 del
557 647 99 21 besluter
672 650 57 18 samt
743 646 103 28 inbjuder
861 646 71 28 öfriga
947 648 66 21 stånd

193 680 33 19 att
241 678 76 21 förena
333 677 34 27 sig
383 683 33 15 om
433 682 27 16 en
474 676 119 22 skrifvelse
609 676 35 22 till
659 676 265 27 expeditionsutskottet
918 672 9 36 i
935 677 78 22 sädant

193 704 66 35 syfte,
1020 722 2 2 i

478 738 33 19 att
531 736 257 27 Expeditionsutskottet
804 737 37 21 vid
856 737 157 27 uppsättandet

406 766 26 22 af
446 766 136 22 Ständernas
598 772 52 16 svar
666 766 13 21 å
695 766 81 28 nådiga
790 767 161 26 propositioner
961 768 7 20 i
978 774 45 15 re-'

407 796 51 28 geln
474 796 135 22 inskränker
625 796 62 21 detta
702 796 36 22 till
754 796 42 22 den
808 796 24 21 af
840 797 119 22 ständerna
969 797 43 22 for-

408 826 110 21 mulerade
548 826 115 26 lagtexten
689 826 55 21 eller
770 826 243 29 svarsformuleringen,

408 856 74 21 sävidt
502 856 19 26 ej
543 855 111 22 särskilda
676 856 189 27 omständigheter
885 859 54 25 göra
959 857 54 23 afvi-

406 885 63 22 kelse
485 885 99 22 härifrän
600 885 72 27 nödig.

262 952 45 27 Jag
323 952 39 21 har
378 951 49 22 med
442 949 69 29 afsigt
528 952 120 21 inskränkt
665 951 60 22 detta
741 952 34 21 till
792 951 77 28 frågan
886 958 33 16 om
935 959 77 21 propo-

194 982 120 22 sitionerna
334 982 39 21 och
394 987 80 16 svaren
497 981 27 27 pä
541 982 54 21 dem.
628 981 50 21 Man
703 982 74 21 kunde
801 982 67 22 tänka
884 982 35 28 sig
933 984 34 20 att
982 984 32 20 ett

193 1011 105 23 liknande
314 1010 166 28 förfaringssätt
491 1012 7 20 i
509 1012 46 21 viss
571 1012 50 21 män
633 1011 74 22 kunde
717 1012 111 26 tillämpas
845 1012 64 22 äfven
921 1013 94 21 rörande

194 1048 27 16 en
240 1042 36 22 del
295 1041 125 27 petitioner,
442 1047 49 15 men
512 1041 124 22 tillsvidare
659 1043 25 19 är
700 1042 38 20 det
753 1042 89 21 enklast
857 1044 32 20 att
904 1042 61 22 hälla
980 1042 35 28 sig

194 1072 36 26 till
245 1078 80 15 svaren
342 1071 27 27 pä
385 1071 196 27 propositionerna.
604 1071 111 21 Måhända
730 1071 45 21 kan
786 1071 62 22 detta
857 1071 84 29 förslag
950 1072 63 22 bord-

194 1102 78 27 läggas
288 1101 35 21 till
338 1103 64 19 nästa
419 1101 166 21 sammanträde.

198 1137 2 2 :
263 1130 124 22 Professori
407 1130 118 22 Donner'in
544 1130 46 27 yllä
610 1130 101 22 mainittu
728 1131 91 21 ehdotus
836 1132 72 26 pantiin
925 1128 89 58 pövdällg

195 1161 49 37 ensi
253 1156 120 37 "istuntoon.

264 1303 86 21 Istunto
366 1302 84 27 päättyi
469 1302 42 21 k:lo
530 1304 54 25 11,0
599 1302 13 20 i.
629 1308 19 20 p.

800 1349 24 17 In
836 1348 69 18 fidem:

781 1391 25 21 A.
824 1390 103 29 Almberg.
