1100 1823
422 109 74 19 Helmik
516 110 22 18 18
550 114 16 18 p.
826 112 42 20 269

81 165 60 23 tulee
165 165 63 22 esillä
251 165 79 22 olevaa
352 164 165 23 lakiehdotusta
540 164 176 26 käsittelemään,
735 164 99 29 poistaisi
849 164 51 22 siitä

82 195 45 23 niin
143 195 62 22 ra'an
220 194 103 29 pykälän,
339 194 54 22 kuin
404 197 26 19 37
443 194 13 27 $
466 200 36 21 on,
513 194 54 28 joka
577 194 65 22 tekee
652 194 171 22 säädöksellään
833 195 67 21 erään

82 225 186 22 kotieläimemme
283 225 89 21 elämän
388 224 65 22 aivan
469 224 205 22 sietämättömäksi.

153 284 52 22 Kun
222 284 130 22 keskustelu
367 284 29 22 oli
410 283 112 28 julistettu
537 283 161 29 päättyneeksi,
715 284 125 22 lähetettiin
853 284 48 28 yllä

83 314 101 22 mainittu
199 313 130 22 armollinen
346 314 69 27 esitys
430 319 34 16 n:o
482 313 35 27 22)
534 313 47 21 laki-
596 312 22 27 ja
633 313 215 22 talousvaliokuntaan.

153 409 96 22 Esitettiin
264 409 21 27 ja
302 408 74 28 pantiin
393 409 89 27 pöydälle
498 410 47 22 ensi
560 410 113 21 istuntoon

152 438 205 24 Talousvaliokunnan
380 439 86 22 mietintö
487 444 31 17 n:o
542 438 13 22 2
576 439 114 22 armollisen
712 438 100 28 esityksen
832 445 31 17 n:o
878 438 24 23 16

81 470 102 27 johdosta,
202 469 49 28 joka
267 469 76 22 koskee
361 468 110 29 paloviinan
488 469 177 22 valmistamisesta
680 469 145 22 suoritettavaa
840 475 62 17 veroa

82 500 50 22 sekä
148 500 86 22 sanotun
250 505 60 16 veron
327 499 127 28 käyttämistä
468 499 22 27 ja
504 499 119 28 jakamista;

154 530 88 21 AntelPin
260 529 132 22 kokoelmista
408 529 67 22 huolta
492 529 98 27 pitämään
607 529 93 22 asetetun
716 529 132 22 valiokunnan
860 530 43 22 ker-

82 560 71 22 tomus.

154 650 137 22 Ilmoitettiin
315 649 100 29 säädylle
436 649 98 28 jaetuksi
554 649 112 23 komitean
683 649 99 23 mietintö
798 650 104 21 vuodelta

85 683 55 19 1896
157 680 293 28 metsästyslainsäädännön
466 680 197 21 tarkastamisesta.

155 793 95 23 Esitettiin
267 794 105 29 pöydällä
387 794 56 23 ollut
457 795 120 27 professori
594 793 104 22 Donnerin
714 794 91 22 tekemä
818 793 85 22 ehdotus

83 824 220 22 toimitusvaliokunnan
319 824 108 22 tehtävistä
442 824 91 28 säätyjen
549 823 215 28 vastauskirjoituksiin
781 823 84 27 nähden,

153 854 70 28 jonka
236 855 105 27 johdosta
356 854 66 29 pyysi
437 855 173 27 puheenvuoroa
622 853 26 28 ja
664 853 83 22 lausui:

155 884 123 22 Professori
294 884 112 28 Runeberg:
426 884 44 29 Jag
485 885 25 21 är
525 884 35 22 för
575 884 45 21 min
636 883 36 22 del
688 884 90 28 mycket
793 884 110 26 tveksam,

84 914 110 22 huruvida
218 914 186 29 genomförandet
427 914 25 22 af
473 914 38 22 det
533 915 26 21 af
580 914 112 28 professor
712 914 92 22 Donner
823 914 81 22 väckta

84 944 108 28 förslaget
213 944 72 22 skulle
300 944 67 22 lända
382 944 34 22 till
431 944 81 22 sakens
528 944 72 22 fördel
616 944 55 22 eller
686 944 34 21 tili
736 944 51 21 dess
803 943 99 23 nackdel.

84 974 44 22 Det
144 975 25 20 är
182 974 26 27 ju
224 974 166 28 otvifvelaktigt
405 975 39 25 att,
461 974 72 22 säsom
549 974 112 28 professor
676 973 90 22 Donner
778 973 126 27 framhällit,

85 1004 89 28 mycket
190 1004 76 22 arbete
282 1004 128 28 härigenom
428 1004 72 22 skulle
516 1004 106 28 besparas
636 1003 34 22 för
681 1003 222 29 expeditionsutskot-

85 1036 32 20 tet
138 1034 41 22 och
201 1034 95 28 mycken
316 1034 32 22 tid
367 1034 79 22 vinnas
462 1034 41 22 och
519 1034 68 22 äfven
603 1033 164 22 konstnaderna
783 1034 120 21 nedsättas.

85 1063 50 22 Men
156 1064 38 21 det
213 1065 25 20 är
254 1064 79 28 mänga
349 1064 196 28 omständigheter,
561 1070 47 15 som
625 1063 54 29 göra
695 1065 33 20 att
743 1063 38 22 det
797 1063 57 21 dock
869 1069 35 21 sy-

85 1100 39 16 nes
145 1093 184 29 ändamälsenligt
349 1095 33 21 att
397 1094 28 21 de
440 1093 76 27 motiv,
533 1100 48 15 som
596 1093 69 22 hafva
681 1092 111 23 föranledt
807 1093 97 21 ständer-

86 1130 39 15 nas
140 1124 80 23 beslut,
235 1123 70 23 finnas
317 1123 27 28 pä
355 1125 33 20 ett
398 1123 121 22 autentiskt
530 1124 44 21 sätt
585 1123 131 22 framstälda
730 1123 3 21 i
744 1123 161 27 sammanhang

86 1153 50 22 med
151 1153 83 27 sjelfva
250 1154 102 21 beslutet.
384 1153 45 22 Det
445 1154 25 20 är
485 1153 55 22 visst
556 1155 56 25 sant,
628 1158 48 16 som
692 1152 113 28 professor
815 1152 91 23 Donner

87 1183 134 27 framhäller,
245 1185 33 20 att
298 1190 52 15 man
372 1182 70 23 mäste
459 1182 119 23 förutsätta
593 1184 33 20 att
640 1182 145 29 regeringens
801 1182 104 22 medlem-

87 1219 47 15 mar
149 1213 75 22 kunna
240 1213 55 28 följa
311 1213 50 22 med
378 1213 27 21 de
416 1214 8 21 i
435 1212 103 29 frågorna
548 1212 116 22 tillkomna
675 1212 168 29 handlingarna,
854 1218 52 16 men

86 1243 12 21 å
114 1243 70 21 andra
199 1243 63 22 sidan
278 1242 99 29 framgår
388 1242 66 22 också
466 1242 26 22 af
500 1243 112 28 professor
623 1242 101 22 Donners
736 1242 169 28 framställning,

86 1273 50 21 med
152 1273 76 21 hvilka
244 1272 138 29 svårigheter
397 1272 38 22 det
450 1273 25 21 är
491 1272 103 22 förenadt
614 1273 34 21 att
663 1272 22 22 få
701 1272 41 22 full
757 1272 87 22 klarhet
860 1272 7 21 i
878 1272 28 21 de

87 1302 75 27 motiv,
184 1308 48 16 som
253 1303 60 27 legat
333 1302 34 22 till
382 1302 72 28 grund
470 1302 35 22 för
520 1302 131 22 ständernas
667 1302 80 25 beslut,
767 1302 4 21 i
786 1302 121 27 synnerhet

87 1332 27 22 då
135 1332 65 22 dessa
220 1332 73 22 beslut
313 1332 87 28 grunda
418 1332 34 28 sig
471 1332 27 28 på
519 1332 130 28 utförligare
665 1331 241 28 sammanjemkningar

88 1362 40 22 och
144 1362 151 22 återremisser
311 1362 33 22 till
360 1362 92 22 utskott.
484 1362 41 22 Om
542 1362 38 21 det
593 1368 30 15 nu
634 1361 69 22 redan
714 1361 35 22 för
759 1361 147 28 expeditions-

88 1392 108 22 utskottet
220 1392 70 22 möter
313 1392 25 22 så
360 1393 61 21 stora
444 1391 143 29 svårigheter,
608 1397 48 16 som
676 1391 6 21 i
701 1391 74 22 denna
789 1390 118 23 skrifvelse

88 1422 134 26 framhålles,
244 1424 32 20 att
298 1422 22 22 få
335 1422 71 22 saken
420 1422 59 22 klart
495 1422 41 22 och
552 1422 75 21 säkert
642 1421 86 25 utredd,
745 1420 24 22 så
785 1420 69 22 stöter
869 1420 38 22 det

88 1452 28 27 på
131 1453 59 20 ännu
209 1452 70 21 större
295 1452 139 27 svårigheter
450 1451 35 21 för
500 1457 112 21 personer,
628 1457 49 15 som
692 1451 49 21 icke
757 1450 54 21 stått
825 1450 82 27 sjelfva

87 1481 206 28 landtdagsarbetet
309 1480 24 22 så
343 1481 61 25 nära,
416 1486 48 16 som
475 1480 139 28 expeditions
625 1480 119 21 utskottets
755 1479 152 26 medlemmar,

88 1512 33 20 att
136 1510 89 22 komma
246 1510 33 22 till
295 1517 28 15 en
339 1510 68 22 sådan
423 1510 69 22 exakt
507 1509 141 29 uppfattning
664 1515 35 16 om
716 1510 28 21 de
760 1509 103 28 grunder,
879 1508 29 28 på
