1106 1803
220 132 42 18 474
518 128 85 18 Maalisk.
619 130 21 17 16
652 134 18 17 p.

188 182 156 22 förhållanden
359 182 86 28 uppstå,
461 188 46 16 som
524 182 71 22 skulle
611 182 54 28 göra
681 188 27 16 en
725 182 61 28 dylik
801 182 141 28 lagstiftning
955 182 52 22 nöd-

189 212 89 27 vändig.
309 211 83 22 Skälen
412 211 75 21 härför
508 212 68 21 hafva
597 211 131 22 framhållits
749 211 61 22 såväl
830 212 2 21 i
848 211 159 22 komitébetän-

188 241 85 21 kandet
292 246 48 16 som
360 241 6 21 i
388 241 118 21 utskottets
526 241 147 22 betänkande.
704 241 44 28 Jag
766 241 108 22 behöfver
889 241 50 22 icke
955 247 52 22 upp-

189 277 55 21 repa
260 271 56 21 dem.

261 300 35 22 Då
316 300 91 28 uppstår
426 300 84 28 frågan,
533 300 89 23 hvilken
641 300 154 29 utsträckning
815 301 72 22 denna
902 307 45 21 nya
962 301 46 28 lag-

189 330 103 28 stiftning
311 330 40 22 bör
371 330 74 22 hafva.
476 330 51 22 Alla
548 332 37 20 äro
607 337 52 15 ense
681 336 35 16 om
737 332 32 20 att
785 330 43 22 den
844 330 40 22 bör
899 330 109 29 begränsa

189 360 105 22 rörelsen.
326 360 51 21 Men
398 366 50 16 man
467 360 44 22 kan
533 366 52 16 vara
605 360 26 22 af
649 360 59 22 olika
724 360 57 28 åsigt
797 360 82 27 derom,
896 361 7 21 i
918 361 90 21 hvilken

190 390 51 21 män
264 390 61 21 detta
348 389 40 22 bör
410 390 46 21 ske.
488 390 115 22 Utskottet
623 390 40 21 har
683 390 115 28 föreslagit
818 403 26 2 —
861 391 41 21 och
919 390 89 28 ingen
993 385 18 38 i

188 420 64 21 detta
270 419 64 22 stånd
353 419 41 22 har
409 422 96 25 motsagt
521 419 180 22 önskvärdheten
716 420 65 21 deraf
794 432 30 3 —
839 421 33 21 att
888 420 119 27 pantrörel-

188 455 42 16 sen
251 449 40 22 bör
309 449 121 29 begränsas
449 449 25 22 så
489 449 33 22 till
537 449 53 22 vida
605 451 32 20 att
653 450 43 21 den
713 450 48 21 icke
777 455 61 16 mera
854 450 57 21 skall
926 450 81 21 tillåtas

190 479 36 22 för
248 479 85 22 enskild
357 479 91 28 vinning
471 479 54 22 eller
543 479 33 22 till
597 479 96 22 enskildt
711 480 92 21 förvärf.
833 480 116 21 Utskottet
969 479 40 22 har

189 509 77 22 vidare
293 509 115 28 föreslagit
430 511 34 20 att
486 509 42 22 den
551 509 72 22 skulle
646 509 121 28 begränsas
790 510 7 21 i
821 510 112 26 afseende,
949 509 59 22 hvad

190 539 155 28 landsbygden
366 539 113 26 beträffar,
500 538 27 29 på
548 539 23 22 så
592 540 44 21 sätt
653 541 32 19 att
701 539 145 22 kommunens
863 539 62 22 bifall
941 539 67 22 erfor-

189 569 82 21 drades
292 569 35 21 för
343 570 33 20 att
392 574 27 16 en
435 569 61 27 dylik
512 569 82 21 anstalt
609 569 59 27 finge
684 569 80 27 uppstå
779 569 27 28 på
821 569 82 22 landet.
934 569 75 28 Enligt

192 599 120 21 utskottets
332 598 84 28 förslag
436 599 38 21 äro
495 598 92 22 sålunda
609 598 90 28 mycket
715 598 126 29 betydande
856 598 152 22 inskränknin-

189 634 42 22 gar
254 628 80 28 gjorda
356 628 7 22 i
384 628 130 28 jemförelse
535 629 49 21 med
607 628 27 22 de
653 635 30 15 nu
699 628 119 22 bestående
834 628 173 23 förhållandena.

191 658 51 22 Men
262 664 29 16 nu
308 658 125 22 föreställer
448 665 51 15 man
515 659 34 27 sig
565 660 39 25 att,
620 665 36 15 om
673 659 64 21 dessa
753 658 126 29 betydande
895 658 114 23 inskränk-

189 688 80 28 ningar
284 688 164 28 genomfördes,
464 688 72 22 skulle
552 688 99 28 plötsligt
667 695 27 15 en
705 688 81 29 mängd
797 689 212 28 pantlåneanstalter

190 718 80 27 uppstå
286 718 64 21 öfver
366 718 46 26 allt,
431 718 70 21 ehuru
517 718 28 21 de
560 718 49 22 icke
625 718 106 28 uppstått,
747 718 28 22 då
789 718 52 29 inga
857 718 152 23 inskränknin-

188 754 44 21 gar
247 747 87 22 funnos.
366 747 50 22 Man
432 748 40 21 har
488 747 60 22 svårt
563 749 33 20 att
613 748 113 21 föreställa
741 748 41 28 sig,
799 748 84 28 hvarpå
898 754 52 15 man
965 748 44 22 kan

191 777 87 28 grunda
294 779 32 20 ett
342 777 78 22 sådant
435 777 133 28 antagande.
600 777 160 28 Motiveringen
774 778 7 21 i
797 778 166 21 reservationen
973 784 35 15 n:o

192 810 13 19 3
227 813 40 22 ger
281 807 57 22 intet
353 807 49 22 stöd
418 807 83 22 härför.
532 807 50 22 Den
597 807 40 28 går
652 807 47 22 helt
714 808 41 21 och
771 807 68 22 hållet
854 810 25 19 ut
893 808 58 21 ifrån
967 808 42 21 den

192 836 187 29 förutsättningen
394 838 33 20 att
441 837 188 27 pantlånerörelse
645 837 72 22 såsom
732 837 56 28 yrke
804 837 77 22 hittills
897 838 58 21 varit
966 837 42 22 för-

190 867 80 27 bjudet
290 867 41 21 och
350 868 33 20 att
399 873 49 15 man
465 873 30 15 nu
510 867 39 21 vill
564 867 72 22 införa
652 873 27 15 en
695 867 146 28 lagstiftning,
858 873 80 22 genom
954 867 55 22 hvil-

191 897 44 21 ken
251 896 186 28 pantlånerörelse
452 896 29 28 på
496 896 75 22 landet
590 897 71 22 skulle
678 897 113 28 påbjudas.
823 897 46 28 Jag
884 898 39 21 ber
939 898 32 21 att
987 897 22 22 få

191 925 117 22 framhålla
324 925 72 23 såsom
413 927 60 21 bevis
490 926 34 22 för
540 927 61 21 detta
616 926 119 28 påstående
751 927 69 27 några
835 929 72 19 satser
922 927 7 21 i
940 933 68 16 reser-

190 956 111 21 vationen.
333 955 55 22 Näst
411 957 56 20 efter
489 956 42 21 den
551 957 69 21 redan
640 957 103 27 upplästa
764 957 116 28 meningen
895 957 66 28 säger
976 963 33 15 re-

190 987 129 20 servanten:
352 985 87 28 Enligt
461 985 58 22 hvad
537 986 41 27 jag
598 986 40 21 har
659 986 45 27 mig
724 986 83 22 bekant
826 987 68 21 hafva
910 986 99 22 hvarken

190 1015 237 22 landskommunernas
448 1017 179 26 representanter
646 1015 36 22 vid
698 1016 135 27 landtdagen
849 1017 20 26 ej
887 1016 70 21 heller
972 1015 36 22 nä-

190 1051 45 21 gon
253 1045 85 21 enskild
359 1045 169 21 landskommun
544 1045 26 22 af
583 1045 109 28 styrelsen
709 1045 92 22 anhällit
816 1052 35 15 om
867 1045 78 28 ätgärd
962 1045 47 21 der-

190 1074 51 25 hän,
266 1075 33 20 att
319 1074 212 28 pantläneanstalter
551 1075 59 27 finge
631 1074 7 21 i
653 1074 225 22 landskommunerna
894 1076 114 20 inrättas”.

190 1103 64 22 Huru
278 1103 71 22 skulle
372 1110 28 15 en
420 1103 68 22 sädan
504 1103 103 22 anhällan
623 1103 89 22 komma
727 1105 7 20 i
751 1104 69 28 fräga,
837 1104 27 22 dä
880 1104 129 28 fullständig

191 1133 67 22 frihet
274 1133 6 21 i
297 1133 62 22 detta
374 1133 106 22 afseende
496 1133 121 22 existerat?
648 1133 97 22 Hvarför
761 1133 72 22 skulle
848 1133 72 29 nägon
936 1139 73 23 repre-

190 1164 90 20 sentant
303 1163 35 22 för
358 1163 171 22 landskommun
553 1163 86 22 anhålla
662 1165 34 20 att
718 1163 68 22 sådan
807 1164 106 27 rättighet
929 1169 80 22 genom

191 1192 140 29 lagstiftning
347 1192 136 29 medgäfves,
501 1192 26 22 dä
543 1193 72 22 denna
630 1193 107 28 rättighet
752 1193 69 22 redan
837 1193 76 22 finnes.
941 1193 69 28 Ingen

191 1222 187 27 pantläneanstalt
397 1223 39 20 har
456 1222 74 22 blifvit
550 1223 97 21 inrättad
667 1223 29 27 pä
710 1223 77 21 landet
803 1223 74 22 derför
893 1224 33 20 att
942 1223 70 22 behof

183 1251 74 22 "deraf
274 1251 49 22 icke
342 1251 78 22 hittills
435 1252 60 28 gjort
511 1252 34 28 sig
560 1252 109 28 gällande,
687 1259 50 15 men
753 1254 33 20 att
801 1253 82 28 begära
900 1253 110 27 lagförän-

191 1281 65 28 dring
271 1281 7 22 i
294 1281 61 22 detta
371 1282 59 27 syfte
446 1282 40 21 har
500 1282 25 27 ju
541 1282 48 21 icke
605 1282 86 21 kunnat
706 1282 89 22 komma
811 1283 6 21 i
834 1283 68 27 fräga.
932 1282 77 22 Reser-

191 1313 83 20 vanten
296 1312 66 27 säger
385 1311 85 22 vidare:
503 1311 112 26 ,Emedan
639 1312 34 26 de,
696 1312 34 21 till
750 1312 87 22 hvilkas
857 1319 60 22 gagn
937 1312 73 22 denna

191 1341 83 20 rörelse
298 1341 69 27 enligt
390 1341 119 20 utskottets
534 1341 140 21 betänkande
698 1343 24 19 är
742 1342 85 25 afsedd,
849 1342 27 27 pä
895 1342 56 21 intet
966 1343 44 20 sätt

191 1370 112 27 uppgifvit
325 1370 35 27 sig
375 1370 100 21 hvarken
491 1370 69 21 sakna
576 1369 54 22 eller
646 1370 69 21 önska
731 1370 74 27 sådan,
822 1371 63 21 torde
901 1370 109 28 ifrägava-

191 1399 69 22 rande
280 1399 141 28 lagstiftning
435 1399 69 22 redan
519 1399 26 22 af
559 1399 62 22 detta
636 1399 49 22 skäl
700 1399 55 22 böra
771 1406 64 16 anses
851 1406 54 16 vara
921 1400 39 22 allt
977 1399 34 23 för

190 1429 78 27 tidig*.
299 1429 35 25 Ja,
356 1429 61 21 detta
434 1435 54 15 vore
505 1430 26 26 ju
550 1431 32 20 ett
598 1429 135 28 fullkomligt
749 1429 76 29 riktigt
841 1430 56 26 skäl,
913 1436 36 16 om
964 1430 46 28 lag-

192 1458 107 29 förslaget
317 1458 110 23 innehölle
447 1460 32 20 ett
494 1459 74 27 päbud
584 1465 36 16 om
636 1460 125 21 inrättande
776 1460 27 22 af
816 1460 193 28 pantlänerörelse,

192 1495 51 16 men
259 1488 67 29 något
341 1488 78 23 sådant
434 1490 25 20 är
472 1490 27 27 ju
514 1490 41 21 alls
571 1490 49 21 icke
635 1489 123 29 ifrågasatt.
790 1490 126 22 Utskottets
927 1490 84 29 förslag

192 1518 121 24 innehåller
326 1519 54 22 icke
402 1521 68 20 annat
486 1520 28 21 än
530 1521 33 21 att
578 1520 158 28 förordningen
751 1520 50 22 icke
817 1521 68 21 borde
900 1520 110 23 innehålla
