1100 1809
433 112 79 18 Helmik.
526 112 11 18 5
549 117 16 17 p.
849 116 29 19 95

90 166 82 22 folkets
193 166 111 28 upprörda
325 166 207 28 sedlighetskänsla,
553 172 54 16 vore
623 166 38 22 det
676 166 43 24 väl,
736 172 36 16 om
788 172 28 16 en
832 167 76 27 sådan,

90 196 30 22 låt
140 202 55 16 vara
214 196 7 21 i
242 196 89 22 korthet
348 196 101 27 affattad,
470 196 93 22 relation
584 196 95 22 rörande
699 196 210 28 åklagaremaktens

89 225 131 29 ingripande
242 226 33 21 till
298 226 133 22 hämmande
455 226 25 21 af
499 226 63 22 otukt
580 226 42 21 och
637 226 142 27 prostitution
794 226 90 29 inginge
900 228 8 22 i

89 256 120 21 utskottets
224 255 148 22 betänkande.

160 284 102 22 Provasti
283 284 65 21 Vilén:
368 284 99 22 Minäkin
486 285 134 27 lämpimästi
636 285 112 21 kannatan
764 286 76 21 tämän
855 292 54 15 ano-

90 314 189 22 musehdotuksen
293 313 152 22 lähettämistä
460 314 164 22 valiokuntaan.
649 314 32 21 En
697 314 61 22 luule
768 315 140 28 erehtyväni,

88 344 36 27 jos
139 349 70 16 sanon
224 344 47 21 että
285 344 62 22 tämä
362 343 188 23 anomusehdotus
565 349 28 16 on
609 344 94 21 leikattu
713 344 98 22 Suomen
822 345 86 22 kansan

90 375 86 20 omasta
198 373 80 22 lihasta
298 374 26 27 ja
347 374 94 21 verestä.
473 373 39 22 Jos
532 373 80 28 säädyt
632 375 47 26 nyt,
700 374 100 22 niinkuin
818 374 89 23 vuoden

92 407 54 19 1891
163 403 167 28 valtiopäivillä,
344 403 97 28 jättävät
456 404 76 21 tämän
546 403 231 22 anomusehdotuksen
788 404 119 23 huomioon

90 434 124 25 ottamatta,
239 433 44 22 niin
304 433 60 22 eivät
384 439 29 16 ne
433 433 73 22 silloin
525 435 69 20 tunne
610 433 111 22 kansansa
736 433 111 29 syvimpiä
863 435 44 21 tar-

90 464 66 28 peita,
170 463 70 28 jonka
255 469 72 16 onnea
341 464 62 21 tämä
417 463 188 22 anomusehdotus
620 463 126 22 tarkoittaa.

161 493 191 28 Tuomioprovasti
369 493 101 28 Hedberg:
486 493 91 22 Minulla
588 493 20 22 ei
619 493 36 22 ole
665 493 159 23 aikomuksena
835 495 72 21 enään

90 524 60 28 paljo
171 524 104 27 pidentää
294 524 48 21 tätä
362 523 150 27 keskustelua,
533 524 70 21 koska
622 530 25 15 se
668 525 41 26 nyt
722 524 25 27 jo
763 529 28 17 on
806 526 101 26 venynyt

89 554 71 27 kyllin
175 553 97 29 pitkäksi
286 554 25 27 ja
326 553 137 22 asialliseksi.
492 553 116 28 Pyytäisin
618 553 130 22 ainoastaan
759 554 69 21 saada
838 555 69 21 mieli-

90 583 91 29 hyvällä
202 583 144 22 huomauttaa
366 584 75 21 erästä
461 583 100 28 erityistä
581 583 91 22 seikkaa
687 583 71 28 piispa
773 583 134 29 Räbergh'in

90 614 137 21 anomuksen
242 615 114 26 ponnesta.
383 613 61 22 Siinä
459 613 65 22 herra
539 613 71 28 piispa
623 613 80 22 lausuu
714 613 135 28 suotavaksi,
861 615 49 20 että

90 643 178 22 mieshenkilöitä
288 643 140 22 samoinkuin
447 643 115 28 naisiakin,
581 643 65 28 jotka
666 645 53 20 ovat
734 645 105 20 tunnetut
853 644 54 21 huo-

90 675 64 21 nosta
181 673 114 28 elämästä,
318 673 93 28 joutuisi
435 674 122 21 entistänsä
579 674 117 21 enemmän
718 673 46 22 lain
786 669 121 44 käsittelyn

90 703 112 35 alaisiksi.
226 703 75 36 Minun
322 703 124 34 mielestäni
461 709 29 16 on
506 703 55 36 ollut
576 704 122 28 puutteena
713 703 59 34 koko
782 703 56 22 siinä
851 704 56 35 lain-

90 760 111 36 tarpeeksi
224 751 120 35 huomioon
368 764 72 21 otettu
460 769 25 16 se
505 763 87 22 erittäin
614 763 60 22 suuri
690 751 155 40 syyllisyyden
860 770 47 20 osa,

90 794 60 22 mikä
174 793 97 23 miehillä
293 799 28 16 on
344 793 141 22 veneeristen
509 794 85 21 tautien
617 793 177 22 levittämisessä.
832 794 76 28 Piispa

91 823 133 29 Räbergh'in
246 823 63 29 ponsi
332 823 91 22 sisältää
443 823 75 28 hyvän
532 824 25 27 ja
571 823 142 28 tarpeellisen
728 823 181 23 huomautuksen

89 855 61 20 tässä
175 853 95 28 kohden,
292 854 26 27 ja
340 853 91 29 pyydän
453 854 47 21 että
524 853 174 22 lakivaliokunta
721 853 89 22 erittäin
834 853 73 23 ottaisi

90 885 76 20 tämän
182 883 77 22 seikan
274 883 151 22 huomioonsa.

160 913 123 22 Professori
300 913 115 26 Runeberg:
431 913 44 28 Jag
489 913 40 22 ber
544 913 79 22 endast
637 915 34 19 att
687 913 50 22 med
753 913 120 28 anledning
884 914 28 21 af

90 943 78 28 biskop
191 943 122 28 Räbergh's
334 944 89 21 senaste
446 943 110 28 yttrande,
580 943 7 21 i
609 942 86 23 hvilket
709 943 79 28 biskop
804 943 104 28 Räbergh

90 973 108 22 vidhäller
221 973 42 22 den
288 973 173 28 utgängspunkt,
484 979 48 16 som
555 973 72 28 ligger
649 973 34 21 till
705 973 72 28 grund
801 973 35 22 för
851 973 57 22 hans

90 1003 99 28 petition,
212 1003 112 28 nämligen
347 1003 50 26 den,
420 1004 33 20 att
475 1003 170 28 prostitutionen
669 1002 72 22 skulle
764 1009 54 16 vara
840 1009 28 15 en
884 1003 28 22 af

91 1033 184 28 myndigheterna
296 1032 144 23 underhällen
457 1032 124 23 institution
597 1032 35 22 för
647 1032 155 28 bekämpande
817 1033 27 21 af
856 1028 51 44 syfi-

90 1063 60 22 litisk
173 1063 82 26 smitta,
279 1062 92 29 påpeka,
396 1064 33 20 att
451 1063 73 21 denna
547 1061 166 29 utgångspunkt
735 1063 125 27 uppenbart
882 1063 27 21 är

90 1093 87 28 oriktig.
216 1093 83 27 Biskop
322 1092 103 28 Råbergh
449 1093 66 27 säger
529 1092 7 21 i
552 1092 39 21 sitt
611 1092 229 35 petitionsmemorial:
861 1091 49 27 ,Dä

91 1123 43 21 den
157 1123 192 27 reglementerade
373 1122 170 27 prostitutionen
568 1122 119 26 dessutom,
711 1121 63 28 långt
795 1121 57 22 ifrån
875 1124 34 19 att

91 1152 74 23 kunna
188 1152 28 28 på
238 1152 134 22 nämnvärdt
395 1153 44 20 sätt
457 1152 124 21 motarbeta
600 1139 143 40 spridningen
764 1152 25 22 af
804 1152 104 21 venerisk

92 1183 82 25 smitta,
190 1183 97 20 tvärtom
302 1181 117 22 befordrar
434 1181 129 22 densamma
579 1187 81 23 genom
671 1183 32 20 att
713 1181 75 22 lemna
798 1181 111 22 skenbara

91 1211 113 29 garantier
227 1211 35 22 för
286 1213 32 20 ett
340 1213 78 26 tryggt
440 1211 122 22 utöfvande
585 1211 26 22 af
628 1211 104 22 otuktens
751 1211 57 28 synd
824 1211 41 22 och
881 1211 29 22 då

91 1243 72 20 denna
186 1242 76 21 smitta
285 1241 88 22 medför
395 1241 27 22 de
446 1241 114 28 farligaste
583 1241 82 28 följder
688 1241 35 22 för
745 1241 102 28 skyldige
866 1241 42 22 och

91 1271 116 29 oskyldige
230 1272 7 21 i
258 1272 54 21 flere
335 1271 126 28 slägtleder,
484 1272 61 21 torde
565 1273 63 26 äfven
648 1278 30 15 ur
693 1273 88 20 sanitär
796 1272 112 26 synpunkt

88 1303 170 26 prostitutionen
274 1303 53 20 böra
342 1307 65 16 anses
422 1301 74 22 såsom
512 1303 27 19 ett
552 1301 191 26 samhällsvådligt
753 1301 59 26 ondt,
824 1301 86 22 hvilket

91 1331 50 22 med
162 1331 29 22 all
213 1331 126 28 ihärdighet
353 1331 41 22 bör
409 1331 156 21 motarbetas”.
596 1330 44 28 Jag
655 1330 84 28 frågar:
756 1330 56 22 Tror
830 1330 79 28 biskop

74 1379 3 2 .
91 1361 102 28 Råbergh
217 1361 54 22 eller
293 1361 72 28 någon
384 1367 80 20 annan,
485 1362 32 19 att
536 1360 37 22 det
591 1360 70 22 finnes
683 1366 28 15 en
726 1360 116 22 menniska
857 1360 51 21 med

91 1391 67 28 insigt
178 1391 6 21 i
201 1391 75 27 saken,
293 1397 48 15 som
356 1390 73 22 skulle
444 1390 97 26 betvifla,
557 1391 33 21 att
605 1390 171 28 prostitutionen
792 1390 7 21 i
815 1390 95 22 sanitärt

91 1421 107 21 afseende
218 1421 25 20 är
264 1422 32 20 ett
316 1419 191 28 samhällsvådligt
528 1421 59 25 ondt,
604 1420 55 21 eller
673 1421 46 20 tror
734 1419 72 28 någon
823 1421 33 20 att
871 1419 39 22 det

91 1449 71 22 finnes
178 1455 28 16 en
221 1449 121 28 insigtsfull
358 1455 87 22 person,
461 1455 48 15 som
520 1449 89 27 ansåge,
620 1451 33 19 att
663 1449 43 21 den
716 1449 193 27 reglementerade

92 1479 170 27 prostitutionen
282 1478 72 22 skulle
373 1478 76 21 kunna
468 1479 125 20 motarbeta
608 1478 143 27 spridningen
767 1478 26 21 af
805 1478 104 21 venerisk

92 1508 92 22 smitta?
215 1508 106 22 Tvärtom
340 1508 24 22 är
383 1508 39 21 det
437 1508 27 28 ju
482 1508 75 26 kändt,
573 1508 33 21 att
621 1507 177 29 prostitutionen,
815 1507 43 22 den
873 1506 37 23 må
