1109 1773
434 105 79 19 Helmik.
526 106 11 18 5
549 110 17 18 p.
832 110 41 19 105

92 158 58 21 minä
173 159 47 21 että
243 164 72 16 ennen
337 158 76 29 pitkää
433 160 94 21 taitavat
545 160 46 22 olot
610 160 126 22 meidänkin
759 167 147 16 maassamme

91 188 132 22 muodostua
238 188 123 22 sellaiseksi
376 190 47 21 että
437 189 75 27 täällä,
528 189 69 23 kuten
612 190 97 22 monissa
724 190 84 23 muissa
818 191 87 27 maissa,

91 218 62 22 esim.
169 218 115 28 Saksassa,
300 219 156 22 nimenomaan
471 226 29 15 on
515 220 132 27 säädettynä
662 220 128 27 pakollinen
799 221 107 21 kasvatus

90 246 93 29 lapsille,
202 248 65 28 jotka
286 249 79 27 syystä
387 249 31 21 tai
436 249 92 21 toisesta
543 250 53 21 ovat
610 249 44 21 sitä
669 249 67 22 vailla
749 250 25 27 ja
790 251 52 21 ovat
857 256 49 16 sen-

91 276 121 24 kaltaisiksi
230 278 191 22 muodostumassa
439 279 47 21 että
501 278 112 22 tavalliset
623 278 198 23 kotikasvatuksen
831 279 75 22 keinot

90 306 60 22 eivät
170 307 35 22 ole
226 307 52 22 edes
298 308 104 22 riittäviä.
432 307 72 22 Mutta
522 308 59 22 minä
603 308 77 22 luulen
695 309 47 21 että
756 308 150 23 senkaltaisen

89 335 45 23 lain
150 337 148 22 säätämiseen
314 337 103 23 kaikessa
432 337 162 23 laveudessaan
610 338 88 22 meidän
713 344 88 16 maassa
816 338 21 22 ei
846 338 60 22 vielä

90 366 35 22 ole
140 366 51 23 aika
206 367 67 22 tullut
286 368 24 27 jo
326 367 89 22 siitäkin
430 368 85 28 syystä,
531 368 71 22 koska
617 368 75 21 meillä
707 368 20 22 ei
743 368 35 22 ole
787 368 119 22 riittävästi

90 396 70 22 siihen
178 397 167 23 tarkoitukseen
365 397 129 23 tarvittavia
512 398 115 22 kasvatus-
644 398 25 27 ja
685 398 220 28 parannuslaitoksia.

89 426 86 22 Luulen
191 427 139 22 kumminkin
345 428 47 21 että
406 433 29 16 on
450 428 67 27 syytä
533 428 99 21 lähettää
647 428 61 21 tämä
718 428 188 22 anomusehdotus

90 456 174 23 asianomaiseen
284 457 164 27 valiokuntaan,
465 457 121 22 kaiketikin
602 457 210 22 lakivaliokuntaan.
843 457 63 23 Ehkä

89 486 37 22 voi
148 486 63 22 asian
233 487 108 28 puheeksi
363 487 122 22 tuleminen
506 488 24 27 ja
551 487 179 22 käsitteleminen
752 487 64 22 siellä
838 487 68 23 tuoda

88 516 127 22 mukanaan
235 518 61 21 tässä
317 516 100 29 kylläkin
436 516 140 23 tähellisessä
591 517 84 21 asiassa
688 517 87 28 jotakin
791 517 114 29 edistystä.

160 546 203 29 Tuomiokapitulin
378 547 95 22 asessori
490 546 156 22 Wennerström:
662 546 44 22 Det
716 548 25 20 är
752 547 90 28 mycket
851 547 55 28 möj-

89 576 40 28 ligt
150 578 33 20 att
206 576 43 23 den
268 577 26 21 af
312 577 46 28 mig
380 577 41 21 och
437 578 33 20 ett
484 583 40 22 par
540 576 69 22 andra
624 577 146 21 medlemmar
785 577 25 21 af
823 578 83 27 preste-

88 605 88 23 ståndet
196 606 125 22 inlemnade
343 606 122 28 petitionen
485 607 7 21 i
508 607 34 21 sin
557 606 133 28 motivering
704 606 50 22 icke
769 608 25 20 är
808 606 97 22 tillräek-

89 635 40 29 ligt
144 636 134 28 omständlig
294 637 41 21 och
350 636 85 22 kanske
450 636 49 22 icke
515 636 70 22 heller
601 636 51 22 fullt
667 636 81 28 tydlig;
765 636 38 22 det
818 636 39 22 vill
866 637 40 27 jag

88 672 70 22 gerna
180 666 119 28 medgifva.
331 666 51 22 Men
402 666 70 28 syftet
494 666 51 22 med
565 666 121 28 petitionen
706 666 63 22 torde
790 666 57 22 dock
862 672 44 22 nog

88 702 54 15 vara
162 696 59 22 klart
240 696 34 22 för
294 696 90 22 enhvar.
415 696 76 28 Syftet
510 697 24 21 är
550 696 112 28 nämligen
678 697 32 20 att
726 696 98 28 lagligen
838 696 68 22 tiller-

88 725 74 23 känna
183 726 42 22 den
244 726 143 22 kommunala
403 726 243 28 fattigvärdsstyrelsen
661 726 45 22 rätt
721 728 33 20 att
768 726 8 21 i
791 726 60 22 vissa
867 726 40 22 fall

88 755 95 22 tillvälla
199 756 34 28 sig
249 756 206 28 föräldrarättighet
470 756 64 22 öfver
549 756 61 22 barn.
637 755 68 23 Detta
721 756 25 22 är
761 756 49 21 icke
825 755 81 29 nägon-

88 786 75 21 städes
178 786 7 21 i
200 786 54 22 vära
269 786 69 28 lagar,
354 786 50 22 icke
419 786 71 22 heller
504 786 8 21 i
528 785 27 23 de
571 786 25 21 af
610 786 28 21 de
652 785 38 23 tvä
707 785 133 29 föregäende
852 785 54 22 tala-

89 821 55 16 rena
158 816 134 22 omnämnda
308 816 190 28 förordningarna,
511 815 81 29 tydligt
608 816 41 21 och
660 815 58 22 klart
729 816 100 21 erkändt.
855 815 51 22 Man

89 845 44 22 kan
148 845 62 22 tolka
225 846 35 27 sig
275 846 33 22 till
324 846 44 26 det,
385 852 51 15 men
452 846 38 21 det
505 846 24 20 är
545 846 49 21 icke
604 845 66 28 sagdt
681 845 50 22 med
742 845 43 22 den
796 845 111 28 tydlighet

90 875 40 22 och
146 874 94 23 klarhet.
256 881 48 16 som
318 876 40 27 jag
370 875 35 22 för
415 875 45 22 min
471 874 36 22 del
518 874 71 23 skulle
600 874 76 23 önska.
698 874 106 28 Orsaken,
815 874 91 23 hvarför

88 905 40 28 jag
143 905 49 21 icke
207 905 57 22 blott
279 905 38 22 vid
332 905 73 22 denna
419 905 114 27 landtdag,
549 906 53 20 utan
616 905 69 21 redan
696 905 94 27 tidigare
800 904 38 22 vid
850 907 54 19 1891

89 933 35 23 års
139 934 109 29 landtdag
262 935 126 22 inlemnade
404 940 28 16 en
447 934 92 28 petition
554 935 7 21 i
576 934 98 22 nämnda
688 934 68 28 syfte,
772 935 25 20 är
812 934 44 21 den
873 935 34 20 att

87 964 41 28 jag
148 964 54 22 flere
223 964 84 29 gänger
327 965 58 21 varit
404 964 7 21 i
432 964 88 22 tillfälle
540 965 34 20 att
592 964 80 26 erfara,
693 963 57 22 huru
767 963 139 28 fattigvärds-

90 994 116 27 styrelsen,
222 995 56 21 trots
293 994 45 21 alla
353 994 27 22 de
397 993 88 28 lagbud,
502 999 48 16 som
565 993 40 22 här
616 993 74 22 blifvit
700 993 140 26 omnämnda,
854 993 53 22 stätt

90 1024 135 28 fullkomligt
240 1024 130 28 vanmäktig
390 1025 114 26 gentemot
520 1023 115 27 föräldrar,
652 1029 46 16 som
714 1023 49 22 icke
779 1023 55 28 vilja
848 1022 59 23 afstä

89 1053 49 22 sina
160 1053 64 27 barn;
246 1054 40 28 jag
310 1053 84 28 åsyftar
417 1053 83 22 sådana
523 1053 116 26 föräldrar,
660 1053 76 21 hvilka
756 1053 49 22 icke
820 1052 86 29 åtnjuta

90 1083 120 22 understöd
234 1083 26 22 af
278 1084 142 21 kommunen.
451 1083 45 21 Det
519 1084 25 20 är
566 1083 49 21 icke
636 1082 87 28 möjligt
739 1082 35 22 för
789 1082 118 22 samhället

89 1114 33 20 att
137 1112 94 23 tillvälla
246 1114 34 28 sig
297 1113 143 22 föräldrarätt
455 1112 64 22 öfver
534 1112 76 28 dylika
619 1112 56 22 barn
686 1112 41 22 och
738 1112 38 22 det
786 1118 53 16 vore
850 1112 56 22 dock

89 1143 26 21 af
127 1144 96 26 yttersta
238 1143 48 28 vigt
300 1143 8 21 i
323 1143 59 22 vissa
399 1143 45 26 fall,
461 1142 27 22 då
499 1142 119 28 nämligen,
629 1143 40 21 när
680 1142 144 26 föräldrarna,
836 1142 71 21 ehuru

89 1172 29 22 de
132 1172 72 28 pocka
219 1172 28 28 på
262 1173 48 21 sina
326 1172 235 28 föräldrarättigheter,
578 1172 135 28 fullkomligt
728 1171 121 23 åsidosätta
859 1172 48 20 sina

90 1202 251 28 föräldraskyldigheter
366 1202 42 22 och
433 1202 83 28 sjelfva
540 1202 61 21 lefva
624 1202 95 27 osedligt
742 1202 42 21 och
806 1201 100 21 lastbart.

90 1232 48 21 Den
157 1232 111 28 naturliga
288 1232 85 28 följden
388 1232 42 22 blir
445 1232 7 21 i
468 1232 28 21 de
510 1232 66 21 flesta
591 1231 40 22 fall
647 1231 43 21 den
705 1232 33 20 att
753 1231 91 27 barnen,
859 1236 47 16 som

90 1263 104 27 uppväxa
216 1262 7 21 i
247 1268 27 16 en
297 1262 25 22 så
344 1262 83 28 sorglig
450 1261 129 28 omgifning,
603 1261 70 21 blifva
694 1260 138 22 föräldrarna
855 1260 51 22 lika.

90 1291 120 23 Gentemot
225 1291 82 23 sådana
322 1291 154 29 gensträfviga
492 1290 109 23 föräldrar
616 1290 46 22 står
676 1290 118 22 samhället
805 1290 102 22 fullkom-

90 1321 40 29 ligt
145 1322 146 28 vanmäktigt.
323 1321 85 22 Endast
422 1320 28 22 då
465 1320 44 22 kan
524 1321 80 21 barnet
618 1322 64 25 tagas
698 1320 47 22 från
762 1320 145 26 föräldrarna,

89 1352 41 21 när
144 1352 39 21 det
198 1351 63 27 sjelft
276 1352 60 27 gjort
351 1351 35 28 sig
401 1350 99 28 skyldigt
514 1350 34 22 till
564 1351 65 21 brott.
652 1350 50 22 Men
718 1350 38 22 det
769 1355 54 16 vore
833 1350 75 21 bättre

90 1382 33 21 att
142 1382 96 21 stämma
258 1381 7 21 i
286 1381 86 22 bäcken
392 1382 28 20 än
436 1380 7 22 i
459 1380 27 22 ån
502 1380 41 22 och
559 1380 75 22 derför
649 1380 69 22 hafva
732 1380 23 22 vi
771 1379 67 28 vågat
853 1378 54 29 peti-

90 1410 85 22 tionera
196 1410 76 22 derom
292 1412 34 20 att
344 1412 32 20 ett
399 1410 79 21 sådant
493 1410 78 28 tillägg
586 1409 73 21 skulle
674 1409 65 27 göras
755 1409 33 21 till
804 1408 103 28 gällande

91 1440 262 28 fattigvärdsförordning
381 1441 33 20 att
441 1438 227 29 fattigvärdsstyrelse
697 1438 56 28 egde
778 1438 46 22 rätt
852 1439 34 20 att
900 1438 8 21 i

90 1469 82 23 sådana
188 1469 46 27 fall,
250 1475 48 16 som
312 1470 40 28 jag
367 1469 41 22 här
422 1468 103 29 påpekat,
536 1468 94 22 tillvälla
640 1468 35 28 sig
686 1468 149 22 föräldrarnas
846 1473 62 21 myn-

91 1500 82 29 dighet.
191 1511 26 4 —
234 1499 51 22 Men
304 1499 122 29 petitionen
446 1498 70 28 gäller
534 1498 67 22 ocksä
616 1498 62 26 barn,
695 1504 47 16 som
760 1497 34 22 för
810 1497 98 23 tillfället
