1100 1784
231 122 42 19 206
537 118 78 18 Helmik.
630 119 21 17 15
664 122 17 18 p.

199 178 48 16 som
263 172 147 22 tillsammans
426 172 56 27 egde
498 172 70 21 sända
578 172 54 21 flere
643 172 185 26 representanter.
854 171 166 23 Bondeständet

199 202 73 21 skulle
294 201 86 27 jemväl
399 207 55 15 vara
469 202 7 20 i
491 201 63 21 ständ
570 202 39 25 att,
626 202 54 20 utan
695 202 33 20 att
744 200 83 22 förlora
842 201 34 21 sin
890 202 130 21 nuvarande

199 231 112 25 karakter,
334 231 34 20 uti
390 231 34 27 sig
448 232 99 26 upptaga
568 231 179 26 representanter
771 229 34 22 för
820 230 70 21 andra
905 231 115 21 samhälls-

200 260 85 21 klasser
306 259 28 29 pä
349 259 82 28 landet,
448 266 50 15 men
514 260 60 21 detta
590 259 70 28 enligt
675 259 45 22 min
736 259 67 22 tanke
819 259 57 22 blott
891 260 71 21 under
977 260 42 22 den

200 290 131 28 ovilkorliga
355 289 187 28 förutsättningen
562 291 34 20 att
618 289 38 22 det
671 289 112 28 egentliga
799 289 173 22 bondeständets
986 296 34 16 re-

200 322 154 25 presentanter
378 319 138 22 fortfarande
531 319 60 28 finge
606 319 80 28 utgöra
702 319 38 22 det
755 319 167 29 öfvervägande
935 321 85 21 antalet

200 350 7 21 i
223 350 39 21 det
277 350 72 28 fjerde
365 349 94 22 ständet.
482 349 72 22 Ocksä
569 349 170 28 presteständet,
749 350 46 21 tror
804 349 47 28 jag,
862 349 73 22 skulle
945 350 75 22 kunna

200 380 32 21 uti
248 380 35 27 sig
298 380 112 27 inrymma
424 379 69 28 några
508 379 69 22 andra
588 379 103 26 element,
702 379 42 22 och
754 379 7 22 i
773 379 37 22 det
820 379 117 22 afseendet
947 380 73 21 skulle

198 410 40 28 jag
254 410 35 21 för
304 409 45 22 min
366 409 35 22 del
416 409 50 22 icke
482 409 68 22 hafva
564 409 122 28 nägonting
701 410 60 20 emot
771 415 28 16 en
809 409 68 22 sädan
888 409 132 29 utvidgning

200 439 24 22 af
238 439 163 22 skollärarenas
417 439 97 25 rösträtt,
531 445 47 16 som
594 439 7 21 i
617 445 27 16 en
660 445 72 15 annan
748 438 94 28 petition
850 440 24 20 är
886 439 134 29 föreslagen,

200 475 50 16 men
274 469 51 22 med
349 469 38 21 det
410 469 136 28 uttryckliga
561 468 109 22 förbehäll
686 470 32 19 att
734 468 122 22 skollärare
872 469 49 22 icke
937 469 23 22 fä
974 470 46 21 rätt

199 501 33 20 att
248 499 70 22 sända
333 501 180 25 representanter
531 499 3 21 i
550 505 85 15 samma
650 498 135 28 proportion,
799 504 48 16 som
859 499 38 21 det
907 499 113 28 egentliga

199 529 173 28 presterskapet.
399 528 43 22 Till
458 529 39 21 vär
512 528 235 29 folkrepresentations
762 529 105 21 karakter
884 529 41 21 hör
936 531 33 19 att
980 529 40 22 vär

199 559 115 22 lutherska
330 559 83 28 kyrkas
428 559 143 27 presterskap
586 559 41 21 har
643 559 31 20 ett
689 558 128 27 betydande
832 564 48 16 rum
897 559 33 21 uti
946 559 73 22 denna

200 589 230 27 folkrepresentation,
447 589 41 20 och
504 589 70 20 under
590 587 149 29 förhoppning
754 589 33 20 att
802 588 74 21 denna
890 588 40 21 vär
940 589 78 27 kyrka,

198 620 74 27 troget
295 617 149 23 fasthällande
467 618 43 22 den
530 618 100 28 sanning,
654 623 47 16 som
724 617 74 22 blifvit
821 617 23 22 ät
859 618 72 22 henne
947 619 72 22 öfver-

198 648 97 26 lemnad,
314 648 138 22 fortfarande
468 648 57 21 skall
540 648 68 22 hafva
624 653 85 16 samma
723 647 118 28 betydelse
857 647 35 23 för
907 648 49 22 värt
972 648 47 22 folk

199 684 48 16 som
270 678 53 26 förr,
347 678 82 22 önskar
450 678 40 28 jag
509 678 67 22 äfven
592 679 39 25 att,
648 683 35 17 om
700 678 42 21 ock
757 677 163 23 skollärarenas
936 679 61 21 antal
1011 678 8 22 i

198 708 165 28 presteständet
384 708 53 22 ökas
454 708 42 21 och
510 708 34 21 till
560 708 116 28 äfventyrs
690 708 70 21 andra
776 708 97 22 element
888 707 130 28 tillkomma,

198 738 7 22 i
222 738 44 22 alla
282 738 39 22 fall
337 738 85 22 antalet
437 739 179 27 representanter
631 738 35 21 för
682 738 37 21 det
729 737 115 29 egentliga
852 738 168 28 presterskapet

198 768 43 22 blir
256 768 38 21 det
309 768 101 28 afgjordt
425 767 173 28 öfvervägande.

270 797 43 29 Jag
329 797 40 22 ber
384 799 33 20 att
433 797 22 22 fä
470 798 59 21 sluta
545 797 50 22 med
610 796 126 22 uttalandet
751 798 34 21 att
800 797 70 28 enligt
885 797 46 22 min
946 797 73 23 öfver-

198 828 89 27 tygelse
310 828 43 21 den
377 827 229 27 folkrepresentation,
623 833 48 15 som
686 827 22 21 vi
724 826 75 28 hafva,
817 828 25 20 är
857 827 51 28 god,
924 833 37 16 om
977 827 42 23 ock

198 857 50 22 icke
263 858 54 21 utan
332 857 87 22 brister.
448 857 76 21 Under
540 856 64 22 svåra
622 857 58 21 tider
690 856 40 22 har
741 857 38 21 det
789 856 58 22 visat
857 857 35 28 sig
902 858 33 21 att
946 858 72 22 denna

199 886 224 29 folkrepresentation
446 887 85 22 kunnat
554 886 76 27 uttala,
647 886 60 22 hvad
722 892 49 16 som
786 886 47 23 rört
848 887 34 28 sig
897 886 28 29 pä
941 887 78 28 djupet

198 917 26 22 af
244 917 50 22 värt
317 917 59 22 folks
400 917 84 27 hjerta;
509 917 47 26 och,
573 917 91 22 oaktadt
680 917 72 21 denna
767 917 177 28 representation
960 918 59 21 varit

198 947 102 28 splittrad
316 946 27 29 pä
359 947 51 28 fyra
425 947 96 26 kamrar,
537 947 40 22 har
592 947 44 21 den
651 946 91 22 förmätt
758 947 70 21 under
839 947 27 21 de
878 947 55 21 sista
943 948 76 21 trettio

198 976 53 22 åren
273 976 79 29 bringa
375 976 33 22 till
432 976 63 22 stånd
518 976 90 22 relativt
630 982 62 15 mera
712 977 29 20 än
756 977 86 21 kanske
856 976 74 28 någon
945 983 74 16 annan

199 1006 224 28 folkrepresentation
446 1006 162 22 ästadkommit.
639 1006 43 21 Till
706 1006 159 27 förtjensterna
889 1007 40 21 hos
945 1007 73 22 denna

198 1036 176 28 representation
397 1036 41 21 hör
453 1037 33 20 att
502 1036 42 21 den
560 1036 44 21 kan
619 1036 7 21 i
642 1036 34 27 sig
691 1037 99 26 upptaga
800 1042 46 21 nya
856 1036 98 21 element
964 1038 54 20 utan

198 1067 33 20 att
246 1066 109 27 uppgifva
370 1066 33 21 sin
420 1065 113 28 egentliga
548 1065 110 22 karakter.
689 1065 43 28 Jag
748 1065 72 22 skulle
836 1065 49 22 icke
899 1066 72 21 önska
986 1067 33 20 att

198 1095 105 21 Finlands
320 1095 90 21 ständer
425 1095 59 27 finge
500 1101 28 15 en
544 1101 73 15 annan
632 1095 105 21 karakter
747 1096 28 20 än
787 1101 35 15 nu.
849 1095 43 27 Jag
903 1101 37 15 ser
949 1101 70 22 gerna

198 1126 34 20 att
248 1124 27 22 de
290 1125 63 27 lägre
369 1124 221 22 samhällsklasserna
606 1124 66 22 ocksä
688 1124 22 21 fä
725 1124 54 28 göra
795 1124 35 22 sin
842 1124 47 22 röst
899 1124 37 22 vid
948 1125 70 22 landt-

198 1154 99 28 dagarna
312 1154 63 26 hörd,
392 1160 51 16 men
456 1154 41 28 jag
507 1154 81 22 önskar
598 1154 49 22 icke
658 1160 27 16 en
697 1154 130 28 förändring
837 1154 25 22 af
870 1154 148 28 landtdagens

198 1184 111 21 karakter.

270 1213 95 29 Kollega
396 1212 19 22 S.
437 1214 19 20 A.
480 1212 134 23 Westerlund:
636 1212 52 23 Kun
711 1214 78 20 vertaa
811 1213 50 27 sitä,
882 1214 55 21 mitä
959 1215 60 20 tästä

196 1274 42 26 nyt
253 1273 82 22 kuulee
351 1273 146 28 puhuttavan,
512 1273 46 21 niin
574 1273 114 22 havaitsee
704 1273 46 21 että
769 1273 86 27 samoja
866 1273 102 21 väitteitä
978 1275 40 26 nyt

196 1302 118 22 lausutaan
330 1303 177 27 kysymyksessä
523 1303 78 22 olevaa
616 1302 106 23 reformia
737 1304 93 20 vastaan
839 1302 51 22 kuin
901 1303 118 22 ennenkin.

198 1332 149 27 Myönnetään
370 1333 110 26 puutteita
504 1332 86 26 olevan,
606 1333 108 20 sanotaan
728 1332 56 21 niitä
799 1332 81 21 olevan
895 1332 124 27 paljonkin,

197 1361 116 28 puhutaan
336 1361 204 21 abnormiteeteista
561 1361 24 27 ja
608 1361 117 21 lausutaan
741 1360 103 28 myöskin
860 1362 46 20 että
920 1361 98 22 Suomen

196 1390 104 28 säätyjen
322 1390 74 28 pitäisi
419 1390 45 23 olla
486 1390 98 22 Suomen
606 1390 85 23 kansan
708 1390 160 27 eduskuntana,
885 1393 71 20 mutta
972 1392 46 22 kun

196 1420 61 22 tulee
280 1420 109 29 kysymys
411 1421 154 26 muutoksista,
580 1422 46 21 niin
642 1421 73 22 silloin
730 1423 120 20 sanotaan:
868 1427 58 20 ,non
941 1428 77 22 possu-

197 1452 71 25 mus”,
296 1457 36 15 me
355 1456 73 17 emme
451 1452 73 28 ryhdy
547 1451 127 23 mihinkään
696 1451 92 22 toimiin.
827 1450 26 23 Fi
876 1453 53 21 auta
954 1452 64 27 siinä,

196 1480 82 22 vaikka
301 1481 133 22 muutoksen
455 1482 108 27 vaatijain
584 1482 24 27 ja
623 1481 152 29 puolustajain
789 1481 99 29 puolelta
904 1482 114 22 väitetään

196 1512 48 21 että
271 1511 186 29 porvarissäädyn
485 1512 60 22 tulee
573 1512 44 22 olla
640 1512 104 22 kaikkien
765 1511 253 29 kaupunginasukasten
