1109 1828
239 131 26 19 14
539 130 91 18 Tammik.
643 130 22 17 :23
679 135 16 16 p.

207 182 28 21 de
253 180 136 31 förefintliga
408 183 101 22 vilkoren
529 183 36 22 för
584 183 76 28 andlig
679 183 41 22 och
736 183 109 22 materiell
860 183 121 22 förkofran.
1015 184 9 21 I

206 211 73 22 denna
294 212 59 21 anda
368 213 40 21 har
423 213 43 22 den
482 213 71 22 finska
569 213 252 28 folkrepresentationen
836 213 68 22 äfven
915 213 110 22 härintilis

205 242 86 22 verkat.
313 242 82 22 Derför
408 243 69 22 hafva
487 243 131 22 ständernas
628 243 103 28 ätgärder
741 243 7 22 i
759 243 40 22 allt
809 243 120 28 väsentligt
939 243 86 22 kunnat

205 271 27 22 af
245 272 81 22 folkets
342 273 113 22 tänkesätt
470 273 41 22 och
525 273 204 22 rättsmedvetande
740 273 111 28 uppbäras
862 275 59 20 samt
930 273 24 22 sä
964 273 60 23 kraf-

205 301 43 29 tigt
270 302 96 28 bidragit
388 302 33 22 till
445 302 87 23 landets
553 302 205 23 framätskridande.
790 303 48 22 Och
857 303 27 22 dä
904 303 120 22 ständerna

205 332 71 22 under
291 332 105 23 särskildt
411 332 172 29 betydelsefulla
593 333 198 22 tidsförhällanden
802 333 73 22 funnit
885 333 34 29 sig
929 334 95 25 manade

206 363 33 20 att
254 362 71 22 uttala
341 362 59 22 hvad
415 362 106 22 Finlands
537 363 47 22 folk
599 363 81 21 vördar
695 363 72 22 säsom
783 363 48 21 sina
842 363 94 28 helgade
946 364 77 28 rättig-

205 391 70 27 heter,
298 392 25 22 sä
346 392 68 22 hafva
437 392 66 22 dessa
526 393 129 22 uttalanden
677 393 58 22 varit
750 394 33 20 ett
797 394 74 27 troget
886 391 95 30 äterljud
996 400 28 15 ur

205 421 82 23 folkets
302 423 95 27 hjertan.

264 451 69 23 Detta
348 452 149 23 samförstånd
513 453 82 22 mellan
611 453 119 23 ständerna
746 453 72 22 såsom
833 453 90 28 politisk
936 453 86 23 institu-

204 481 47 22 tion
267 482 41 22 och
324 482 71 22 folket
411 482 78 23 sådant
505 483 38 21 det
557 483 72 22 lefver
645 483 41 22 och
702 483 36 22 rör
753 483 34 28 sig
802 483 8 22 i
823 483 129 22 samhällets
963 483 59 22 olika

205 511 68 28 lager,
289 518 41 22 ger
345 518 36 16 oss
397 512 68 22 ökadt
480 513 154 28 berättigande
649 515 40 24 att,
706 513 39 22 der
761 513 24 22 så
799 513 66 28 göres
880 513 75 25 behof,
969 513 52 22 hän-

205 541 48 22 visa
272 542 34 21 till
325 542 28 22 de
371 549 26 15 ur
415 543 131 21 ständernas
565 543 196 28 öfverläggningar
782 543 146 28 framgångna
948 543 74 22 beslut

205 571 41 22 och
266 572 130 21 uttalanden
416 572 73 22 såsom
510 573 38 21 det
568 573 69 28 enligt
658 573 139 28 grundlagen
815 573 58 22 enda
887 573 136 28 rättsgiltiga

205 601 115 28 uttrycket
336 601 35 22 för
387 602 37 21 det
439 602 72 22 finska
528 602 81 22 folkets
625 603 67 21 tanke
708 603 41 21 och
765 603 60 27 vilja.

274 631 46 22 Det
340 631 138 28 högvördiga
498 632 167 22 Presteståndet
687 632 61 22 delar
764 632 126 29 säkerligen
905 633 51 21 med
971 632 50 22 Rid-

204 660 119 29 derskapet
339 661 41 22 och
395 661 73 22 Adeln
484 661 43 23 den
542 662 85 22 önskan
644 663 33 20 att
692 662 67 22 äfven
775 662 38 21 det
828 668 30 16 nu
873 662 149 28 begynnande

203 691 161 22 ständermötet
380 691 35 22 må
431 691 78 28 bringa
524 692 97 27 groende
637 691 54 22 sådd
706 692 7 21 i
724 692 44 22 den
779 692 163 22 fosterländska
952 692 68 22 odlin-

203 726 55 22 gens
272 721 58 27 jord,
347 721 41 21 och
404 723 33 19 att
455 721 147 28 landtdagens
617 722 143 21 verksamhet
776 721 35 22 må
825 722 55 22 bära
895 723 93 27 prägeln
997 723 28 21 af

203 750 103 22 inbördes
327 751 94 28 aktning
436 751 82 22 mellan
534 751 59 22 olika
608 752 111 21 tänkande
735 754 59 20 samt
809 752 117 28 försonligt
940 752 80 22 tillmö-

203 780 120 28 tesgående
339 781 36 22 för
390 780 110 23 ernående
515 782 27 21 af
554 782 119 28 gagneliga
687 782 100 22 resultat.

273 810 45 22 Det
333 810 168 29 öfvervägande
516 812 97 21 flertalet
628 812 26 21 af
667 812 27 21 de
710 812 104 26 ärenden,
823 812 119 22 ständerna
952 812 70 22 hafva

203 841 33 21 att
256 840 133 29 handlägga,
404 841 89 22 beröras
514 842 21 27 ej
556 842 26 21 af
600 842 27 21 de
649 841 216 29 meningsolikheter,
887 848 47 16 som
954 842 67 28 gifvit

203 870 78 28 näring
305 870 22 22 åt
351 871 168 28 partistriderna
538 871 65 29 kring
624 871 74 28 språk-
719 872 42 22 och
783 872 236 29 nationalitetsfrågan.

203 900 35 28 Ty
256 900 66 29 lagen
344 901 73 22 stiftas
433 901 45 22 lika
494 901 35 22 för
544 901 44 22 alla
603 901 105 22 Finlands
723 902 130 28 inbyggare,
871 902 41 21 och
927 903 41 21 när
983 902 38 22 det

203 931 71 27 gäller
289 932 34 20 att
338 931 49 22 från
402 932 84 21 statens
502 931 48 22 sida
566 931 81 28 främja
657 932 91 28 idoghet
759 933 41 21 och
811 932 140 28 upplysning,
962 933 60 22 skall

203 961 37 21 väl
260 961 112 28 framgent
392 967 47 16 som
459 961 79 22 hittills
553 961 44 22 alla
613 962 157 28 medborgares
786 962 37 22 väl
838 962 79 22 hafvas
932 962 8 22 i
955 962 64 27 sikte,

203 991 125 22 oberoende
344 991 27 22 af
384 991 182 28 skiljaktigheten
581 992 51 21 dem
644 992 95 21 emellan
749 992 8 22 i
768 992 107 28 språkligt
885 992 133 22 hänseende.

202 1020 29 22 Ju
251 1021 84 22 vissare
355 1021 118 22 samhället
495 1021 129 22 förnimmer
642 1023 33 20 att
691 1022 158 22 statsmaktens
865 1028 94 22 organer
974 1029 45 16 om-

203 1051 56 21 fatta
278 1051 121 22 rättvisans
420 1051 59 22 fasta
499 1052 125 28 grundsats,
646 1052 62 22 desto
731 1059 61 15 mera
809 1053 78 21 närma
902 1052 22 22 vi
940 1059 36 15 oss
992 1053 28 21 de

202 1081 99 27 antydda
317 1081 179 27 partistridernas
512 1081 50 22 slut.
589 1082 169 26 Förhållanden,
774 1089 49 15 som
839 1082 78 21 danats
932 1083 26 21 af
971 1083 48 21 sek-

202 1110 39 26 ler,
261 1110 90 28 betinga
366 1110 8 22 i
389 1110 50 22 vårt
458 1111 52 21 land
526 1113 33 19 att
574 1112 115 21 samhälls-
705 1112 42 22 och
761 1112 199 28 bildningsarbetet
976 1112 43 22 för-

202 1140 61 22 delar
279 1140 34 28 sig
328 1140 7 22 i
350 1140 58 22 finsk
423 1141 42 21 och
481 1141 81 22 svensk
578 1142 64 21 form.
667 1141 50 22 Men
733 1142 48 21 häri
796 1142 72 28 ligger
878 1142 66 28 ingen
955 1142 65 22 verk-

201 1170 32 28 lig
253 1170 72 28 grund
345 1170 32 22 till
399 1170 125 22 söndrande
540 1171 146 28 antagonism,
702 1173 25 26 ty
743 1172 38 21 det
796 1171 92 22 sålunda
905 1172 115 21 fördelade

201 1200 86 21 arbetet
303 1200 86 28 bygger
403 1200 25 27 ju
444 1200 28 28 på
486 1207 85 15 samma
581 1201 130 22 traditioner
722 1203 59 20 samt
791 1201 109 27 fullföljer
910 1202 110 21 likartade

201 1230 41 21 och
265 1236 167 21 gemensamma
454 1230 109 27 ändamål,
587 1230 42 22 och
651 1230 87 22 landets
758 1231 106 28 trygghet
885 1231 87 21 fordrar
990 1238 29 15 en

201 1259 116 21 solidarisk
335 1260 134 21 samvärkan
489 1260 26 21 af
528 1260 44 22 alla
588 1260 27 21 de
631 1260 94 22 ledande
741 1261 140 27 intelligenta
897 1261 119 21 krafterna.

271 1288 51 22 Med
343 1296 63 15 varm
426 1290 97 27 sympati
543 1290 139 22 omfattande
697 1290 44 22 alla
757 1290 50 22 ädla
823 1290 145 22 sträfvanden
984 1291 35 21 för

201 1318 106 28 höjandet
323 1319 26 21 af
362 1318 49 22 vårt
427 1319 58 21 folks
501 1320 89 27 andliga
605 1320 82 26 kultur,
699 1320 66 22 hvars
776 1320 136 22 omvårdnad
922 1320 6 22 i
940 1320 24 22 så
974 1320 46 28 hög

200 1348 54 27 grad
275 1348 72 22 hvilar
367 1348 28 28 på
416 1349 27 21 de
464 1349 149 22 institutioner
629 1362 27 2 —
676 1350 39 21 vår
735 1350 114 22 lutherska
870 1350 78 27 kyrka,
970 1350 49 22 vårt

201 1378 130 20 universitet
351 1378 41 20 och
413 1378 39 20 vår
471 1378 161 21 lärdomsskola
655 1390 25 3 —
704 1385 48 15 som
773 1380 38 20 äro
826 1379 8 21 i
852 1379 167 22 Presteståndet

200 1406 134 26 företrädda,
350 1407 67 27 hyser
432 1407 163 28 Ridderskapet
610 1408 41 21 och
666 1408 73 21 Adeln
755 1408 42 21 den
814 1408 154 28 förhoppning,
984 1410 33 20 att

199 1436 104 22 särskildt
324 1437 7 21 i
352 1436 131 22 hithörande
504 1437 75 27 frågor
594 1437 22 22 få
631 1437 74 22 erfara
720 1443 28 16 en
764 1438 123 28 hugnesam
903 1438 113 22 öfverens-

199 1466 128 22 stämmelse
343 1466 81 22 mellan
441 1466 27 22 de
484 1466 57 22 båda
557 1466 109 22 Ståndens
682 1467 81 22 åsikter
779 1468 41 21 och
837 1468 78 22 beslut.

270 1496 162 28 Ridderskapet
451 1496 41 21 och
507 1496 73 22 Adeln
595 1497 40 21 ber
651 1498 33 20 att
700 1497 22 21 få
737 1504 54 15 vara
806 1498 120 21 inneslutet
941 1498 7 21 i
963 1498 54 28 hög-

199 1525 92 29 vördiga
306 1526 178 22 Presteståndets
500 1527 99 27 vänskap
615 1527 41 21 och
673 1527 133 22 förtroende.
