<?xml version="1.0" encoding="UTF-8"?>
<alto xmlns="http://www.loc.gov/standards/alto/ns-v3#" xmlns:xlink="http://www.w3.org/1999/xlink" xmlns:xsi="http://www.w3.org/2001/XMLSchema-instance" xsi:schemaLocation="http://www.loc.gov/standards/alto/ns-v3# http://www.loc.gov/alto/v3/alto-3-0.xsd">
	<Description>
		<MeasurementUnit>pixel</MeasurementUnit>
		<sourceImageInformation>
			<fileName>/tmp/tess_nag4w0r1_input.PNG</fileName>
		</sourceImageInformation>
		<OCRProcessing ID="OCR_0">
			<ocrProcessingStep>
				<processingSoftware>
					<softwareName>tesseract 5.3.4</softwareName>
				</processingSoftware>
			</ocrProcessingStep>
		</OCRProcessing>
	</Description>
	<Layout>
		<Page WIDTH="1109" HEIGHT="1820" PHYSICAL_IMG_NR="0" ID="page_0">
			<PrintSpace HPOS="0" VPOS="0" WIDTH="1109" HEIGHT="1820">
				<ComposedBlock ID="cblock_0" HPOS="449" VPOS="130" WIDTH="444" HEIGHT="24">
					<TextBlock ID="block_0" HPOS="449" VPOS="130" WIDTH="444" HEIGHT="24">
						<TextLine ID="line_0" HPOS="449" VPOS="130" WIDTH="444" HEIGHT="24">
							<String ID="string_0" HPOS="449" VPOS="130" WIDTH="76" HEIGHT="19" WC="0.93" CONTENT="Huhtik."/><SP WIDTH="14" VPOS="130" HPOS="525"/>
							<String ID="string_1" HPOS="539" VPOS="131" WIDTH="22" HEIGHT="18" WC="0.96" CONTENT="23"/><SP WIDTH="13" VPOS="131" HPOS="561"/>
							<String ID="string_2" HPOS="574" VPOS="136" WIDTH="17" HEIGHT="17" WC="0.96" CONTENT="p."/><SP WIDTH="261" VPOS="136" HPOS="591"/>
							<String ID="string_3" HPOS="852" VPOS="135" WIDTH="41" HEIGHT="19" WC="0.94" CONTENT="867"/>
						</TextLine>
					</TextBlock>
				</ComposedBlock>
				<ComposedBlock ID="cblock_1" HPOS="101" VPOS="184" WIDTH="826" HEIGHT="1340">
					<TextBlock ID="block_1" HPOS="101" VPOS="184" WIDTH="825" HEIGHT="594">
						<TextLine ID="line_1" HPOS="103" VPOS="184" WIDTH="821" HEIGHT="30">
							<String ID="string_4" HPOS="103" VPOS="185" WIDTH="132" HEIGHT="22" WC="0.96" CONTENT="sköterskor"/><SP WIDTH="15" VPOS="185" HPOS="235"/>
							<String ID="string_5" HPOS="250" VPOS="184" WIDTH="28" HEIGHT="29" WC="0.93" CONTENT="pä"/><SP WIDTH="15" VPOS="184" HPOS="278"/>
							<String ID="string_6" HPOS="293" VPOS="185" WIDTH="162" HEIGHT="28" WC="0.96" CONTENT="landsbygden,"/><SP WIDTH="16" VPOS="185" HPOS="455"/>
							<String ID="string_7" HPOS="471" VPOS="185" WIDTH="24" HEIGHT="22" WC="0.96" CONTENT="sä"/><SP WIDTH="15" VPOS="185" HPOS="495"/>
							<String ID="string_8" HPOS="510" VPOS="185" WIDTH="41" HEIGHT="22" WC="0.96" CONTENT="har"/><SP WIDTH="15" VPOS="185" HPOS="551"/>
							<String ID="string_9" HPOS="566" VPOS="192" WIDTH="52" HEIGHT="15" WC="0.93" CONTENT="man"/><SP WIDTH="15" VPOS="192" HPOS="618"/>
							<String ID="string_10" HPOS="633" VPOS="185" WIDTH="50" HEIGHT="22" WC="0.82" CONTENT="icke"/><SP WIDTH="10" VPOS="185" HPOS="683"/>
							<String ID="string_11" HPOS="693" VPOS="185" WIDTH="67" HEIGHT="29" WC="0.96" CONTENT="något"/><SP WIDTH="11" VPOS="185" HPOS="760"/>
							<String ID="string_12" HPOS="771" VPOS="186" WIDTH="48" HEIGHT="22" WC="0.93" CONTENT="skäl"/><SP WIDTH="12" VPOS="186" HPOS="819"/>
							<String ID="string_13" HPOS="831" VPOS="187" WIDTH="33" HEIGHT="21" WC="0.93" CONTENT="att"/><SP WIDTH="11" VPOS="187" HPOS="864"/>
							<String ID="string_14" HPOS="875" VPOS="185" WIDTH="49" HEIGHT="23" WC="0.95" CONTENT="från"/>
						</TextLine>
						<TextLine ID="line_2" HPOS="102" VPOS="214" WIDTH="821" HEIGHT="29">
							<String ID="string_15" HPOS="102" VPOS="215" WIDTH="150" HEIGHT="21" WC="0.92" CONTENT="kostnaderna"/><SP WIDTH="20" VPOS="215" HPOS="252"/>
							<String ID="string_16" HPOS="272" VPOS="214" WIDTH="120" HEIGHT="22" WC="0.92" CONTENT="fränräkna"/><SP WIDTH="23" VPOS="214" HPOS="392"/>
							<String ID="string_17" HPOS="415" VPOS="215" WIDTH="65" HEIGHT="21" WC="0.93" CONTENT="dessa"/><SP WIDTH="15" VPOS="215" HPOS="480"/>
							<String ID="string_18" HPOS="495" VPOS="215" WIDTH="229" HEIGHT="28" WC="0.86" CONTENT="provincialläkarene"/><SP WIDTH="15" VPOS="215" HPOS="724"/>
							<String ID="string_19" HPOS="739" VPOS="215" WIDTH="34" HEIGHT="22" WC="0.93" CONTENT="till"/><SP WIDTH="16" VPOS="215" HPOS="773"/>
							<String ID="string_20" HPOS="789" VPOS="216" WIDTH="86" HEIGHT="21" WC="0.93" CONTENT="biträde"/><SP WIDTH="11" VPOS="216" HPOS="875"/>
							<String ID="string_21" HPOS="886" VPOS="222" WIDTH="37" HEIGHT="15" WC="0.92" CONTENT="an-"/>
						</TextLine>
						<TextLine ID="line_3" HPOS="102" VPOS="244" WIDTH="823" HEIGHT="27">
							<String ID="string_22" HPOS="102" VPOS="244" WIDTH="73" HEIGHT="21" WC="0.92" CONTENT="stälda"/><SP WIDTH="15" VPOS="244" HPOS="175"/>
							<String ID="string_23" HPOS="190" VPOS="244" WIDTH="186" HEIGHT="27" WC="0.93" CONTENT="sjuksköterskor."/><SP WIDTH="31" VPOS="244" HPOS="376"/>
							<String ID="string_24" HPOS="407" VPOS="244" WIDTH="156" HEIGHT="22" WC="0.90" CONTENT="Kostnaderna"/><SP WIDTH="22" VPOS="244" HPOS="563"/>
							<String ID="string_25" HPOS="585" VPOS="245" WIDTH="34" HEIGHT="21" WC="0.96" CONTENT="för"/><SP WIDTH="22" VPOS="245" HPOS="619"/>
							<String ID="string_26" HPOS="641" VPOS="245" WIDTH="117" HEIGHT="22" WC="0.96" CONTENT="införande"/><SP WIDTH="16" VPOS="245" HPOS="758"/>
							<String ID="string_27" HPOS="774" VPOS="246" WIDTH="23" HEIGHT="21" WC="0.96" CONTENT="af"/><SP WIDTH="16" VPOS="246" HPOS="797"/>
							<String ID="string_28" HPOS="813" VPOS="252" WIDTH="28" HEIGHT="15" WC="0.93" CONTENT="en"/><SP WIDTH="15" VPOS="252" HPOS="841"/>
							<String ID="string_29" HPOS="856" VPOS="245" WIDTH="69" HEIGHT="22" WC="0.96" CONTENT="sådan"/>
						</TextLine>
						<TextLine ID="line_4" HPOS="102" VPOS="273" WIDTH="823" HEIGHT="30">
							<String ID="string_30" HPOS="102" VPOS="273" WIDTH="132" HEIGHT="27" WC="0.92" CONTENT="institution,"/><SP WIDTH="17" VPOS="273" HPOS="234"/>
							<String ID="string_31" HPOS="251" VPOS="279" WIDTH="47" HEIGHT="16" WC="0.96" CONTENT="som"/><SP WIDTH="16" VPOS="279" HPOS="298"/>
							<String ID="string_32" HPOS="314" VPOS="273" WIDTH="43" HEIGHT="22" WC="0.96" CONTENT="den"/><SP WIDTH="15" VPOS="273" HPOS="357"/>
							<String ID="string_33" HPOS="372" VPOS="279" WIDTH="30" HEIGHT="16" WC="0.93" CONTENT="nu"/><SP WIDTH="15" VPOS="279" HPOS="402"/>
							<String ID="string_34" HPOS="417" VPOS="273" WIDTH="178" HEIGHT="28" WC="0.90" CONTENT="ifrägavarande,"/><SP WIDTH="17" VPOS="273" HPOS="595"/>
							<String ID="string_35" HPOS="612" VPOS="274" WIDTH="72" HEIGHT="21" WC="0.93" CONTENT="skulle"/><SP WIDTH="15" VPOS="274" HPOS="684"/>
							<String ID="string_36" HPOS="699" VPOS="274" WIDTH="93" HEIGHT="22" WC="0.92" CONTENT="sälunda"/><SP WIDTH="15" VPOS="274" HPOS="792"/>
							<String ID="string_37" HPOS="807" VPOS="275" WIDTH="67" HEIGHT="21" WC="0.93" CONTENT="ställa"/><SP WIDTH="16" VPOS="275" HPOS="874"/>
							<String ID="string_38" HPOS="890" VPOS="275" WIDTH="35" HEIGHT="28" WC="0.96" CONTENT="sig"/>
						</TextLine>
						<TextLine ID="line_5" HPOS="104" VPOS="303" WIDTH="821" HEIGHT="28">
							<String ID="string_39" HPOS="104" VPOS="303" WIDTH="41" HEIGHT="22" WC="0.90" CONTENT="alls"/><SP WIDTH="15" VPOS="303" HPOS="145"/>
							<String ID="string_40" HPOS="160" VPOS="303" WIDTH="51" HEIGHT="22" WC="0.90" CONTENT="icke"/><SP WIDTH="15" VPOS="303" HPOS="211"/>
							<String ID="string_41" HPOS="226" VPOS="303" WIDTH="137" HEIGHT="28" WC="0.92" CONTENT="obetydliga,"/><SP WIDTH="16" VPOS="303" HPOS="363"/>
							<String ID="string_42" HPOS="379" VPOS="309" WIDTH="36" HEIGHT="16" WC="0.92" CONTENT="om"/><SP WIDTH="16" VPOS="309" HPOS="415"/>
							<String ID="string_43" HPOS="431" VPOS="303" WIDTH="67" HEIGHT="22" WC="0.88" CONTENT="ocksä"/><SP WIDTH="12" VPOS="303" HPOS="498"/>
							<String ID="string_44" HPOS="510" VPOS="304" WIDTH="72" HEIGHT="21" WC="0.93" CONTENT="denna"/><SP WIDTH="11" VPOS="304" HPOS="582"/>
							<String ID="string_45" HPOS="593" VPOS="303" WIDTH="164" HEIGHT="28" WC="0.92" CONTENT="omständighet"/><SP WIDTH="10" VPOS="303" HPOS="757"/>
							<String ID="string_46" HPOS="767" VPOS="305" WIDTH="49" HEIGHT="21" WC="0.93" CONTENT="icke"/><SP WIDTH="11" VPOS="305" HPOS="816"/>
							<String ID="string_47" HPOS="827" VPOS="304" WIDTH="33" HEIGHT="22" WC="0.93" CONTENT="fär"/><SP WIDTH="11" VPOS="304" HPOS="860"/>
							<String ID="string_48" HPOS="871" VPOS="311" WIDTH="54" HEIGHT="15" WC="0.96" CONTENT="vara"/>
						</TextLine>
						<TextLine ID="line_6" HPOS="102" VPOS="332" WIDTH="823" HEIGHT="29">
							<String ID="string_49" HPOS="102" VPOS="333" WIDTH="26" HEIGHT="22" WC="0.93" CONTENT="af"/><SP WIDTH="20" VPOS="333" HPOS="128"/>
							<String ID="string_50" HPOS="148" VPOS="332" WIDTH="124" HEIGHT="29" WC="0.82" CONTENT="afgörande"/><SP WIDTH="23" VPOS="332" HPOS="272"/>
							<String ID="string_51" HPOS="295" VPOS="333" WIDTH="54" HEIGHT="28" WC="0.88" CONTENT="vigt."/><SP WIDTH="32" VPOS="333" HPOS="349"/>
							<String ID="string_52" HPOS="381" VPOS="333" WIDTH="76" HEIGHT="22" WC="0.93" CONTENT="Under"/><SP WIDTH="23" VPOS="333" HPOS="457"/>
							<String ID="string_53" HPOS="480" VPOS="333" WIDTH="83" HEIGHT="22" WC="0.96" CONTENT="sådana"/><SP WIDTH="24" VPOS="333" HPOS="563"/>
							<String ID="string_54" HPOS="587" VPOS="333" WIDTH="189" HEIGHT="28" WC="0.96" CONTENT="omständigheter"/><SP WIDTH="23" VPOS="333" HPOS="776"/>
							<String ID="string_55" HPOS="799" VPOS="334" WIDTH="72" HEIGHT="21" WC="0.96" CONTENT="skulle"/><SP WIDTH="16" VPOS="334" HPOS="871"/>
							<String ID="string_56" HPOS="887" VPOS="333" WIDTH="38" HEIGHT="22" WC="0.96" CONTENT="det"/>
						</TextLine>
						<TextLine ID="line_7" HPOS="102" VPOS="362" WIDTH="822" HEIGHT="30">
							<String ID="string_57" HPOS="102" VPOS="368" WIDTH="75" HEIGHT="23" WC="0.95" CONTENT="synas,"/><SP WIDTH="22" VPOS="368" HPOS="177"/>
							<String ID="string_58" HPOS="199" VPOS="369" WIDTH="47" HEIGHT="15" WC="0.96" CONTENT="som"/><SP WIDTH="24" VPOS="369" HPOS="246"/>
							<String ID="string_59" HPOS="270" VPOS="369" WIDTH="36" HEIGHT="16" WC="0.94" CONTENT="om"/><SP WIDTH="24" VPOS="369" HPOS="306"/>
							<String ID="string_60" HPOS="330" VPOS="363" WIDTH="37" HEIGHT="21" WC="0.93" CONTENT="det"/><SP WIDTH="18" VPOS="363" HPOS="367"/>
							<String ID="string_61" HPOS="385" VPOS="369" WIDTH="54" HEIGHT="16" WC="0.93" CONTENT="vore"/><SP WIDTH="20" VPOS="369" HPOS="439"/>
							<String ID="string_62" HPOS="459" VPOS="362" WIDTH="108" HEIGHT="30" WC="0.93" CONTENT="riktigare"/><SP WIDTH="15" VPOS="362" HPOS="567"/>
							<String ID="string_63" HPOS="582" VPOS="364" WIDTH="33" HEIGHT="21" WC="0.93" CONTENT="att"/><SP WIDTH="16" VPOS="364" HPOS="615"/>
							<String ID="string_64" HPOS="631" VPOS="363" WIDTH="67" HEIGHT="22" WC="0.96" CONTENT="äfven"/><SP WIDTH="16" VPOS="363" HPOS="698"/>
							<String ID="string_65" HPOS="714" VPOS="363" WIDTH="28" HEIGHT="29" WC="0.96" CONTENT="pä"/><SP WIDTH="15" VPOS="363" HPOS="742"/>
							<String ID="string_66" HPOS="757" VPOS="363" WIDTH="62" HEIGHT="22" WC="0.93" CONTENT="detta"/><SP WIDTH="15" VPOS="363" HPOS="819"/>
							<String ID="string_67" HPOS="834" VPOS="363" WIDTH="90" HEIGHT="22" WC="0.96" CONTENT="område"/>
						</TextLine>
						<TextLine ID="line_8" HPOS="102" VPOS="392" WIDTH="822" HEIGHT="30">
							<String ID="string_68" HPOS="102" VPOS="393" WIDTH="76" HEIGHT="22" WC="0.89" CONTENT="skrida"/><SP WIDTH="23" VPOS="393" HPOS="178"/>
							<String ID="string_69" HPOS="201" VPOS="393" WIDTH="84" HEIGHT="28" WC="0.89" CONTENT="stegvis"/><SP WIDTH="23" VPOS="393" HPOS="285"/>
							<String ID="string_70" HPOS="308" VPOS="393" WIDTH="57" HEIGHT="22" WC="0.96" CONTENT="fram"/><SP WIDTH="16" VPOS="393" HPOS="365"/>
							<String ID="string_71" HPOS="381" VPOS="392" WIDTH="28" HEIGHT="29" WC="0.96" CONTENT="pä"/><SP WIDTH="15" VPOS="392" HPOS="409"/>
							<String ID="string_72" HPOS="424" VPOS="393" WIDTH="69" HEIGHT="22" WC="0.95" CONTENT="basen"/><SP WIDTH="15" VPOS="393" HPOS="493"/>
							<String ID="string_73" HPOS="508" VPOS="393" WIDTH="28" HEIGHT="22" WC="0.93" CONTENT="af"/><SP WIDTH="12" VPOS="393" HPOS="536"/>
							<String ID="string_74" HPOS="548" VPOS="393" WIDTH="126" HEIGHT="28" WC="0.92" CONTENT="verklighet"/><SP WIDTH="16" VPOS="393" HPOS="674"/>
							<String ID="string_75" HPOS="690" VPOS="394" WIDTH="41" HEIGHT="21" WC="0.93" CONTENT="och"/><SP WIDTH="16" VPOS="394" HPOS="731"/>
							<String ID="string_76" HPOS="747" VPOS="394" WIDTH="50" HEIGHT="21" WC="0.91" CONTENT="icke"/><SP WIDTH="14" VPOS="394" HPOS="797"/>
							<String ID="string_77" HPOS="811" VPOS="393" WIDTH="29" HEIGHT="29" WC="0.96" CONTENT="pä"/><SP WIDTH="16" VPOS="393" HPOS="840"/>
							<String ID="string_78" HPOS="856" VPOS="394" WIDTH="68" HEIGHT="21" WC="0.96" CONTENT="basen"/>
						</TextLine>
						<TextLine ID="line_9" HPOS="102" VPOS="423" WIDTH="822" HEIGHT="28">
							<String ID="string_79" HPOS="102" VPOS="423" WIDTH="26" HEIGHT="22" WC="0.93" CONTENT="af"/><SP WIDTH="20" VPOS="423" HPOS="128"/>
							<String ID="string_80" HPOS="148" VPOS="423" WIDTH="181" HEIGHT="28" WC="0.92" CONTENT="förhoppningar,"/><SP WIDTH="21" VPOS="423" HPOS="329"/>
							<String ID="string_81" HPOS="350" VPOS="423" WIDTH="76" HEIGHT="21" WC="0.89" CONTENT="hvilka"/><SP WIDTH="23" VPOS="423" HPOS="426"/>
							<String ID="string_82" HPOS="449" VPOS="429" WIDTH="48" HEIGHT="16" WC="0.96" CONTENT="mer"/><SP WIDTH="23" VPOS="429" HPOS="497"/>
							<String ID="string_83" HPOS="520" VPOS="423" WIDTH="54" HEIGHT="22" WC="0.95" CONTENT="eller"/><SP WIDTH="23" VPOS="423" HPOS="574"/>
							<String ID="string_84" HPOS="597" VPOS="423" WIDTH="86" HEIGHT="22" WC="0.93" CONTENT="mindre"/><SP WIDTH="23" VPOS="423" HPOS="683"/>
							<String ID="string_85" HPOS="706" VPOS="424" WIDTH="80" HEIGHT="21" WC="0.92" CONTENT="sväfva"/><SP WIDTH="15" VPOS="424" HPOS="786"/>
							<String ID="string_86" HPOS="801" VPOS="424" WIDTH="6" HEIGHT="21" WC="0.91" CONTENT="i"/><SP WIDTH="16" VPOS="424" HPOS="807"/>
							<String ID="string_87" HPOS="823" VPOS="423" WIDTH="101" HEIGHT="28" WC="0.91" CONTENT="rymden."/>
						</TextLine>
						<TextLine ID="line_10" HPOS="102" VPOS="452" WIDTH="822" HEIGHT="28">
							<String ID="string_88" HPOS="102" VPOS="452" WIDTH="77" HEIGHT="22" WC="0.95" CONTENT="Skulle"/><SP WIDTH="16" VPOS="452" HPOS="179"/>
							<String ID="string_89" HPOS="195" VPOS="453" WIDTH="38" HEIGHT="21" WC="0.93" CONTENT="det"/><SP WIDTH="15" VPOS="453" HPOS="233"/>
							<String ID="string_90" HPOS="248" VPOS="452" WIDTH="171" HEIGHT="28" WC="0.93" CONTENT="ifrågavarande"/><SP WIDTH="14" VPOS="452" HPOS="419"/>
							<String ID="string_91" HPOS="433" VPOS="453" WIDTH="194" HEIGHT="27" WC="0.87" CONTENT="komiteförslaget"/><SP WIDTH="15" VPOS="453" HPOS="627"/>
							<String ID="string_92" HPOS="642" VPOS="453" WIDTH="75" HEIGHT="21" WC="0.93" CONTENT="kunna"/><SP WIDTH="11" VPOS="453" HPOS="717"/>
							<String ID="string_93" HPOS="728" VPOS="453" WIDTH="124" HEIGHT="25" WC="0.91" CONTENT="realiseras,"/><SP WIDTH="11" VPOS="453" HPOS="852"/>
							<String ID="string_94" HPOS="863" VPOS="454" WIDTH="61" HEIGHT="21" WC="0.82" CONTENT="näm-"/>
						</TextLine>
						<TextLine ID="line_11" HPOS="102" VPOS="482" WIDTH="823" HEIGHT="28">
							<String ID="string_95" HPOS="102" VPOS="483" WIDTH="60" HEIGHT="27" WC="0.92" CONTENT="ligen"/><SP WIDTH="16" VPOS="483" HPOS="162"/>
							<String ID="string_96" HPOS="178" VPOS="483" WIDTH="34" HEIGHT="20" WC="0.95" CONTENT="att"/><SP WIDTH="15" VPOS="483" HPOS="212"/>
							<String ID="string_97" HPOS="227" VPOS="488" WIDTH="52" HEIGHT="16" WC="0.96" CONTENT="man"/><SP WIDTH="15" VPOS="488" HPOS="279"/>
							<String ID="string_98" HPOS="294" VPOS="482" WIDTH="35" HEIGHT="22" WC="0.95" CONTENT="till"/><SP WIDTH="15" VPOS="482" HPOS="329"/>
							<String ID="string_99" HPOS="344" VPOS="488" WIDTH="28" HEIGHT="15" WC="0.96" CONTENT="en"/><SP WIDTH="15" VPOS="488" HPOS="372"/>
							<String ID="string_100" HPOS="387" VPOS="482" WIDTH="79" HEIGHT="27" WC="0.96" CONTENT="början"/><SP WIDTH="15" VPOS="482" HPOS="466"/>
							<String ID="string_101" HPOS="481" VPOS="482" WIDTH="75" HEIGHT="22" WC="0.93" CONTENT="kunde"/><SP WIDTH="16" VPOS="482" HPOS="556"/>
							<String ID="string_102" HPOS="572" VPOS="482" WIDTH="23" HEIGHT="22" WC="0.92" CONTENT="fä"/><SP WIDTH="8" VPOS="482" HPOS="595"/>
							<String ID="string_103" HPOS="603" VPOS="482" WIDTH="180" HEIGHT="27" WC="0.91" CONTENT="sjuksköterskor"/><SP WIDTH="11" VPOS="482" HPOS="783"/>
							<String ID="string_104" HPOS="794" VPOS="482" WIDTH="131" HEIGHT="28" WC="0.91" CONTENT="provincial-"/>
						</TextLine>
						<TextLine ID="line_12" HPOS="102" VPOS="512" WIDTH="822" HEIGHT="28">
							<String ID="string_105" HPOS="102" VPOS="512" WIDTH="106" HEIGHT="22" WC="0.92" CONTENT="läkarene"/><SP WIDTH="23" VPOS="512" HPOS="208"/>
							<String ID="string_106" HPOS="231" VPOS="512" WIDTH="34" HEIGHT="22" WC="0.93" CONTENT="till"/><SP WIDTH="20" VPOS="512" HPOS="265"/>
							<String ID="string_107" HPOS="285" VPOS="512" WIDTH="92" HEIGHT="25" WC="0.93" CONTENT="biträde,"/><SP WIDTH="17" VPOS="512" HPOS="377"/>
							<String ID="string_108" HPOS="394" VPOS="517" WIDTH="53" HEIGHT="16" WC="0.91" CONTENT="vore"/><SP WIDTH="16" VPOS="517" HPOS="447"/>
							<String ID="string_109" HPOS="463" VPOS="512" WIDTH="92" HEIGHT="21" WC="0.91" CONTENT="dermed"/><SP WIDTH="15" VPOS="512" HPOS="555"/>
							<String ID="string_110" HPOS="570" VPOS="513" WIDTH="33" HEIGHT="20" WC="0.96" CONTENT="ett"/><SP WIDTH="15" VPOS="513" HPOS="603"/>
							<String ID="string_111" HPOS="618" VPOS="512" WIDTH="86" HEIGHT="27" WC="0.96" CONTENT="ganska"/><SP WIDTH="15" VPOS="512" HPOS="704"/>
							<String ID="string_112" HPOS="719" VPOS="514" WIDTH="56" HEIGHT="20" WC="0.96" CONTENT="stort"/><SP WIDTH="14" VPOS="514" HPOS="775"/>
							<String ID="string_113" HPOS="789" VPOS="514" WIDTH="51" HEIGHT="26" WC="0.93" CONTENT="steg"/><SP WIDTH="15" VPOS="514" HPOS="840"/>
							<String ID="string_114" HPOS="855" VPOS="514" WIDTH="69" HEIGHT="26" WC="0.93" CONTENT="taget."/>
						</TextLine>
						<TextLine ID="line_13" HPOS="102" VPOS="541" WIDTH="823" HEIGHT="28">
							<String ID="string_115" HPOS="102" VPOS="542" WIDTH="53" HEIGHT="21" WC="0.96" CONTENT="Som"/><SP WIDTH="24" VPOS="542" HPOS="155"/>
							<String ID="string_116" HPOS="179" VPOS="542" WIDTH="41" HEIGHT="27" WC="0.96" CONTENT="jag"/><SP WIDTH="19" VPOS="542" HPOS="220"/>
							<String ID="string_117" HPOS="239" VPOS="542" WIDTH="69" HEIGHT="21" WC="0.93" CONTENT="redan"/><SP WIDTH="24" VPOS="542" HPOS="308"/>
							<String ID="string_118" HPOS="332" VPOS="541" WIDTH="111" HEIGHT="27" WC="0.92" CONTENT="framhöll,"/><SP WIDTH="16" VPOS="541" HPOS="443"/>
							<String ID="string_119" HPOS="459" VPOS="541" WIDTH="70" HEIGHT="22" WC="0.96" CONTENT="stöter"/><SP WIDTH="22" VPOS="541" HPOS="529"/>
							<String ID="string_120" HPOS="551" VPOS="542" WIDTH="70" HEIGHT="21" WC="0.93" CONTENT="redan"/><SP WIDTH="24" VPOS="542" HPOS="621"/>
							<String ID="string_121" HPOS="645" VPOS="542" WIDTH="160" HEIGHT="21" WC="0.92" CONTENT="realiserandet"/><SP WIDTH="20" VPOS="542" HPOS="805"/>
							<String ID="string_122" HPOS="825" VPOS="542" WIDTH="25" HEIGHT="21" WC="0.97" CONTENT="af"/><SP WIDTH="13" VPOS="542" HPOS="850"/>
							<String ID="string_123" HPOS="863" VPOS="542" WIDTH="62" HEIGHT="22" WC="0.96" CONTENT="detta"/>
						</TextLine>
						<TextLine ID="line_14" HPOS="102" VPOS="570" WIDTH="823" HEIGHT="29">
							<String ID="string_124" HPOS="102" VPOS="571" WIDTH="85" HEIGHT="28" WC="0.96" CONTENT="förslag"/><SP WIDTH="16" VPOS="571" HPOS="187"/>
							<String ID="string_125" HPOS="203" VPOS="571" WIDTH="28" HEIGHT="28" WC="0.96" CONTENT="pä"/><SP WIDTH="15" VPOS="571" HPOS="231"/>
							<String ID="string_126" HPOS="246" VPOS="573" WIDTH="60" HEIGHT="19" WC="0.93" CONTENT="stora"/><SP WIDTH="16" VPOS="573" HPOS="306"/>
							<String ID="string_127" HPOS="322" VPOS="570" WIDTH="145" HEIGHT="28" WC="0.93" CONTENT="svärigheter,"/><SP WIDTH="16" VPOS="570" HPOS="467"/>
							<String ID="string_128" HPOS="483" VPOS="577" WIDTH="47" HEIGHT="15" WC="0.93" CONTENT="som"/><SP WIDTH="17" VPOS="577" HPOS="530"/>
							<String ID="string_129" HPOS="547" VPOS="570" WIDTH="70" HEIGHT="22" WC="0.93" CONTENT="mäste"/><SP WIDTH="11" VPOS="570" HPOS="617"/>
							<String ID="string_130" HPOS="628" VPOS="570" WIDTH="149" HEIGHT="23" WC="0.92" CONTENT="öfvervinnas."/><SP WIDTH="24" VPOS="570" HPOS="777"/>
							<String ID="string_131" HPOS="801" VPOS="571" WIDTH="52" HEIGHT="21" WC="0.96" CONTENT="Men"/><SP WIDTH="11" VPOS="571" HPOS="853"/>
							<String ID="string_132" HPOS="864" VPOS="571" WIDTH="61" HEIGHT="22" WC="0.96" CONTENT="detta"/>
						</TextLine>
						<TextLine ID="line_15" HPOS="102" VPOS="600" WIDTH="823" HEIGHT="29">
							<String ID="string_133" HPOS="102" VPOS="602" WIDTH="24" HEIGHT="20" WC="0.96" CONTENT="är"/><SP WIDTH="24" VPOS="602" HPOS="126"/>
							<String ID="string_134" HPOS="150" VPOS="600" WIDTH="57" HEIGHT="22" WC="0.93" CONTENT="dock"/><SP WIDTH="22" VPOS="600" HPOS="207"/>
							<String ID="string_135" HPOS="229" VPOS="600" WIDTH="74" HEIGHT="29" WC="0.91" CONTENT="nägot,"/><SP WIDTH="24" VPOS="600" HPOS="303"/>
							<String ID="string_136" HPOS="327" VPOS="606" WIDTH="47" HEIGHT="16" WC="0.96" CONTENT="som"/><SP WIDTH="17" VPOS="606" HPOS="374"/>
							<String ID="string_137" HPOS="391" VPOS="601" WIDTH="25" HEIGHT="21" WC="0.93" CONTENT="är"/><SP WIDTH="15" VPOS="601" HPOS="416"/>
							<String ID="string_138" HPOS="431" VPOS="601" WIDTH="168" HEIGHT="27" WC="0.92" CONTENT="genomförbart"/><SP WIDTH="16" VPOS="601" HPOS="599"/>
							<String ID="string_139" HPOS="615" VPOS="601" WIDTH="41" HEIGHT="21" WC="0.93" CONTENT="och"/><SP WIDTH="16" VPOS="601" HPOS="656"/>
							<String ID="string_140" HPOS="672" VPOS="601" WIDTH="166" HEIGHT="27" WC="0.91" CONTENT="otvifvelaktigt"/><SP WIDTH="14" VPOS="601" HPOS="838"/>
							<String ID="string_141" HPOS="852" VPOS="601" WIDTH="73" HEIGHT="21" WC="0.96" CONTENT="skulle"/>
						</TextLine>
						<TextLine ID="line_16" HPOS="101" VPOS="630" WIDTH="824" HEIGHT="28">
							<String ID="string_142" HPOS="101" VPOS="630" WIDTH="80" HEIGHT="28" WC="0.95" CONTENT="utgöra"/><SP WIDTH="16" VPOS="630" HPOS="181"/>
							<String ID="string_143" HPOS="197" VPOS="636" WIDTH="28" HEIGHT="16" WC="0.93" CONTENT="en"/><SP WIDTH="16" VPOS="636" HPOS="225"/>
							<String ID="string_144" HPOS="241" VPOS="630" WIDTH="133" HEIGHT="28" WC="0.92" CONTENT="förbättring"/><SP WIDTH="15" VPOS="630" HPOS="374"/>
							<String ID="string_145" HPOS="389" VPOS="630" WIDTH="26" HEIGHT="22" WC="0.93" CONTENT="af"/><SP WIDTH="13" VPOS="630" HPOS="415"/>
							<String ID="string_146" HPOS="428" VPOS="630" WIDTH="175" HEIGHT="22" WC="0.91" CONTENT="förhällandena."/><SP WIDTH="26" VPOS="630" HPOS="603"/>
							<String ID="string_147" HPOS="629" VPOS="631" WIDTH="52" HEIGHT="21" WC="0.96" CONTENT="Men"/><SP WIDTH="15" VPOS="631" HPOS="681"/>
							<String ID="string_148" HPOS="696" VPOS="631" WIDTH="38" HEIGHT="21" WC="0.96" CONTENT="det"/><SP WIDTH="15" VPOS="631" HPOS="734"/>
							<String ID="string_149" HPOS="749" VPOS="631" WIDTH="44" HEIGHT="21" WC="0.96" CONTENT="kan"/><SP WIDTH="16" VPOS="631" HPOS="793"/>
							<String ID="string_150" HPOS="809" VPOS="637" WIDTH="51" HEIGHT="15" WC="0.91" CONTENT="man"/><SP WIDTH="15" VPOS="637" HPOS="860"/>
							<String ID="string_151" HPOS="875" VPOS="631" WIDTH="50" HEIGHT="22" WC="0.91" CONTENT="icke"/>
						</TextLine>
						<TextLine ID="line_17" HPOS="101" VPOS="660" WIDTH="823" HEIGHT="28">
							<String ID="string_152" HPOS="101" VPOS="662" WIDTH="55" HEIGHT="26" WC="0.93" CONTENT="säga"/><SP WIDTH="16" VPOS="662" HPOS="156"/>
							<String ID="string_153" HPOS="172" VPOS="667" WIDTH="36" HEIGHT="15" WC="0.93" CONTENT="om"/><SP WIDTH="16" VPOS="667" HPOS="208"/>
							<String ID="string_154" HPOS="224" VPOS="660" WIDTH="180" HEIGHT="28" WC="0.92" CONTENT="sjuksköterskor"/><SP WIDTH="15" VPOS="660" HPOS="404"/>
							<String ID="string_155" HPOS="419" VPOS="660" WIDTH="28" HEIGHT="28" WC="0.93" CONTENT="pä"/><SP WIDTH="15" VPOS="660" HPOS="447"/>
							<String ID="string_156" HPOS="462" VPOS="660" WIDTH="161" HEIGHT="28" WC="0.92" CONTENT="landsbygden,"/><SP WIDTH="18" VPOS="660" HPOS="623"/>
							<String ID="string_157" HPOS="641" VPOS="661" WIDTH="40" HEIGHT="21" WC="0.96" CONTENT="der"/><SP WIDTH="14" VPOS="661" HPOS="681"/>
							<String ID="string_158" HPOS="695" VPOS="661" WIDTH="76" HEIGHT="21" WC="0.93" CONTENT="läkare"/><SP WIDTH="16" VPOS="661" HPOS="771"/>
							<String ID="string_159" HPOS="787" VPOS="660" WIDTH="49" HEIGHT="22" WC="0.93" CONTENT="icke"/><SP WIDTH="10" VPOS="660" HPOS="836"/>
							<String ID="string_160" HPOS="846" VPOS="661" WIDTH="78" HEIGHT="21" WC="0.93" CONTENT="finnes."/>
						</TextLine>
						<TextLine ID="line_18" HPOS="103" VPOS="690" WIDTH="823" HEIGHT="28">
							<String ID="string_161" HPOS="103" VPOS="690" WIDTH="35" HEIGHT="28" WC="0.96" CONTENT="Ty"/><SP WIDTH="24" VPOS="690" HPOS="138"/>
							<String ID="string_162" HPOS="162" VPOS="691" WIDTH="37" HEIGHT="21" WC="0.96" CONTENT="det"/><SP WIDTH="23" VPOS="691" HPOS="199"/>
							<String ID="string_163" HPOS="222" VPOS="691" WIDTH="25" HEIGHT="21" WC="0.92" CONTENT="är"/><SP WIDTH="23" VPOS="691" HPOS="247"/>
							<String ID="string_164" HPOS="270" VPOS="690" WIDTH="62" HEIGHT="28" WC="0.91" CONTENT="längt"/><SP WIDTH="14" VPOS="690" HPOS="332"/>
							<String ID="string_165" HPOS="346" VPOS="690" WIDTH="57" HEIGHT="22" WC="0.92" CONTENT="ifrän"/><SP WIDTH="16" VPOS="690" HPOS="403"/>
							<String ID="string_166" HPOS="419" VPOS="690" WIDTH="75" HEIGHT="22" WC="0.91" CONTENT="säkert"/><SP WIDTH="23" VPOS="690" HPOS="494"/>
							<String ID="string_167" HPOS="517" VPOS="692" WIDTH="33" HEIGHT="20" WC="0.96" CONTENT="att"/><SP WIDTH="15" VPOS="692" HPOS="550"/>
							<String ID="string_168" HPOS="565" VPOS="690" WIDTH="66" HEIGHT="22" WC="0.96" CONTENT="dessa"/><SP WIDTH="15" VPOS="690" HPOS="631"/>
							<String ID="string_169" HPOS="646" VPOS="690" WIDTH="72" HEIGHT="22" WC="0.96" CONTENT="skulle"/><SP WIDTH="16" VPOS="690" HPOS="718"/>
							<String ID="string_170" HPOS="734" VPOS="697" WIDTH="54" HEIGHT="15" WC="0.97" CONTENT="vara"/><SP WIDTH="15" VPOS="697" HPOS="788"/>
							<String ID="string_171" HPOS="803" VPOS="690" WIDTH="34" HEIGHT="22" WC="0.93" CONTENT="till"/><SP WIDTH="15" VPOS="690" HPOS="837"/>
							<String ID="string_172" HPOS="852" VPOS="690" WIDTH="74" HEIGHT="28" WC="0.91" CONTENT="nägon"/>
						</TextLine>
						<TextLine ID="line_19" HPOS="102" VPOS="720" WIDTH="824" HEIGHT="29">
							<String ID="string_173" HPOS="102" VPOS="720" WIDTH="111" HEIGHT="28" WC="0.92" CONTENT="väsentlig"/><SP WIDTH="24" VPOS="720" HPOS="213"/>
							<String ID="string_174" HPOS="237" VPOS="722" WIDTH="64" HEIGHT="26" WC="0.89" CONTENT="nyttä"/><SP WIDTH="30" VPOS="722" HPOS="301"/>
							<String ID="string_175" HPOS="331" VPOS="720" WIDTH="67" HEIGHT="22" WC="0.91" CONTENT="äfven"/><SP WIDTH="23" VPOS="720" HPOS="398"/>
							<String ID="string_176" HPOS="421" VPOS="720" WIDTH="72" HEIGHT="22" WC="0.93" CONTENT="under"/><SP WIDTH="23" VPOS="720" HPOS="493"/>
							<String ID="string_177" HPOS="516" VPOS="720" WIDTH="159" HEIGHT="28" WC="0.92" CONTENT="förutsättning"/><SP WIDTH="23" VPOS="720" HPOS="675"/>
							<String ID="string_178" HPOS="698" VPOS="722" WIDTH="33" HEIGHT="20" WC="0.92" CONTENT="att"/><SP WIDTH="23" VPOS="722" HPOS="731"/>
							<String ID="string_179" HPOS="754" VPOS="720" WIDTH="108" HEIGHT="29" WC="0.92" CONTENT="förslaget"/><SP WIDTH="22" VPOS="720" HPOS="862"/>
							<String ID="string_180" HPOS="884" VPOS="720" WIDTH="42" HEIGHT="22" WC="0.90" CONTENT="alls"/>
						</TextLine>
						<TextLine ID="line_20" HPOS="103" VPOS="750" WIDTH="688" HEIGHT="28">
							<String ID="string_181" HPOS="103" VPOS="750" WIDTH="72" HEIGHT="23" WC="0.96" CONTENT="skulle"/><SP WIDTH="16" VPOS="750" HPOS="175"/>
							<String ID="string_182" HPOS="191" VPOS="757" WIDTH="54" HEIGHT="15" WC="0.96" CONTENT="vara"/><SP WIDTH="17" VPOS="757" HPOS="245"/>
							<String ID="string_183" HPOS="262" VPOS="750" WIDTH="88" HEIGHT="28" WC="0.96" CONTENT="möjligt"/><SP WIDTH="15" VPOS="750" HPOS="350"/>
							<String ID="string_184" HPOS="365" VPOS="752" WIDTH="34" HEIGHT="20" WC="0.93" CONTENT="att"/><SP WIDTH="14" VPOS="752" HPOS="399"/>
							<String ID="string_185" HPOS="413" VPOS="750" WIDTH="113" HEIGHT="26" WC="0.92" CONTENT="realisera,"/><SP WIDTH="15" VPOS="750" HPOS="526"/>
							<String ID="string_186" HPOS="541" VPOS="750" WIDTH="86" HEIGHT="22" WC="0.92" CONTENT="hvilket"/><SP WIDTH="15" VPOS="750" HPOS="627"/>
							<String ID="string_187" HPOS="642" VPOS="750" WIDTH="38" HEIGHT="22" WC="0.93" CONTENT="det"/><SP WIDTH="15" VPOS="750" HPOS="680"/>
							<String ID="string_188" HPOS="695" VPOS="750" WIDTH="49" HEIGHT="22" WC="0.93" CONTENT="icke"/><SP WIDTH="16" VPOS="750" HPOS="744"/>
							<String ID="string_189" HPOS="760" VPOS="751" WIDTH="31" HEIGHT="21" WC="0.96" CONTENT="är."/>
						</TextLine>
					</TextBlock>
					<TextBlock ID="block_2" HPOS="101" VPOS="780" WIDTH="826" HEIGHT="744">
						<TextLine ID="line_21" HPOS="173" VPOS="780" WIDTH="752" HEIGHT="28">
							<String ID="string_190" HPOS="173" VPOS="780" WIDTH="45" HEIGHT="22" WC="0.96" CONTENT="Det"/><SP WIDTH="23" VPOS="780" HPOS="218"/>
							<String ID="string_191" HPOS="241" VPOS="781" WIDTH="24" HEIGHT="21" WC="0.96" CONTENT="är"/><SP WIDTH="23" VPOS="781" HPOS="265"/>
							<String ID="string_192" HPOS="288" VPOS="780" WIDTH="28" HEIGHT="28" WC="0.96" CONTENT="pä"/><SP WIDTH="20" VPOS="780" HPOS="316"/>
							<String ID="string_193" HPOS="336" VPOS="780" WIDTH="73" HEIGHT="28" WC="0.96" CONTENT="grund"/><SP WIDTH="15" VPOS="780" HPOS="409"/>
							<String ID="string_194" HPOS="424" VPOS="780" WIDTH="26" HEIGHT="22" WC="0.91" CONTENT="af"/><SP WIDTH="13" VPOS="780" HPOS="450"/>
							<String ID="string_195" HPOS="463" VPOS="780" WIDTH="94" HEIGHT="22" WC="0.91" CONTENT="anförda"/><SP WIDTH="16" VPOS="780" HPOS="557"/>
							<String ID="string_196" HPOS="573" VPOS="780" WIDTH="41" HEIGHT="22" WC="0.96" CONTENT="och"/><SP WIDTH="16" VPOS="780" HPOS="614"/>
							<String ID="string_197" HPOS="630" VPOS="780" WIDTH="114" HEIGHT="22" WC="0.93" CONTENT="dessutom"/><SP WIDTH="15" VPOS="780" HPOS="744"/>
							<String ID="string_198" HPOS="759" VPOS="780" WIDTH="81" HEIGHT="28" WC="0.92" CONTENT="mänga"/><SP WIDTH="16" VPOS="780" HPOS="840"/>
							<String ID="string_199" HPOS="856" VPOS="780" WIDTH="69" HEIGHT="22" WC="0.96" CONTENT="andra"/>
						</TextLine>
						<TextLine ID="line_22" HPOS="102" VPOS="810" WIDTH="821" HEIGHT="28">
							<String ID="string_200" HPOS="102" VPOS="810" WIDTH="196" HEIGHT="28" WC="0.96" CONTENT="omständigheter,"/><SP WIDTH="24" VPOS="810" HPOS="298"/>
							<String ID="string_201" HPOS="322" VPOS="816" WIDTH="48" HEIGHT="16" WC="0.96" CONTENT="som"/><SP WIDTH="22" VPOS="816" HPOS="370"/>
							<String ID="string_202" HPOS="392" VPOS="810" WIDTH="72" HEIGHT="22" WC="0.93" CONTENT="skulle"/><SP WIDTH="19" VPOS="810" HPOS="464"/>
							<String ID="string_203" HPOS="483" VPOS="810" WIDTH="70" HEIGHT="22" WC="0.88" CONTENT="blifva"/><SP WIDTH="24" VPOS="810" HPOS="553"/>
							<String ID="string_204" HPOS="577" VPOS="810" WIDTH="35" HEIGHT="22" WC="0.92" CONTENT="för"/><SP WIDTH="23" VPOS="810" HPOS="612"/>
							<String ID="string_205" HPOS="635" VPOS="810" WIDTH="119" HEIGHT="28" WC="0.92" CONTENT="vidlyftiga"/><SP WIDTH="21" VPOS="810" HPOS="754"/>
							<String ID="string_206" HPOS="775" VPOS="812" WIDTH="34" HEIGHT="20" WC="0.96" CONTENT="att"/><SP WIDTH="22" VPOS="812" HPOS="809"/>
							<String ID="string_207" HPOS="831" VPOS="810" WIDTH="8" HEIGHT="22" WC="0.90" CONTENT="i"/><SP WIDTH="16" VPOS="810" HPOS="839"/>
							<String ID="string_208" HPOS="855" VPOS="810" WIDTH="68" HEIGHT="27" WC="0.90" CONTENT="detalj"/>
						</TextLine>
						<TextLine ID="line_23" HPOS="102" VPOS="840" WIDTH="823" HEIGHT="28">
							<String ID="string_209" HPOS="102" VPOS="840" WIDTH="99" HEIGHT="28" WC="0.92" CONTENT="utlägga,"/><SP WIDTH="21" VPOS="840" HPOS="201"/>
							<String ID="string_210" HPOS="222" VPOS="846" WIDTH="47" HEIGHT="16" WC="0.96" CONTENT="som"/><SP WIDTH="22" VPOS="846" HPOS="269"/>
							<String ID="string_211" HPOS="291" VPOS="840" WIDTH="41" HEIGHT="28" WC="0.89" CONTENT="jag"/><SP WIDTH="23" VPOS="840" HPOS="332"/>
							<String ID="string_212" HPOS="355" VPOS="845" WIDTH="54" HEIGHT="17" WC="0.89" CONTENT="vore"/><SP WIDTH="22" VPOS="845" HPOS="409"/>
							<String ID="string_213" HPOS="431" VPOS="840" WIDTH="126" HEIGHT="28" WC="0.90" CONTENT="principielt"/><SP WIDTH="21" VPOS="840" HPOS="557"/>
							<String ID="string_214" HPOS="578" VPOS="840" WIDTH="55" HEIGHT="22" WC="0.93" CONTENT="eller"/><SP WIDTH="23" VPOS="840" HPOS="633"/>
							<String ID="string_215" HPOS="656" VPOS="841" WIDTH="83" HEIGHT="21" WC="0.92" CONTENT="rättare"/><SP WIDTH="22" VPOS="841" HPOS="739"/>
							<String ID="string_216" HPOS="761" VPOS="840" WIDTH="67" HEIGHT="28" WC="0.92" CONTENT="sagdt"/><SP WIDTH="15" VPOS="840" HPOS="828"/>
							<String ID="string_217" HPOS="843" VPOS="840" WIDTH="82" HEIGHT="28" WC="0.91" CONTENT="sakligt"/>
						</TextLine>
						<TextLine ID="line_24" HPOS="102" VPOS="870" WIDTH="822" HEIGHT="28">
							<String ID="string_218" HPOS="102" VPOS="872" WIDTH="58" HEIGHT="20" WC="0.92" CONTENT="mest"/><SP WIDTH="23" VPOS="872" HPOS="160"/>
							<String ID="string_219" HPOS="183" VPOS="870" WIDTH="102" HEIGHT="28" WC="0.95" CONTENT="benägen"/><SP WIDTH="22" VPOS="870" HPOS="285"/>
							<String ID="string_220" HPOS="307" VPOS="871" WIDTH="34" HEIGHT="21" WC="0.93" CONTENT="att"/><SP WIDTH="23" VPOS="871" HPOS="341"/>
							<String ID="string_221" HPOS="364" VPOS="870" WIDTH="77" HEIGHT="22" WC="0.96" CONTENT="förena"/><SP WIDTH="24" VPOS="870" HPOS="441"/>
							<String ID="string_222" HPOS="465" VPOS="870" WIDTH="46" HEIGHT="27" WC="0.95" CONTENT="mig"/><SP WIDTH="23" VPOS="870" HPOS="511"/>
							<String ID="string_223" HPOS="534" VPOS="876" WIDTH="36" HEIGHT="16" WC="0.95" CONTENT="om"/><SP WIDTH="24" VPOS="876" HPOS="570"/>
							<String ID="string_224" HPOS="594" VPOS="870" WIDTH="44" HEIGHT="21" WC="0.96" CONTENT="den"/><SP WIDTH="21" VPOS="870" HPOS="638"/>
							<String ID="string_225" HPOS="659" VPOS="870" WIDTH="70" HEIGHT="21" WC="0.93" CONTENT="andra"/><SP WIDTH="21" VPOS="870" HPOS="729"/>
							<String ID="string_226" HPOS="750" VPOS="870" WIDTH="174" HEIGHT="26" WC="0.96" CONTENT="reservationen,"/>
						</TextLine>
						<TextLine ID="line_25" HPOS="102" VPOS="898" WIDTH="823" HEIGHT="29">
							<String ID="string_227" HPOS="102" VPOS="900" WIDTH="92" HEIGHT="21" WC="0.96" CONTENT="hvilken"/><SP WIDTH="15" VPOS="900" HPOS="194"/>
							<String ID="string_228" HPOS="209" VPOS="899" WIDTH="28" HEIGHT="28" WC="0.96" CONTENT="pä"/><SP WIDTH="15" VPOS="899" HPOS="237"/>
							<String ID="string_229" HPOS="252" VPOS="900" WIDTH="72" HEIGHT="27" WC="0.96" CONTENT="grund"/><SP WIDTH="16" VPOS="900" HPOS="324"/>
							<String ID="string_230" HPOS="340" VPOS="898" WIDTH="25" HEIGHT="23" WC="0.96" CONTENT="af"/><SP WIDTH="14" VPOS="898" HPOS="365"/>
							<String ID="string_231" HPOS="379" VPOS="900" WIDTH="27" HEIGHT="20" WC="0.93" CONTENT="de"/><SP WIDTH="15" VPOS="900" HPOS="406"/>
							<String ID="string_232" HPOS="421" VPOS="899" WIDTH="122" HEIGHT="22" WC="0.95" CONTENT="bestående"/><SP WIDTH="16" VPOS="899" HPOS="543"/>
							<String ID="string_233" HPOS="559" VPOS="900" WIDTH="98" HEIGHT="21" WC="0.96" CONTENT="faktiska"/><SP WIDTH="15" VPOS="900" HPOS="657"/>
							<String ID="string_234" HPOS="672" VPOS="899" WIDTH="169" HEIGHT="22" WC="0.95" CONTENT="förhållandena"/><SP WIDTH="11" VPOS="899" HPOS="841"/>
							<String ID="string_235" HPOS="852" VPOS="900" WIDTH="73" HEIGHT="21" WC="0.95" CONTENT="ansett"/>
						</TextLine>
						<TextLine ID="line_26" HPOS="102" VPOS="928" WIDTH="823" HEIGHT="29">
							<String ID="string_236" HPOS="102" VPOS="931" WIDTH="34" HEIGHT="21" WC="0.96" CONTENT="att"/><SP WIDTH="23" VPOS="931" HPOS="136"/>
							<String ID="string_237" HPOS="159" VPOS="929" WIDTH="35" HEIGHT="22" WC="0.96" CONTENT="för"/><SP WIDTH="22" VPOS="929" HPOS="194"/>
							<String ID="string_238" HPOS="216" VPOS="929" WIDTH="139" HEIGHT="22" WC="0.91" CONTENT="närvarande"/><SP WIDTH="23" VPOS="929" HPOS="355"/>
							<String ID="string_239" HPOS="378" VPOS="929" WIDTH="148" HEIGHT="28" WC="0.90" CONTENT="petitionerna"/><SP WIDTH="22" VPOS="929" HPOS="526"/>
							<String ID="string_240" HPOS="548" VPOS="929" WIDTH="50" HEIGHT="22" WC="0.94" CONTENT="icke"/><SP WIDTH="23" VPOS="929" HPOS="598"/>
							<String ID="string_241" HPOS="621" VPOS="929" WIDTH="69" HEIGHT="22" WC="0.96" CONTENT="borde"/><SP WIDTH="23" VPOS="929" HPOS="690"/>
							<String ID="string_242" HPOS="713" VPOS="929" WIDTH="116" HEIGHT="22" WC="0.96" CONTENT="föranleda"/><SP WIDTH="23" VPOS="929" HPOS="829"/>
							<String ID="string_243" HPOS="852" VPOS="928" WIDTH="73" HEIGHT="29" WC="0.95" CONTENT="någon"/>
						</TextLine>
						<TextLine ID="line_27" HPOS="102" VPOS="959" WIDTH="823" HEIGHT="28">
							<String ID="string_244" HPOS="102" VPOS="959" WIDTH="85" HEIGHT="28" WC="0.96" CONTENT="åtgärd."/><SP WIDTH="32" VPOS="959" HPOS="187"/>
							<String ID="string_245" HPOS="219" VPOS="959" WIDTH="50" HEIGHT="22" WC="0.96" CONTENT="Men"/><SP WIDTH="19" VPOS="959" HPOS="269"/>
							<String ID="string_246" HPOS="288" VPOS="959" WIDTH="27" HEIGHT="22" WC="0.96" CONTENT="då"/><SP WIDTH="26" VPOS="959" HPOS="315"/>
							<String ID="string_247" HPOS="341" VPOS="959" WIDTH="38" HEIGHT="22" WC="0.93" CONTENT="det"/><SP WIDTH="22" VPOS="959" HPOS="379"/>
							<String ID="string_248" HPOS="401" VPOS="959" WIDTH="13" HEIGHT="21" WC="0.92" CONTENT="å"/><SP WIDTH="22" VPOS="959" HPOS="414"/>
							<String ID="string_249" HPOS="436" VPOS="959" WIDTH="70" HEIGHT="22" WC="0.96" CONTENT="andra"/><SP WIDTH="20" VPOS="959" HPOS="506"/>
							<String ID="string_250" HPOS="526" VPOS="959" WIDTH="63" HEIGHT="22" WC="0.95" CONTENT="sidan"/><SP WIDTH="20" VPOS="959" HPOS="589"/>
							<String ID="string_251" HPOS="609" VPOS="959" WIDTH="24" HEIGHT="22" WC="0.96" CONTENT="är"/><SP WIDTH="15" VPOS="959" HPOS="633"/>
							<String ID="string_252" HPOS="648" VPOS="959" WIDTH="8" HEIGHT="22" WC="0.96" CONTENT="i"/><SP WIDTH="15" VPOS="959" HPOS="656"/>
							<String ID="string_253" HPOS="671" VPOS="959" WIDTH="44" HEIGHT="28" WC="0.96" CONTENT="hög"/><SP WIDTH="16" VPOS="959" HPOS="715"/>
							<String ID="string_254" HPOS="731" VPOS="959" WIDTH="55" HEIGHT="28" WC="0.93" CONTENT="grad"/><SP WIDTH="15" VPOS="959" HPOS="786"/>
							<String ID="string_255" HPOS="801" VPOS="959" WIDTH="124" HEIGHT="22" WC="0.92" CONTENT="önskvärdt"/>
						</TextLine>
						<TextLine ID="line_28" HPOS="103" VPOS="989" WIDTH="821" HEIGHT="29">
							<String ID="string_256" HPOS="103" VPOS="991" WIDTH="33" HEIGHT="20" WC="0.96" CONTENT="att"/><SP WIDTH="8" VPOS="991" HPOS="136"/>
							<String ID="string_257" HPOS="144" VPOS="989" WIDTH="31" HEIGHT="22" WC="0.96" CONTENT="all"/><SP WIDTH="11" VPOS="989" HPOS="175"/>
							<String ID="string_258" HPOS="186" VPOS="989" WIDTH="77" HEIGHT="28" WC="0.96" CONTENT="möjlig"/><SP WIDTH="11" VPOS="989" HPOS="263"/>
							<String ID="string_259" HPOS="274" VPOS="989" WIDTH="198" HEIGHT="29" WC="0.93" CONTENT="uppmärksamhet"/><SP WIDTH="12" VPOS="989" HPOS="472"/>
							<String ID="string_260" HPOS="484" VPOS="989" WIDTH="70" HEIGHT="22" WC="0.96" CONTENT="fästes"/><SP WIDTH="10" VPOS="989" HPOS="554"/>
							<String ID="string_261" HPOS="564" VPOS="989" WIDTH="38" HEIGHT="22" WC="0.96" CONTENT="vid"/><SP WIDTH="9" VPOS="989" HPOS="602"/>
							<String ID="string_262" HPOS="611" VPOS="989" WIDTH="78" HEIGHT="28" WC="0.96" CONTENT="frågan"/><SP WIDTH="12" VPOS="989" HPOS="689"/>
							<String ID="string_263" HPOS="701" VPOS="995" WIDTH="36" HEIGHT="20" WC="0.93" CONTENT="om"/><SP WIDTH="11" VPOS="995" HPOS="737"/>
							<String ID="string_264" HPOS="748" VPOS="989" WIDTH="176" HEIGHT="28" WC="0.90" CONTENT="sjuksköterske-"/>
						</TextLine>
						<TextLine ID="line_29" HPOS="102" VPOS="1019" WIDTH="824" HEIGHT="28">
							<String ID="string_265" HPOS="102" VPOS="1020" WIDTH="165" HEIGHT="21" WC="0.96" CONTENT="institutionens"/><SP WIDTH="16" VPOS="1020" HPOS="267"/>
							<String ID="string_266" HPOS="283" VPOS="1019" WIDTH="130" HEIGHT="28" WC="0.94" CONTENT="utveckling"/><SP WIDTH="14" VPOS="1019" HPOS="413"/>
							<String ID="string_267" HPOS="427" VPOS="1019" WIDTH="41" HEIGHT="22" WC="0.96" CONTENT="och"/><SP WIDTH="17" VPOS="1019" HPOS="468"/>
							<String ID="string_268" HPOS="485" VPOS="1019" WIDTH="27" HEIGHT="22" WC="0.96" CONTENT="då"/><SP WIDTH="16" VPOS="1019" HPOS="512"/>
							<String ID="string_269" HPOS="528" VPOS="1025" WIDTH="51" HEIGHT="16" WC="0.96" CONTENT="man"/><SP WIDTH="16" VPOS="1025" HPOS="579"/>
							<String ID="string_270" HPOS="595" VPOS="1019" WIDTH="44" HEIGHT="22" WC="0.96" CONTENT="kan"/><SP WIDTH="16" VPOS="1019" HPOS="639"/>
							<String ID="string_271" HPOS="655" VPOS="1019" WIDTH="67" HEIGHT="22" WC="0.96" CONTENT="tänka"/><SP WIDTH="15" VPOS="1019" HPOS="722"/>
							<String ID="string_272" HPOS="737" VPOS="1019" WIDTH="34" HEIGHT="28" WC="0.96" CONTENT="sig"/><SP WIDTH="9" VPOS="1019" HPOS="771"/>
							<String ID="string_273" HPOS="780" VPOS="1019" WIDTH="146" HEIGHT="28" WC="0.96" CONTENT="möjligheten"/>
						</TextLine>
						<TextLine ID="line_30" HPOS="102" VPOS="1049" WIDTH="824" HEIGHT="28">
							<String ID="string_274" HPOS="102" VPOS="1050" WIDTH="26" HEIGHT="21" WC="0.96" CONTENT="af"/><SP WIDTH="23" VPOS="1050" HPOS="128"/>
							<String ID="string_275" HPOS="151" VPOS="1051" WIDTH="34" HEIGHT="20" WC="0.96" CONTENT="att"/><SP WIDTH="24" VPOS="1051" HPOS="185"/>
							<String ID="string_276" HPOS="209" VPOS="1050" WIDTH="38" HEIGHT="21" WC="0.93" CONTENT="det"/><SP WIDTH="22" VPOS="1050" HPOS="247"/>
							<String ID="string_277" HPOS="269" VPOS="1050" WIDTH="135" HEIGHT="21" WC="0.90" CONTENT="ätmtnstone"/><SP WIDTH="23" VPOS="1050" HPOS="404"/>
							<String ID="string_278" HPOS="427" VPOS="1049" WIDTH="28" HEIGHT="28" WC="0.96" CONTENT="på"/><SP WIDTH="24" VPOS="1049" HPOS="455"/>
							<String ID="string_279" HPOS="479" VPOS="1055" WIDTH="28" HEIGHT="16" WC="0.96" CONTENT="en"/><SP WIDTH="17" VPOS="1055" HPOS="507"/>
							<String ID="string_280" HPOS="524" VPOS="1049" WIDTH="36" HEIGHT="22" WC="0.96" CONTENT="del"/><SP WIDTH="24" VPOS="1049" HPOS="560"/>
							<String ID="string_281" HPOS="584" VPOS="1051" WIDTH="66" HEIGHT="24" WC="0.95" CONTENT="orter,"/><SP WIDTH="17" VPOS="1051" HPOS="650"/>
							<String ID="string_282" HPOS="667" VPOS="1049" WIDTH="39" HEIGHT="21" WC="0.93" CONTENT="der"/><SP WIDTH="15" VPOS="1049" HPOS="706"/>
							<String ID="string_283" HPOS="721" VPOS="1049" WIDTH="205" HEIGHT="22" WC="0.91" CONTENT="kommunalläkare"/>
						</TextLine>
						<TextLine ID="line_31" HPOS="102" VPOS="1079" WIDTH="824" HEIGHT="28">
							<String ID="string_284" HPOS="102" VPOS="1079" WIDTH="79" HEIGHT="26" WC="0.96" CONTENT="finnas,"/><SP WIDTH="24" VPOS="1079" HPOS="181"/>
							<String ID="string_285" HPOS="205" VPOS="1079" WIDTH="74" HEIGHT="22" WC="0.96" CONTENT="kunde"/><SP WIDTH="24" VPOS="1079" HPOS="279"/>
							<String ID="string_286" HPOS="303" VPOS="1086" WIDTH="54" HEIGHT="15" WC="0.96" CONTENT="vara"/><SP WIDTH="16" VPOS="1086" HPOS="357"/>
							<String ID="string_287" HPOS="373" VPOS="1079" WIDTH="26" HEIGHT="22" WC="0.96" CONTENT="af"/><SP WIDTH="13" VPOS="1079" HPOS="399"/>
							<String ID="string_288" HPOS="412" VPOS="1079" WIDTH="49" HEIGHT="28" WC="0.96" CONTENT="vigt"/><SP WIDTH="14" VPOS="1079" HPOS="461"/>
							<String ID="string_289" HPOS="475" VPOS="1081" WIDTH="34" HEIGHT="20" WC="0.96" CONTENT="att"/><SP WIDTH="16" VPOS="1081" HPOS="509"/>
							<String ID="string_290" HPOS="525" VPOS="1085" WIDTH="81" HEIGHT="22" WC="0.96" CONTENT="genom"/><SP WIDTH="16" VPOS="1085" HPOS="606"/>
							<String ID="string_291" HPOS="622" VPOS="1079" WIDTH="78" HEIGHT="28" WC="0.95" CONTENT="bidrag"/><SP WIDTH="10" VPOS="1079" HPOS="700"/>
							<String ID="string_292" HPOS="710" VPOS="1075" WIDTH="57" HEIGHT="36" WC="0.31" CONTENT="till:"/><SP WIDTH="-2" VPOS="1075" HPOS="767"/>
							<String ID="string_293" HPOS="765" VPOS="1079" WIDTH="161" HEIGHT="22" WC="0.96" CONTENT="kommunerna"/>
						</TextLine>
						<TextLine ID="line_32" HPOS="102" VPOS="1108" WIDTH="824" HEIGHT="29">
							<String ID="string_294" HPOS="102" VPOS="1109" WIDTH="105" HEIGHT="22" WC="0.96" CONTENT="befordra"/><SP WIDTH="23" VPOS="1109" HPOS="207"/>
							<String ID="string_295" HPOS="230" VPOS="1109" WIDTH="126" HEIGHT="28" WC="0.96" CONTENT="antagande"/><SP WIDTH="23" VPOS="1109" HPOS="356"/>
							<String ID="string_296" HPOS="379" VPOS="1108" WIDTH="26" HEIGHT="22" WC="0.96" CONTENT="af"/><SP WIDTH="20" VPOS="1108" HPOS="405"/>
							<String ID="string_297" HPOS="425" VPOS="1109" WIDTH="187" HEIGHT="27" WC="0.96" CONTENT="sjuksköterskor,"/><SP WIDTH="24" VPOS="1109" HPOS="612"/>
							<String ID="string_298" HPOS="636" VPOS="1109" WIDTH="41" HEIGHT="21" WC="0.96" CONTENT="der"/><SP WIDTH="19" VPOS="1109" HPOS="677"/>
							<String ID="string_299" HPOS="696" VPOS="1109" WIDTH="83" HEIGHT="21" WC="0.96" CONTENT="sådana"/><SP WIDTH="15" VPOS="1109" HPOS="779"/>
							<String ID="string_300" HPOS="794" VPOS="1109" WIDTH="76" HEIGHT="21" WC="0.96" CONTENT="kunna"/><SP WIDTH="15" VPOS="1109" HPOS="870"/>
							<String ID="string_301" HPOS="885" VPOS="1108" WIDTH="41" HEIGHT="27" WC="0.95" CONTENT="fås,"/>
						</TextLine>
						<TextLine ID="line_33" HPOS="101" VPOS="1137" WIDTH="825" HEIGHT="30">
							<String ID="string_302" HPOS="101" VPOS="1139" WIDTH="27" HEIGHT="22" WC="0.95" CONTENT="så"/><SP WIDTH="23" VPOS="1139" HPOS="128"/>
							<String ID="string_303" HPOS="151" VPOS="1139" WIDTH="72" HEIGHT="22" WC="0.95" CONTENT="skulle"/><SP WIDTH="21" VPOS="1139" HPOS="223"/>
							<String ID="string_304" HPOS="244" VPOS="1140" WIDTH="41" HEIGHT="27" WC="0.96" CONTENT="jag"/><SP WIDTH="23" VPOS="1140" HPOS="285"/>
							<String ID="string_305" HPOS="308" VPOS="1139" WIDTH="35" HEIGHT="22" WC="0.95" CONTENT="för"/><SP WIDTH="21" VPOS="1139" HPOS="343"/>
							<String ID="string_306" HPOS="364" VPOS="1139" WIDTH="46" HEIGHT="21" WC="0.96" CONTENT="min"/><SP WIDTH="19" VPOS="1139" HPOS="410"/>
							<String ID="string_307" HPOS="429" VPOS="1138" WIDTH="36" HEIGHT="23" WC="0.96" CONTENT="del"/><SP WIDTH="16" VPOS="1138" HPOS="465"/>
							<String ID="string_308" HPOS="481" VPOS="1139" WIDTH="88" HEIGHT="26" WC="0.96" CONTENT="föreslå,"/><SP WIDTH="17" VPOS="1139" HPOS="569"/>
							<String ID="string_309" HPOS="586" VPOS="1139" WIDTH="33" HEIGHT="21" WC="0.96" CONTENT="att"/><SP WIDTH="16" VPOS="1139" HPOS="619"/>
							<String ID="string_310" HPOS="635" VPOS="1137" WIDTH="88" HEIGHT="23" WC="0.96" CONTENT="ståndet"/><SP WIDTH="15" VPOS="1137" HPOS="723"/>
							<String ID="string_311" HPOS="738" VPOS="1139" WIDTH="53" HEIGHT="21" WC="0.96" CONTENT="ville"/><SP WIDTH="16" VPOS="1139" HPOS="791"/>
							<String ID="string_312" HPOS="807" VPOS="1138" WIDTH="119" HEIGHT="28" WC="0.96" CONTENT="godkänna"/>
						</TextLine>
						<TextLine ID="line_34" HPOS="103" VPOS="1167" WIDTH="823" HEIGHT="30">
							<String ID="string_313" HPOS="103" VPOS="1169" WIDTH="43" HEIGHT="21" WC="0.96" CONTENT="den"/><SP WIDTH="25" VPOS="1169" HPOS="146"/>
							<String ID="string_314" HPOS="171" VPOS="1169" WIDTH="70" HEIGHT="22" WC="0.96" CONTENT="första"/><SP WIDTH="22" VPOS="1169" HPOS="241"/>
							<String ID="string_315" HPOS="263" VPOS="1169" WIDTH="174" HEIGHT="22" WC="0.96" CONTENT="reservationen."/><SP WIDTH="31" VPOS="1169" HPOS="437"/>
							<String ID="string_316" HPOS="468" VPOS="1169" WIDTH="40" HEIGHT="21" WC="0.96" CONTENT="Att"/><SP WIDTH="16" VPOS="1169" HPOS="508"/>
							<String ID="string_317" HPOS="524" VPOS="1168" WIDTH="83" HEIGHT="22" WC="0.96" CONTENT="föreslå"/><SP WIDTH="14" VPOS="1168" HPOS="607"/>
							<String ID="string_318" HPOS="621" VPOS="1169" WIDTH="127" HEIGHT="28" WC="0.96" CONTENT="antagande"/><SP WIDTH="16" VPOS="1169" HPOS="748"/>
							<String ID="string_319" HPOS="764" VPOS="1169" WIDTH="27" HEIGHT="21" WC="0.96" CONTENT="af"/><SP WIDTH="13" VPOS="1169" HPOS="791"/>
							<String ID="string_320" HPOS="804" VPOS="1167" WIDTH="122" HEIGHT="23" WC="0.96" CONTENT="fristående"/>
						</TextLine>
						<TextLine ID="line_35" HPOS="102" VPOS="1197" WIDTH="824" HEIGHT="29">
							<String ID="string_321" HPOS="102" VPOS="1198" WIDTH="188" HEIGHT="28" WC="0.96" CONTENT="sjuksköterskor,"/><SP WIDTH="16" VPOS="1198" HPOS="290"/>
							<String ID="string_322" HPOS="306" VPOS="1205" WIDTH="48" HEIGHT="16" WC="0.96" CONTENT="som"/><SP WIDTH="15" VPOS="1205" HPOS="354"/>
							<String ID="string_323" HPOS="369" VPOS="1198" WIDTH="50" HEIGHT="22" WC="0.95" CONTENT="icke"/><SP WIDTH="15" VPOS="1198" HPOS="419"/>
							<String ID="string_324" HPOS="434" VPOS="1198" WIDTH="73" HEIGHT="22" WC="0.96" CONTENT="skulle"/><SP WIDTH="15" VPOS="1198" HPOS="507"/>
							<String ID="string_325" HPOS="522" VPOS="1198" WIDTH="70" HEIGHT="22" WC="0.96" CONTENT="hafva"/><SP WIDTH="15" VPOS="1198" HPOS="592"/>
							<String ID="string_326" HPOS="607" VPOS="1198" WIDTH="128" HEIGHT="22" WC="0.96" CONTENT="omedelbar"/><SP WIDTH="15" VPOS="1198" HPOS="735"/>
							<String ID="string_327" HPOS="750" VPOS="1198" WIDTH="91" HEIGHT="27" WC="0.96" CONTENT="ledning"/><SP WIDTH="15" VPOS="1198" HPOS="841"/>
							<String ID="string_328" HPOS="856" VPOS="1197" WIDTH="27" HEIGHT="22" WC="0.93" CONTENT="af"/><SP WIDTH="12" VPOS="1197" HPOS="883"/>
							<String ID="string_329" HPOS="895" VPOS="1198" WIDTH="31" HEIGHT="21" WC="0.90" CONTENT="lä-"/>
						</TextLine>
						<TextLine ID="line_36" HPOS="102" VPOS="1227" WIDTH="824" HEIGHT="30">
							<String ID="string_330" HPOS="102" VPOS="1229" WIDTH="60" HEIGHT="26" WC="0.94" CONTENT="kare,"/><SP WIDTH="17" VPOS="1229" HPOS="162"/>
							<String ID="string_331" HPOS="179" VPOS="1229" WIDTH="25" HEIGHT="22" WC="0.96" CONTENT="är"/><SP WIDTH="15" VPOS="1229" HPOS="204"/>
							<String ID="string_332" HPOS="219" VPOS="1229" WIDTH="74" HEIGHT="28" WC="0.95" CONTENT="något,"/><SP WIDTH="16" VPOS="1229" HPOS="293"/>
							<String ID="string_333" HPOS="309" VPOS="1234" WIDTH="49" HEIGHT="17" WC="0.96" CONTENT="som"/><SP WIDTH="15" VPOS="1234" HPOS="358"/>
							<String ID="string_334" HPOS="373" VPOS="1228" WIDTH="48" HEIGHT="22" WC="0.96" CONTENT="helt"/><SP WIDTH="14" VPOS="1228" HPOS="421"/>
							<String ID="string_335" HPOS="435" VPOS="1228" WIDTH="77" HEIGHT="22" WC="0.96" CONTENT="säkert"/><SP WIDTH="10" VPOS="1228" HPOS="512"/>
							<String ID="string_336" HPOS="522" VPOS="1228" WIDTH="71" HEIGHT="22" WC="0.96" CONTENT="skulle"/><SP WIDTH="20" VPOS="1228" HPOS="593"/>
							<String ID="string_337" HPOS="613" VPOS="1228" WIDTH="3" HEIGHT="21" WC="0.96" CONTENT="i"/><SP WIDTH="16" VPOS="1228" HPOS="616"/>
							<String ID="string_338" HPOS="632" VPOS="1228" WIDTH="90" HEIGHT="28" WC="0.96" CONTENT="mycket"/><SP WIDTH="15" VPOS="1228" HPOS="722"/>
							<String ID="string_339" HPOS="737" VPOS="1228" WIDTH="64" HEIGHT="28" WC="0.96" CONTENT="ringa"/><SP WIDTH="15" VPOS="1228" HPOS="801"/>
							<String ID="string_340" HPOS="816" VPOS="1227" WIDTH="62" HEIGHT="29" WC="0.96" CONTENT="grad,"/><SP WIDTH="11" VPOS="1227" HPOS="878"/>
							<String ID="string_341" HPOS="889" VPOS="1233" WIDTH="37" HEIGHT="16" WC="0.96" CONTENT="om"/>
						</TextLine>
						<TextLine ID="line_37" HPOS="102" VPOS="1257" WIDTH="824" HEIGHT="30">
							<String ID="string_342" HPOS="102" VPOS="1259" WIDTH="8" HEIGHT="22" WC="0.96" CONTENT="i"/><SP WIDTH="15" VPOS="1259" HPOS="110"/>
							<String ID="string_343" HPOS="125" VPOS="1258" WIDTH="73" HEIGHT="29" WC="0.96" CONTENT="någon"/><SP WIDTH="23" VPOS="1258" HPOS="198"/>
							<String ID="string_344" HPOS="221" VPOS="1259" WIDTH="50" HEIGHT="22" WC="0.92" CONTENT="män"/><SP WIDTH="16" VPOS="1259" HPOS="271"/>
							<String ID="string_345" HPOS="287" VPOS="1259" WIDTH="48" HEIGHT="26" WC="0.96" CONTENT="alls,"/><SP WIDTH="16" VPOS="1259" HPOS="335"/>
							<String ID="string_346" HPOS="351" VPOS="1258" WIDTH="106" HEIGHT="22" WC="0.96" CONTENT="befordra"/><SP WIDTH="15" VPOS="1258" HPOS="457"/>
							<String ID="string_347" HPOS="472" VPOS="1258" WIDTH="159" HEIGHT="28" WC="0.96" CONTENT="utvecklingen"/><SP WIDTH="16" VPOS="1258" HPOS="631"/>
							<String ID="string_348" HPOS="647" VPOS="1258" WIDTH="26" HEIGHT="22" WC="0.95" CONTENT="af"/><SP WIDTH="13" VPOS="1258" HPOS="673"/>
							<String ID="string_349" HPOS="686" VPOS="1257" WIDTH="136" HEIGHT="28" WC="0.96" CONTENT="sjukvården"/><SP WIDTH="15" VPOS="1257" HPOS="822"/>
							<String ID="string_350" HPOS="837" VPOS="1257" WIDTH="28" HEIGHT="28" WC="0.93" CONTENT="på"/><SP WIDTH="15" VPOS="1257" HPOS="865"/>
							<String ID="string_351" HPOS="880" VPOS="1257" WIDTH="46" HEIGHT="22" WC="0.92" CONTENT="lan-"/>
						</TextLine>
						<TextLine ID="line_38" HPOS="103" VPOS="1287" WIDTH="823" HEIGHT="30">
							<String ID="string_352" HPOS="103" VPOS="1289" WIDTH="43" HEIGHT="21" WC="0.74" CONTENT="det."/><SP WIDTH="30" VPOS="1289" HPOS="146"/>
							<String ID="string_353" HPOS="176" VPOS="1289" WIDTH="229" HEIGHT="35" WC="0.63" CONTENT="Sjuksköterskornas"/><SP WIDTH="23" VPOS="1289" HPOS="405"/>
							<String ID="string_354" HPOS="428" VPOS="1288" WIDTH="55" HEIGHT="22" WC="0.93" CONTENT="eller"/><SP WIDTH="20" VPOS="1288" HPOS="483"/>
							<String ID="string_355" HPOS="503" VPOS="1288" WIDTH="151" HEIGHT="22" WC="0.92" CONTENT="öfverhufvud"/><SP WIDTH="17" VPOS="1288" HPOS="654"/>
							<String ID="string_356" HPOS="671" VPOS="1287" WIDTH="186" HEIGHT="28" WC="0.91" CONTENT="sjukvårdarenas"/><SP WIDTH="16" VPOS="1287" HPOS="857"/>
							<String ID="string_357" HPOS="873" VPOS="1294" WIDTH="53" HEIGHT="21" WC="0.92" CONTENT="upp-"/>
						</TextLine>
						<TextLine ID="line_39" HPOS="102" VPOS="1317" WIDTH="824" HEIGHT="30">
							<String ID="string_358" HPOS="102" VPOS="1318" WIDTH="43" HEIGHT="35" WC="0.95" CONTENT="gift"/><SP WIDTH="24" VPOS="1318" HPOS="145"/>
							<String ID="string_359" HPOS="169" VPOS="1319" WIDTH="25" HEIGHT="21" WC="0.96" CONTENT="är"/><SP WIDTH="25" VPOS="1319" HPOS="194"/>
							<String ID="string_360" HPOS="219" VPOS="1320" WIDTH="33" HEIGHT="20" WC="0.96" CONTENT="att"/><SP WIDTH="22" VPOS="1320" HPOS="252"/>
							<String ID="string_361" HPOS="274" VPOS="1318" WIDTH="76" HEIGHT="23" WC="0.93" CONTENT="utföra"/><SP WIDTH="22" VPOS="1318" HPOS="350"/>
							<String ID="string_362" HPOS="372" VPOS="1318" WIDTH="63" HEIGHT="35" WC="0.91" CONTENT="gifna"/><SP WIDTH="19" VPOS="1318" HPOS="435"/>
							<String ID="string_363" HPOS="454" VPOS="1317" WIDTH="147" HEIGHT="23" WC="0.93" CONTENT="föreskrifter."/><SP WIDTH="31" VPOS="1317" HPOS="601"/>
							<String ID="string_364" HPOS="632" VPOS="1317" WIDTH="113" HEIGHT="22" WC="0.83" CONTENT="Lemnade"/><SP WIDTH="16" VPOS="1317" HPOS="745"/>
							<String ID="string_365" HPOS="761" VPOS="1323" WIDTH="115" HEIGHT="16" WC="0.96" CONTENT="ensamma"/><SP WIDTH="16" VPOS="1323" HPOS="876"/>
							<String ID="string_366" HPOS="892" VPOS="1317" WIDTH="34" HEIGHT="22" WC="0.96" CONTENT="för"/>
						</TextLine>
						<TextLine ID="line_40" HPOS="103" VPOS="1347" WIDTH="823" HEIGHT="29">
							<String ID="string_367" HPOS="103" VPOS="1348" WIDTH="35" HEIGHT="28" WC="0.96" CONTENT="sig"/><SP WIDTH="16" VPOS="1348" HPOS="138"/>
							<String ID="string_368" HPOS="154" VPOS="1349" WIDTH="83" HEIGHT="27" WC="0.95" CONTENT="sjelfva"/><SP WIDTH="15" VPOS="1349" HPOS="237"/>
							<String ID="string_369" HPOS="252" VPOS="1349" WIDTH="91" HEIGHT="21" WC="0.96" CONTENT="komma"/><SP WIDTH="15" VPOS="1349" HPOS="343"/>
							<String ID="string_370" HPOS="358" VPOS="1348" WIDTH="27" HEIGHT="22" WC="0.95" CONTENT="de"/><SP WIDTH="15" VPOS="1348" HPOS="385"/>
							<String ID="string_371" HPOS="400" VPOS="1349" WIDTH="8" HEIGHT="20" WC="0.96" CONTENT="i"/><SP WIDTH="15" VPOS="1349" HPOS="408"/>
							<String ID="string_372" HPOS="423" VPOS="1354" WIDTH="29" HEIGHT="15" WC="0.96" CONTENT="en"/><SP WIDTH="15" VPOS="1354" HPOS="452"/>
							<String ID="string_373" HPOS="467" VPOS="1347" WIDTH="112" HEIGHT="28" WC="0.96" CONTENT="ställning,"/><SP WIDTH="16" VPOS="1347" HPOS="579"/>
							<String ID="string_374" HPOS="595" VPOS="1353" WIDTH="49" HEIGHT="16" WC="0.96" CONTENT="som"/><SP WIDTH="15" VPOS="1353" HPOS="644"/>
							<String ID="string_375" HPOS="659" VPOS="1347" WIDTH="50" HEIGHT="22" WC="0.96" CONTENT="icke"/><SP WIDTH="11" VPOS="1347" HPOS="709"/>
							<String ID="string_376" HPOS="720" VPOS="1348" WIDTH="25" HEIGHT="20" WC="0.93" CONTENT="är"/><SP WIDTH="10" VPOS="1348" HPOS="745"/>
							<String ID="string_377" HPOS="755" VPOS="1347" WIDTH="171" HEIGHT="21" WC="0.91" CONTENT="öfverensstäm-"/>
						</TextLine>
						<TextLine ID="line_41" HPOS="103" VPOS="1376" WIDTH="823" HEIGHT="29">
							<String ID="string_378" HPOS="103" VPOS="1378" WIDTH="81" HEIGHT="22" WC="0.95" CONTENT="mande"/><SP WIDTH="16" VPOS="1378" HPOS="184"/>
							<String ID="string_379" HPOS="200" VPOS="1378" WIDTH="51" HEIGHT="21" WC="0.96" CONTENT="med"/><SP WIDTH="16" VPOS="1378" HPOS="251"/>
							<String ID="string_380" HPOS="267" VPOS="1378" WIDTH="64" HEIGHT="21" WC="0.91" CONTENT="deras"/><SP WIDTH="16" VPOS="1378" HPOS="331"/>
							<String ID="string_381" HPOS="347" VPOS="1377" WIDTH="126" HEIGHT="28" WC="0.96" CONTENT="utbildning"/><SP WIDTH="15" VPOS="1377" HPOS="473"/>
							<String ID="string_382" HPOS="488" VPOS="1377" WIDTH="42" HEIGHT="21" WC="0.96" CONTENT="och"/><SP WIDTH="16" VPOS="1377" HPOS="530"/>
							<String ID="string_383" HPOS="546" VPOS="1377" WIDTH="65" HEIGHT="21" WC="0.95" CONTENT="deras"/><SP WIDTH="9" VPOS="1377" HPOS="611"/>
							<String ID="string_384" HPOS="620" VPOS="1376" WIDTH="107" HEIGHT="28" WC="0.95" CONTENT="förmåga,"/><SP WIDTH="12" VPOS="1376" HPOS="727"/>
							<String ID="string_385" HPOS="739" VPOS="1377" WIDTH="42" HEIGHT="21" WC="0.96" CONTENT="och"/><SP WIDTH="11" VPOS="1377" HPOS="781"/>
							<String ID="string_386" HPOS="792" VPOS="1383" WIDTH="52" HEIGHT="15" WC="0.93" CONTENT="man"/><SP WIDTH="10" VPOS="1383" HPOS="844"/>
							<String ID="string_387" HPOS="854" VPOS="1376" WIDTH="72" HEIGHT="22" WC="0.90" CONTENT="åstad-"/>
						</TextLine>
						<TextLine ID="line_42" HPOS="102" VPOS="1406" WIDTH="825" HEIGHT="28">
							<String ID="string_388" HPOS="102" VPOS="1407" WIDTH="104" HEIGHT="22" WC="0.93" CONTENT="kommer"/><SP WIDTH="23" VPOS="1407" HPOS="206"/>
							<String ID="string_389" HPOS="229" VPOS="1407" WIDTH="90" HEIGHT="22" WC="0.91" CONTENT="derföre"/><SP WIDTH="24" VPOS="1407" HPOS="319"/>
							<String ID="string_390" HPOS="343" VPOS="1407" WIDTH="49" HEIGHT="22" WC="0.95" CONTENT="icke"/><SP WIDTH="16" VPOS="1407" HPOS="392"/>
							<String ID="string_391" HPOS="408" VPOS="1407" WIDTH="43" HEIGHT="21" WC="0.97" CONTENT="den"/><SP WIDTH="17" VPOS="1407" HPOS="451"/>
							<String ID="string_392" HPOS="468" VPOS="1406" WIDTH="92" HEIGHT="22" WC="0.93" CONTENT="dermed"/><SP WIDTH="15" VPOS="1406" HPOS="560"/>
							<String ID="string_393" HPOS="575" VPOS="1406" WIDTH="94" HEIGHT="22" WC="0.93" CONTENT="afsedda"/><SP WIDTH="16" VPOS="1406" HPOS="669"/>
							<String ID="string_394" HPOS="685" VPOS="1406" WIDTH="91" HEIGHT="22" WC="0.95" CONTENT="verkan."/><SP WIDTH="31" VPOS="1406" HPOS="776"/>
							<String ID="string_395" HPOS="807" VPOS="1406" WIDTH="32" HEIGHT="22" WC="0.96" CONTENT="På"/><SP WIDTH="15" VPOS="1406" HPOS="839"/>
							<String ID="string_396" HPOS="854" VPOS="1406" WIDTH="73" HEIGHT="28" WC="0.96" CONTENT="grund"/>
						</TextLine>
						<TextLine ID="line_43" HPOS="103" VPOS="1435" WIDTH="823" HEIGHT="29">
							<String ID="string_397" HPOS="103" VPOS="1437" WIDTH="26" HEIGHT="21" WC="0.93" CONTENT="af"/><SP WIDTH="12" VPOS="1437" HPOS="129"/>
							<String ID="string_398" HPOS="141" VPOS="1437" WIDTH="77" HEIGHT="27" WC="0.92" CONTENT="vigten"/><SP WIDTH="15" VPOS="1437" HPOS="218"/>
							<String ID="string_399" HPOS="233" VPOS="1437" WIDTH="27" HEIGHT="21" WC="0.96" CONTENT="af"/><SP WIDTH="18" VPOS="1437" HPOS="260"/>
							<String ID="string_400" HPOS="278" VPOS="1438" WIDTH="33" HEIGHT="20" WC="0.93" CONTENT="att"/><SP WIDTH="22" VPOS="1438" HPOS="311"/>
							<String ID="string_401" HPOS="333" VPOS="1436" WIDTH="191" HEIGHT="27" WC="0.91" CONTENT="önskningsmålet"/><SP WIDTH="15" VPOS="1436" HPOS="524"/>
							<String ID="string_402" HPOS="539" VPOS="1436" WIDTH="128" HEIGHT="22" WC="0.93" CONTENT="framhälles"/><SP WIDTH="15" VPOS="1436" HPOS="667"/>
							<String ID="string_403" HPOS="682" VPOS="1436" WIDTH="8" HEIGHT="21" WC="0.96" CONTENT="i"/><SP WIDTH="10" VPOS="1436" HPOS="690"/>
							<String ID="string_404" HPOS="700" VPOS="1442" WIDTH="28" HEIGHT="15" WC="0.96" CONTENT="en"/><SP WIDTH="11" VPOS="1442" HPOS="728"/>
							<String ID="string_405" HPOS="739" VPOS="1435" WIDTH="68" HEIGHT="22" WC="0.91" CONTENT="sådan"/><SP WIDTH="10" VPOS="1435" HPOS="807"/>
							<String ID="string_406" HPOS="817" VPOS="1436" WIDTH="109" HEIGHT="21" WC="0.89" CONTENT="uisträck-"/>
						</TextLine>
						<TextLine ID="line_44" HPOS="102" VPOS="1464" WIDTH="824" HEIGHT="29">
							<String ID="string_407" HPOS="102" VPOS="1466" WIDTH="61" HEIGHT="27" WC="0.96" CONTENT="ning,"/><SP WIDTH="24" VPOS="1466" HPOS="163"/>
							<String ID="string_408" HPOS="187" VPOS="1467" WIDTH="33" HEIGHT="20" WC="0.96" CONTENT="att"/><SP WIDTH="15" VPOS="1467" HPOS="220"/>
							<String ID="string_409" HPOS="235" VPOS="1465" WIDTH="73" HEIGHT="28" WC="0.96" CONTENT="någon"/><SP WIDTH="16" VPOS="1465" HPOS="308"/>
							<String ID="string_410" HPOS="324" VPOS="1466" WIDTH="118" HEIGHT="27" WC="0.96" CONTENT="möjlighet"/><SP WIDTH="14" VPOS="1466" HPOS="442"/>
							<String ID="string_411" HPOS="456" VPOS="1465" WIDTH="72" HEIGHT="21" WC="0.95" CONTENT="finnes"/><SP WIDTH="16" VPOS="1465" HPOS="528"/>
							<String ID="string_412" HPOS="544" VPOS="1464" WIDTH="35" HEIGHT="22" WC="0.96" CONTENT="för"/><SP WIDTH="16" VPOS="1464" HPOS="579"/>
							<String ID="string_413" HPOS="595" VPOS="1465" WIDTH="52" HEIGHT="21" WC="0.93" CONTENT="dess"/><SP WIDTH="15" VPOS="1465" HPOS="647"/>
							<String ID="string_414" HPOS="662" VPOS="1464" WIDTH="157" HEIGHT="27" WC="0.91" CONTENT="realiserande,"/><SP WIDTH="16" VPOS="1464" HPOS="819"/>
							<String ID="string_415" HPOS="835" VPOS="1465" WIDTH="91" HEIGHT="27" WC="0.91" CONTENT="tillstyr-"/>
						</TextLine>
						<TextLine ID="line_45" HPOS="103" VPOS="1494" WIDTH="762" HEIGHT="30">
							<String ID="string_416" HPOS="103" VPOS="1494" WIDTH="40" HEIGHT="23" WC="0.96" CONTENT="ker"/><SP WIDTH="13" VPOS="1494" HPOS="143"/>
							<String ID="string_417" HPOS="156" VPOS="1496" WIDTH="41" HEIGHT="28" WC="0.96" CONTENT="jag"/><SP WIDTH="15" VPOS="1496" HPOS="197"/>
							<String ID="string_418" HPOS="212" VPOS="1494" WIDTH="93" HEIGHT="22" WC="0.96" CONTENT="sålunda"/><SP WIDTH="14" VPOS="1494" HPOS="305"/>
							<String ID="string_419" HPOS="319" VPOS="1494" WIDTH="174" HEIGHT="29" WC="0.96" CONTENT="godkännandet"/><SP WIDTH="15" VPOS="1494" HPOS="493"/>
							<String ID="string_420" HPOS="508" VPOS="1494" WIDTH="26" HEIGHT="22" WC="0.96" CONTENT="af"/><SP WIDTH="13" VPOS="1494" HPOS="534"/>
							<String ID="string_421" HPOS="547" VPOS="1494" WIDTH="44" HEIGHT="22" WC="0.96" CONTENT="den"/><SP WIDTH="16" VPOS="1494" HPOS="591"/>
							<String ID="string_422" HPOS="607" VPOS="1494" WIDTH="71" HEIGHT="22" WC="0.96" CONTENT="första"/><SP WIDTH="14" VPOS="1494" HPOS="678"/>
							<String ID="string_423" HPOS="692" VPOS="1494" WIDTH="173" HEIGHT="22" WC="0.96" CONTENT="reservationen."/>
						</TextLine>
					</TextBlock>
				</ComposedBlock>
			</PrintSpace>
		</Page>
	</Layout>
</alto>
