1109 1825
228 134 44 18 694
543 130 75 18 Huhtik.
632 131 10 18 6
655 136 17 17 p.

200 185 35 22 för
253 184 103 28 kvinnan,
375 184 45 22 lika
443 184 49 22 litet
510 191 47 16 som
576 185 42 22 den
634 185 44 22 kan
693 191 54 15 vara
762 185 129 22 kränkande
907 185 35 22 för
957 191 59 16 man-

199 221 53 20 nen;
269 214 85 22 hvilket
369 214 72 22 skulle
456 214 95 22 bevisas.
580 214 50 22 Men
646 220 36 16 om
698 214 24 22 så
737 216 25 20 är
778 214 68 28 fallet,
862 214 24 22 så
902 215 116 22 bortfaller

201 245 37 21 det
254 244 118 28 vigtigaste
388 245 92 21 motivet
496 245 35 21 för
546 244 129 29 petitionen,
690 251 49 15 som
755 246 31 25 är,
801 246 33 21 att
849 244 168 29 dispensansök-

200 275 82 28 ningen
302 275 40 21 bör
364 274 111 27 bortfalla,
496 275 95 22 emedan
613 275 42 22 den
676 276 24 20 är
723 282 27 15 en
774 275 34 21 för
824 274 108 23 kvinnans
955 276 61 27 sjelf-

200 305 78 23 känsla
294 305 128 22 kränkande
438 305 112 29 handling.

270 335 44 28 Jag
328 335 104 28 öfvergår
447 341 30 16 nu
488 335 34 22 till
538 335 174 27 hufvudfrågan:
728 336 45 21 Bör
784 335 43 22 den
838 335 71 22 finska
921 336 97 22 kvinnan

201 365 83 22 erhålla
299 365 119 29 obetingad
434 365 107 28 rättighet
556 367 33 20 att
604 365 78 22 arbeta
697 365 28 28 på
740 366 43 21 den
799 365 62 22 lärda
872 365 90 23 skolans
973 372 44 15 om-

200 395 60 26 råde,
276 395 57 22 ifrån
350 395 86 22 hvilket
452 395 89 22 område
557 396 43 21 hon
617 395 77 22 hittills
710 395 6 21 i
732 395 77 28 regeln
824 396 58 21 varit
897 396 119 22 utesluten.

202 425 42 21 Om
267 425 37 22 det
324 431 30 16 nu
374 425 66 28 gälde
466 426 32 21 att
516 431 25 16 se
559 425 69 22 saken
646 425 48 22 från
712 425 144 28 synpunkten
870 425 26 22 af
909 425 109 22 kvinnans

201 455 106 28 rättighet
322 455 32 22 till
371 455 143 28 sjelfförvärf,
530 455 34 22 till
579 455 83 26 arbete,
677 455 25 22 så
712 461 53 16 vore
774 456 40 27 jag
824 455 62 29 villig
897 457 33 20 att
941 456 77 21 förena

201 485 46 28 mig
269 485 33 22 till
320 485 41 22 och
380 485 51 22 med
447 485 51 22 med
514 485 204 22 undertecknarene
734 486 26 21 af
773 486 43 21 den
832 486 72 27 tredje
919 492 99 15 reserva-

200 515 83 24 tionen,
298 516 26 27 ty
340 515 42 22 den
401 515 87 22 bildade
504 515 97 22 kvinnan
617 515 40 22 bör
673 515 21 22 få
710 515 82 22 arbeta.
824 515 50 22 Hon
890 517 24 20 är
928 515 90 22 berätti-

202 545 44 28 gad
262 547 32 19 att
309 551 54 16 vara
379 545 90 28 lycklig,
485 551 51 16 men
551 545 67 28 ingen
634 545 100 22 meniska
750 545 44 22 kan
804 551 55 16 vara
869 545 90 28 lycklig,
970 551 48 16 som

201 575 49 22 icke
266 575 40 21 har
321 581 28 15 en
364 575 89 28 uppgift
468 575 7 21 i
490 575 64 22 lifvet
570 577 33 20 att
618 581 80 22 genom
714 575 78 22 arbete
807 575 53 22 lösa.
887 575 51 22 Men
953 582 30 15 nu
994 576 24 21 är

201 604 79 22 skolan
294 604 50 22 icke
360 605 33 22 till
409 605 34 22 för
458 607 34 19 att
507 605 72 22 skaffa
594 605 77 22 arbete
682 605 40 22 och
733 605 55 22 bröd
800 605 22 22 åt
832 605 130 26 lärarinnor,
973 605 45 22 lika

201 635 49 21 litet
266 640 46 16 som
328 634 79 22 skolan
422 636 25 20 är
462 635 34 21 till
512 635 34 22 för
561 637 33 20 att
609 635 72 22 skaffa
697 635 77 21 arbete
790 635 41 22 och
842 635 54 21 bröd
907 634 22 22 åt
939 636 78 21 lärare.

202 664 82 22 Skolan
307 666 25 20 är
349 664 49 30 icke
416 670 28 16 en
462 664 314 30 barmhertighetsinrättning.
807 664 117 23 Närmaste
941 665 77 28 frågan

201 694 43 23 blir
264 694 86 22 derför:
381 690 32 26 Är
437 695 109 21 kvinnans
569 695 135 28 anställning
732 695 36 21 vid
794 695 78 21 skolan
895 694 67 28 något
984 695 35 22 för

202 724 78 22 skolan
295 724 97 28 önskligt
408 724 40 22 och
465 724 158 36 fördelaktigt?
654 707 68 51 Detta
736 724 74 28 påstår
820 725 147 28 petitionären
978 726 39 21 och

201 754 56 22 hans
273 754 197 28 meningsfränder,
487 756 42 20 och
544 754 72 23 såsom
632 755 72 28 grund
717 754 35 23 för
765 754 133 35 påståendet
912 754 106 29 åberopas

202 784 43 29 den
268 784 134 26 erfarenhet,
426 790 47 16 som
492 785 89 22 vunnits
597 786 59 21 inom
672 785 206 27 privatlärovärken
893 785 7 21 i
916 784 101 23 Finland.

202 809 74 27 Äfven
296 814 59 22 hvad
376 814 109 23 kvinnans
505 815 99 29 förmåga
623 816 33 21 att
671 815 150 28 upprätthålla
836 815 130 34 disciplinen
982 815 36 22 be-

202 844 84 26 träffar,
305 845 25 21 är
350 845 70 21 saken
441 845 51 22 fullt
515 846 54 21 klar.
601 845 45 22 Det
668 845 63 22 heter
747 846 113 28 nämligen
875 846 7 20 i
898 845 121 28 petitionen

204 876 46 24 »att
272 874 98 22 kvinnan
390 875 8 21 i
418 875 121 22 allmänhet
559 876 71 21 skulle
650 876 70 21 sakna
735 876 28 21 de
779 876 81 28 nödiga
875 875 145 22 kvalifikatio-

202 910 69 17 nerna
292 904 34 22 för
346 906 33 21 att
394 905 7 22 i
417 905 115 28 gosskolor
547 906 75 22 kunna
640 906 128 22 handhafva
784 905 130 29 disciplinen
930 905 42 22 och
987 907 33 20 ut-

203 934 52 22 öfva
277 934 39 22 det
334 936 65 25 rätta,
418 935 159 29 uppfostrande
592 936 132 27 inflytandet
741 935 27 28 på
784 936 114 21 elevernas
915 935 105 22 karaktär

202 964 42 22 och
259 964 61 28 vilja,
336 965 40 22 har
392 971 81 22 genom
489 965 43 22 den
543 965 113 29 praktiska
666 965 156 22 erfarenheten
833 965 73 22 blifvit
918 965 102 22 fullkom-

204 994 40 28 ligt
266 995 142 28 vederlagd*.
440 995 51 22 Men
514 996 72 22 denna
606 995 126 22 erfarenhet
750 997 25 20 är
790 996 49 21 icke
854 996 105 28 gammal.
976 995 44 22 Det

202 1023 71 23 finnes
296 1030 28 16 en
339 1025 134 26 erfarenhet,
497 1026 41 21 och
556 1026 43 21 den
615 1026 88 21 bevisar
718 1025 73 29 något,
808 1031 50 16 men
875 1025 43 22 den
933 1025 88 22 bevisar

202 1054 49 21 icke
271 1054 43 27 det,
333 1061 48 16 som
400 1043 73 34 skulle
489 1055 94 23 bevisas.
615 1055 50 22 Den
681 1055 88 22 bevisar
784 1057 33 20 att
833 1056 37 21 det
886 1061 54 16 vore
956 1056 63 25 orätt,

203 1089 35 16 om
260 1091 52 14 man
330 1085 54 21 sade
400 1087 33 19 att
448 1085 67 28 ingen
532 1086 81 21 kvinna
629 1085 43 22 kan
688 1086 78 21 arbeta
781 1085 28 28 på
824 1085 90 22 skolans
930 1073 90 34 område

203 1113 33 22 till
252 1114 89 22 skolans
356 1116 71 27 nytta.
458 1115 38 22 Ett
511 1115 78 23 sådant
605 1115 118 28 påstående
740 1117 24 20 är
781 1115 93 22 faktiskt
889 1115 132 28 vederlagdt

203 1149 80 22 genom
307 1145 162 27 erfarenheten,
494 1151 48 16 som
564 1146 59 21 visat
641 1147 33 20 att
690 1145 37 22 det
742 1145 71 22 finnes
829 1145 100 27 kvinnor,
946 1145 76 22 hvilka

203 1179 42 22 ega
261 1174 101 28 förmåga
377 1176 33 21 att
425 1175 79 22 liksom
521 1177 95 20 männen
632 1176 68 21 verka
717 1176 50 21 med
784 1175 116 28 framgång
916 1175 28 28 på
960 1175 61 22 detta

204 1203 94 23 område.
330 1204 50 22 Men
404 1205 66 21 deraf
486 1205 67 27 följer
568 1206 49 22 icke
632 1207 34 19 att
681 1205 62 21 detta
758 1205 72 28 gäller
846 1205 98 22 kvinnan
959 1205 6 21 i
982 1205 38 21 all-

203 1234 97 26 mänhet,
320 1234 42 22 och
380 1235 38 21 det
432 1241 68 21 synes
515 1236 46 27 mig
576 1235 82 26 derför,
674 1241 48 15 som
738 1235 72 21 skulle
831 1241 51 15 man
898 1234 40 22 här
953 1234 68 22 hafva

203 1263 61 27 gjort
286 1264 34 28 sig
342 1264 90 28 skyldig
449 1265 34 21 till
502 1270 27 16 en
545 1265 114 22 förhastad
675 1265 142 28 slutledning,
834 1264 28 22 då
876 1270 52 16 man
943 1264 77 22 nämli-

204 1298 43 22 gen
263 1294 26 20 af
302 1293 68 28 några
389 1294 110 22 enskildta
515 1294 40 22 fall
570 1295 80 27 drager
666 1301 27 15 en
710 1294 82 22 allmän
808 1294 98 22 slutsats.
936 1294 46 22 Det
998 1294 24 21 är

204 1322 132 23 åtminstone
356 1324 28 28 på
408 1324 38 22 det
465 1325 168 27 vetenskapliga
652 1324 100 22 området
770 1330 28 16 en
813 1324 38 28 lag
866 1326 33 20 att
916 1330 51 15 man
982 1323 40 23 bör

204 1358 54 16 vara
282 1353 89 27 mycket
395 1354 109 27 försigtig,
528 1354 28 21 då
575 1360 51 16 man
644 1354 80 26 drager
742 1360 28 15 en
788 1354 83 21 allmän
886 1354 92 20 slutsats
994 1353 27 27 på

204 1381 72 27 grund
292 1382 26 21 af
331 1382 101 22 enskilda
447 1382 46 22 fall.
524 1382 51 22 Den
590 1382 81 28 riktiga
682 1383 120 21 slutsatsen
813 1388 54 16 vore
877 1383 38 21 väl
925 1384 33 19 att
967 1382 54 22 tills-

203 1410 77 22 vidare
300 1411 23 21 in
341 1418 54 15 casu
412 1412 85 28 afgöra,
514 1419 35 15 om
566 1412 97 22 kvinnan
678 1412 26 21 N.
721 1412 26 21 N.
764 1418 53 22 eger
834 1412 72 21 denna
922 1411 100 29 förmåga

199 1442 38 20 att
251 1441 69 21 verka
336 1441 6 22 i
358 1442 78 22 skolan
452 1442 27 28 på
495 1444 32 20 ett
543 1442 35 22 för
593 1442 78 22 skolan
686 1442 84 34 nyttigt
786 1443 50 21 sätt.

274 1470 51 23 Men
347 1472 38 21 vid
409 1472 72 22 denna
503 1472 74 28 frågas
598 1472 122 28 afgörande
740 1473 25 20 är
781 1472 38 22 det
834 1472 48 22 icke
898 1472 57 22 blott
970 1472 50 22 sko-

203 1500 49 22 lans
270 1502 70 27 bästa,
356 1508 48 16 som
421 1502 39 23 bör
475 1502 167 29 ifrågakomma.
673 1501 34 22 Då
723 1508 27 15 en
766 1502 25 21 så
805 1502 72 29 vigtig
893 1502 129 28 förändring

204 1530 99 29 föreslås,
314 1520 41 34 bör
366 1532 76 29 frågan
454 1533 97 28 allsidigt
562 1532 120 22 betraktas.
709 1532 67 22 Man
771 1533 25 20 är
806 1531 90 30 skyldig
906 1534 33 20 att
948 1531 72 29 fråga:
