1106 1823
443 119 84 19 Maalisk.
541 120 22 17 23
577 125 16 17 p.
851 122 39 19 551

104 174 124 21 remitterat
252 174 71 22 denna
346 174 134 28 proposition
502 174 32 22 till
551 174 217 22 ekonomiutskottet.
799 174 124 22 Ständerna

104 204 79 28 gjorde
199 204 38 22 det
253 204 70 28 enligt
338 205 46 21 min
399 204 73 26 tanke,
489 204 92 22 emedan
597 210 52 16 man
665 204 50 22 med
731 204 88 22 skatten
829 204 52 22 ville
892 204 30 22 in-

105 234 69 22 verka
194 233 28 29 på
244 240 28 16 en
287 234 85 28 näring,
388 240 27 16 en
431 240 54 22 gren
501 234 25 22 af
540 234 42 22 den
598 234 111 22 rllmänna
724 234 177 28 hushållningen,
916 234 7 22 i

104 264 150 28 sedlighetens
277 264 101 22 intresse,
400 264 41 22 och
462 270 25 16 ur
506 264 72 22 denna
593 264 114 28 synpunkt
723 266 93 20 var”aet
831 264 92 22 alldeles

104 294 76 28 riktigt
203 295 33 20 att
260 294 77 28 frågan
360 294 115 27 hänskjöts
499 294 33 22 till
553 294 217 22 ekonomiutskottet.
801 294 34 22 En
849 300 74 16 annan

108 323 39 23 sak
164 324 30 26 är,
212 324 110 22 huruvida
337 324 37 22 det
389 324 48 22 icke
453 324 57 22 hade
525 324 58 22 varit
598 324 59 22 ännu
672 324 112 28 riktigare,
795 323 28 23 då
833 324 43 22 den
887 323 36 23 nå-

108 354 50 28 diga
174 354 164 28 propositionen
353 354 74 22 talade
443 354 79 22 endast
537 360 35 16 om
588 354 43 22 den
646 354 60 22 skatt
721 354 55 22 eller
791 354 72 28 afgift,
875 360 48 16 som

104 384 73 22 skulle
198 384 34 22 för
254 384 213 28 bränvinsbränning
488 384 109 28 erläggas,
613 385 32 21 att
661 383 77 29 frågan
753 384 58 22 hade
825 384 98 22 remitte-

104 416 46 20 rats
166 414 33 21 till
215 414 212 22 ekonomiutskottet
441 414 42 22 och
493 415 127 21 sedermera
630 414 34 22 till
673 414 248 28 bevillningsutskottet.

103 444 44 22 För
168 444 45 22 min
233 444 36 22 del
284 445 46 21 tror
344 445 40 27 jag
400 445 32 21 att
447 444 61 22 detta
524 444 127 22 förfarande
667 444 57 22 hade
740 444 58 22 varit
813 444 110 28 sakenligt

104 474 48 26 och,
174 480 35 16 om
230 474 60 22 detta
306 475 25 21 är
346 475 50 26 rätt,
412 474 24 22 sä
451 474 41 22 bör
508 475 115 21 resultatet
638 474 70 22 blifva
724 475 39 25 att,
779 480 36 16 om
830 474 93 22 ständen

103 504 49 22 icke
176 504 75 22 kunna
275 504 78 22 förena
373 504 33 28 sig
422 510 36 16 om
474 505 32 21 ett
521 505 80 27 beslut,
617 504 68 22 saken
701 504 70 22 mäste
787 503 28 29 gä
829 504 34 22 till
879 503 42 23 för-

105 534 71 22 stärkt
199 534 224 29 bevillningsutskott.
455 534 43 28 Jag
521 534 69 22 måste
613 534 57 22 dock
692 535 55 27 säga
772 535 33 21 att
818 535 40 27 jag
873 534 49 22 icke

104 571 40 15 var
165 564 83 22 beredd
263 564 28 29 pä
307 566 33 21 att
356 564 77 28 frägan
448 565 6 21 i
471 565 74 22 denna
559 565 57 22 form
633 564 72 22 skulle
720 565 89 21 komma
824 571 45 22 upp
884 564 38 22 vid

104 594 61 23 detta
188 595 170 22 sammanträde.
390 595 43 28 Jag
456 595 108 22 erkänner
587 596 33 21 att
642 594 68 23 saken
726 594 107 29 möjligen
848 594 74 22 kunde

103 631 36 15 ses
162 625 66 22 ocksä
243 625 28 29 pä
288 626 32 21 ett
336 627 67 20 annat
418 626 50 21 sätt.
499 625 50 22 Men
565 625 7 22 i
587 625 45 22 alla
647 625 40 21 fall
702 630 53 17 vore
771 624 38 22 det
824 624 27 28 pä
866 624 55 27 skäl,

104 661 47 16 som
168 655 92 22 friherre
276 654 92 23 Palmén
384 655 80 27 anfört,
481 656 41 21 och
538 655 27 29 pä
581 655 38 22 det
634 656 33 20 att
683 662 50 15 man
749 661 29 16 nu
794 654 49 23 icke
854 654 68 22 måtte

102 685 54 22 råka
176 685 6 21 i
204 692 27 15 en
253 686 89 27 mycket
357 685 51 22 svår
423 685 145 29 förveckling,
583 685 106 28 rädligast
705 686 32 20 att
752 685 120 22 ständerna
888 684 34 22 för

104 715 71 22 denna
196 716 58 28 gäng
275 715 118 29 godkände
409 716 222 21 ekonomiutskottets
647 715 91 29 förslag.
754 715 85 22 hvilket
854 715 67 22 äfven

102 745 40 28 jag
158 745 34 22 för
207 746 46 21 min
268 746 36 21 del
320 745 70 22 mäste
406 751 53 16 anse
474 752 54 15 vara
544 745 120 29 uppgjordt
679 745 28 28 pä
722 744 81 29 riktiga
817 745 104 28 grunder.

175 775 122 23 Professori
314 774 88 23 Palmén:
433 775 58 22 Minä
502 776 79 28 pyysin
592 776 173 28 puheenvuoroa
774 775 90 22 lähinnä
874 781 47 16 saa-

103 805 91 22 dakseni
217 806 67 22 tehdä
309 806 162 22 muistutuksen
493 805 120 29 professori
634 805 149 22 Bonsdorff'in
797 805 124 22 lausunnon

100 836 110 28 johdosta.
243 836 124 22 Mielestäni
388 836 20 21 ei
423 835 35 22 ole
474 836 147 28 sopimatonta
637 836 65 27 pelko
718 836 46 21 että
781 835 80 28 säädyt
876 835 44 21 voi-

103 866 57 22 sivat
176 866 112 22 tahallaan
304 866 67 22 tehdä
387 865 98 23 liikoihin
501 866 101 22 meneviä
618 865 115 29 päätöksiä
744 865 124 22 tullakseen
879 865 43 22 sitä

102 896 54 22 tietä
177 896 89 28 myöten
286 896 116 22 otolliseen
417 896 191 29 lopputulokseen.
625 896 70 21 koska
711 901 34 16 me
762 895 159 22 valitettavasti

103 927 119 21 tiedämme
247 927 46 21 että
308 927 89 21 ainakin
412 926 67 22 viime
494 926 158 29 valtiopäiväin
667 926 165 28 loppupuolella
849 931 72 16 mene-

102 957 73 21 tettiin
191 956 49 22 sillä
256 956 60 22 lailla
332 957 83 21 eräissä
430 956 115 28 säädyissä
560 956 271 28 rautatiekysymyksissä.
862 955 59 22 Kiel

102 987 94 20 tämättä
216 992 28 15 on
265 986 98 22 tässäkin
387 986 116 21 suhteessa
518 985 119 23 huomioon
653 987 98 20 otettava
767 986 46 21 että
828 985 93 22 inhimil-

102 1016 50 21 liset
175 1016 136 21 heikkoudet
334 1016 145 26 vaikuttavat,
503 1016 57 21 enkä
582 1015 74 22 luulisi
679 1015 129 22 lausuneeni
832 1015 88 27 mitään,

100 1045 54 28 joka
170 1045 48 22 olisi
234 1046 167 21 loukkauksena
416 1046 88 27 säätyjä
519 1047 99 20 vastaan.
630 1058 25 2 —
665 1045 122 22 Professori
800 1045 122 22 Donner'in

102 1075 122 28 selityksen
246 1076 104 27 johdosta
373 1076 51 21 voin
447 1075 166 22 konstateerata
636 1076 47 21 että
701 1075 43 22 hän
767 1075 66 22 aivan
848 1075 73 22 oikein

102 1106 130 26 huomautti,
256 1106 98 21 mitenkä
374 1107 60 20 tämä
457 1112 52 15 vero
526 1105 88 28 aikojen
630 1105 105 22 kuluessa
751 1111 28 16 on
795 1105 125 22 muodostu-

103 1137 48 21 nut;
168 1136 42 21 sitä
226 1136 87 22 vastoin
328 1136 80 28 täytyy
424 1135 76 22 minun
516 1136 115 21 vastustaa
647 1136 72 21 hänen
737 1135 127 27 ajatustaan
876 1136 46 20 että

102 1166 60 21 tämä
184 1166 46 21 asia
251 1166 98 22 saattaisi
367 1166 79 21 mennä
461 1167 152 26 enennettyyn
629 1165 232 22 valtiovaliokuntaan.
893 1164 27 22 V.

102 1195 36 23 J:n
160 1198 26 19 72
208 1196 57 27 &:ssä
281 1196 61 28 kyllä
357 1196 114 27 puhutaan
486 1196 69 21 asiain
569 1195 150 28 jättämisestä
735 1196 126 26 enennetyn
876 1194 45 22 val-

103 1226 181 22 tiovaliokunnan
306 1225 177 27 ratkaistavaksi,
499 1227 78 25 mutta,
593 1225 76 22 mikäli
684 1225 59 22 minä
759 1225 51 21 voin
825 1226 96 26 ymmär-

102 1256 44 27 tää,
167 1256 128 22 ainoastaan
310 1256 42 21 sitä
368 1257 103 27 tapausta
486 1257 77 20 varten
580 1255 92 22 etteivät
687 1255 80 28 säädyt
783 1254 35 22 ole
833 1255 89 21 voineet

103 1286 71 27 yhtyä
189 1286 159 28 yhtäpitävään
364 1286 135 27 päätökseen
517 1285 229 27 ,rahamääräyksistä
757 1285 111 22 erinäisiin
878 1286 43 20 tar-

102 1315 139 22 koituksiin*.
272 1315 119 26 Ruotsiksi,
413 1315 54 28 joka
490 1315 52 21 kieli
564 1315 61 21 tässä
645 1314 88 22 kohden
755 1320 28 16 on
799 1314 122 28 alkuperäi-

102 1346 54 21 senä
178 1345 121 28 pidettävä,
323 1345 84 22 kuuluu
431 1351 24 15 se
471 1345 75 22 kohta:
578 1344 81 22 Kunna
674 1344 103 28 samtliga
793 1344 63 22 ständ
872 1344 49 22 icke

103 1375 77 22 förena
196 1376 34 27 sig
246 1375 6 21 i
268 1374 240 23 sammanstämmande
526 1375 72 21 beslut
613 1374 114 28 angående
743 1374 78 28 anslag
832 1374 35 22 för
877 1375 44 21 sär-

104 1405 71 22 skilda
201 1405 122 21 ändamål".
358 1405 178 27 ,Rahamääräys
563 1404 111 22 erinäisiin
700 1403 222 30 tarkoituksiin*iton

102 1435 66 21 toista
184 1435 52 21 kuin
253 1440 68 16 veron
337 1435 170 21 määrääminen.
539 1435 70 21 Tämä
625 1434 121 22 omituinen
761 1434 161 22 ristiriitaisuus

102 1464 60 21 tulee
178 1464 50 21 siitä
244 1465 46 20 että
305 1464 162 27 perustuslakia
483 1464 113 21 tehtäessä
611 1464 21 20 ei
649 1464 34 20 ole
697 1462 108 28 ajateltu;
816 1458 105 37 mahdolli

102 1493 59 22 seksi
178 1494 46 20 että
240 1493 97 22 Suomen
353 1493 80 27 säädyt
448 1493 91 21 saisivat
555 1493 105 21 äänestää
676 1492 94 22 mistään
787 1494 87 20 muusta
885 1498 36 16 ve-

102 1524 60 22 rosta
185 1523 52 22 kuin
262 1524 211 21 suostuntaverosta.
507 1522 89 22 Kuinka
619 1522 60 22 asiaa
702 1522 150 28 ajatteleekin,
876 1522 45 22 niin
