1109 1814
220 134 43 18 670
361 126 3 3 N
535 130 76 18 Huhtik.
626 131 7 15 1
648 135 12 17 p

190 184 188 21 suullisessakaan
404 183 167 21 keskustelussa
598 182 181 27 valiokunnassa,
805 182 59 22 vielä
887 183 124 27 oudompaa

190 214 47 20 että
260 219 28 15 ne
306 213 128 21 lähetetään
453 212 87 28 ympäri
562 212 108 28 säädyille
686 212 146 22 ihaeltaviksi.
864 212 59 21 Minä
938 218 72 22 panen

190 242 63 28 myös
268 242 156 22 vastalauseen
440 242 129 28 perustelua
584 243 100 21 vastaan.

260 272 76 28 Piispa
358 269 99 29 Räbergh:
480 271 78 22 Säsom
575 272 87 22 ständet
678 271 40 22 har
734 273 44 20 sett
794 272 22 21 af
832 272 44 21 den
892 271 68 22 första
976 277 33 16 re-

190 302 148 26 servationen,
357 302 41 22 har
412 302 40 27 jag
466 301 50 22 icke
531 302 85 21 kunnat
632 301 119 29 godkänna
766 302 27 21 de
809 302 75 25 motiv,
901 301 109 22 utskottet

190 332 112 22 framstält
317 332 41 21 och
375 331 75 22 derför
465 331 51 21 sökt
531 331 71 22 uttala
617 332 27 21 de
660 331 104 27 grunder,
780 331 28 28 pä
823 331 76 22 hvilka
912 331 40 28 jag
968 331 42 22 och

189 361 69 23 äfven
280 362 76 26 andra,
380 368 47 15 som
450 361 162 22 undertecknat
627 361 166 22 reservationen
808 367 36 16 n:o
862 364 19 23 1,
896 360 61 22 stödt
972 361 38 21 sitt

190 390 138 24 förhållande
350 391 34 21 till
407 391 146 22 förevarande
579 390 68 29 fråga.
678 390 43 28 Jag
744 391 44 21 kan
810 391 76 22 derför
904 390 49 22 icke
969 391 41 21 och

190 421 39 22 vill
245 420 49 22 icke
310 421 70 21 heller
395 421 7 21 i
418 420 72 29 någon
506 420 68 22 måtto
586 420 101 22 försvara
699 421 119 21 utskottets
830 420 124 29 pluralitets
966 427 44 15 mo-

190 450 98 28 tivering
302 450 7 22 i
325 450 75 22 saken.
432 450 43 28 Jag
490 450 39 22 vill
544 450 57 22 blott
616 451 82 22 nämna
712 452 32 20 att
755 450 73 22 denna
839 450 132 28 motivering
981 463 28 2 —

189 480 73 22 såsom
288 480 187 28 motiveringarna
493 480 7 21 i
519 480 122 22 allmänhet
663 493 25 3 —
707 481 69 21 rättat
794 480 34 28 sig
847 481 58 21 efter
921 480 43 22 den
979 480 31 22 di-

189 510 111 26 skussion,
316 516 48 16 som
382 510 100 22 förekom
498 510 60 21 inom
574 510 108 22 utskottet
698 510 41 22 och
756 510 115 28 uppburits
887 510 25 22 af
926 510 84 22 utskot-

189 542 44 20 tets
249 540 79 22 flertal.
359 540 70 22 Detta
445 541 25 21 är
485 539 94 23 orsaken
595 540 33 21 till
644 541 33 21 att
692 540 66 22 dessa
774 540 88 28 uttryck
876 540 133 26 tillkommit,

188 570 78 23 hvilka
281 570 41 28 jag
336 570 50 22 icke
401 570 85 22 kunnat
502 570 53 28 gilla
570 570 42 22 och
628 570 87 22 hvilkas
726 570 120 29 anstötliga
856 570 104 22 karakter
970 570 41 28 jag

189 601 131 28 medgifver.
352 600 32 22 På
400 600 84 29 frågan,
500 600 91 22 hvarför
606 600 109 22 utskottet
730 600 48 22 icke
789 600 86 22 kunnat
885 600 77 22 förena
976 600 35 28 sig

189 637 37 15 om
242 631 28 21 de
285 630 77 26 motiv,
379 630 42 21 den
438 630 70 22 första
523 630 166 22 reservationen
705 630 128 27 innehåller,
845 631 39 21 vill
893 631 40 27 jag
943 636 66 16 svara

190 662 32 20 att
245 661 120 21 utskottets
388 660 69 22 motiv
478 659 146 23 framkallade
643 660 73 22 denna
731 661 69 21 första
816 660 136 22 reservation
968 660 41 22 och

190 689 27 22 då
234 691 65 21 dessa
314 690 70 21 motiv
400 690 25 21 af
438 690 120 21 utskottets
574 690 114 27 pluralitet
704 690 135 27 godkändes,
855 690 25 21 så
894 690 76 22 blefvo
981 690 29 22 de

188 719 92 22 stående
294 720 8 21 i
318 719 156 22 betänkandet.

260 749 64 22 Hvad
340 749 82 27 sjelfva
438 749 69 22 saken
523 748 74 29 angår,
613 749 41 28 gör
670 749 37 22 det
719 750 44 27 mig
775 749 53 22 ondt
839 751 33 20 att
882 750 48 21 icke
940 750 68 22 hafva

190 779 86 21 kunnat
294 779 62 28 gifva
375 779 147 27 petitionären
538 779 39 22 allt
593 779 37 21 det
646 779 120 22 understöd
780 780 40 27 jag
835 779 66 27 velat,
919 786 50 15 men
984 780 27 21 af

190 809 57 26 skäl,
271 815 47 15 som
340 809 40 28 jag
396 809 7 20 i
424 809 70 21 första
515 809 168 21 reservationen
698 809 51 21 sökt
769 809 129 26 framställa,
915 816 40 15 var
970 810 39 21 det

191 838 46 28 mig
252 839 103 28 omöjligt
370 839 33 20 att
418 838 54 28 göra
488 839 68 26 detta,
572 838 94 22 emedan
679 839 41 27 jag
734 839 49 21 icke
793 839 45 22 kan
848 845 54 15 anse
913 841 33 20 att
956 845 53 16 man

191 874 79 22 genom
295 874 28 16 en
346 868 67 22 sådan
432 868 240 28 förbudslagstiftning,
693 874 47 16 som
758 869 42 21 här
815 868 133 29 föreslagits,
965 869 44 22 kan

190 897 28 22 nå
234 898 37 21 det
286 898 58 28 goda
360 898 41 22 och
416 898 7 21 i
440 898 34 28 sig
490 899 50 21 fullt
550 898 140 27 berättigade
701 898 50 27 mål,
762 898 90 22 hvartill
862 899 148 27 petitionären

190 928 78 27 syftar.

260 957 40 22 Att
318 958 109 21 utskottet
442 957 50 22 icke
507 957 28 28 på
550 964 86 15 samma
652 957 58 28 gång
726 959 84 27 upptog
824 958 34 22 till
873 958 135 29 behandling

190 987 44 22 alla
250 987 80 28 frågor,
349 993 48 16 som
413 987 33 21 stå
462 987 6 21 i
484 988 161 27 sammanhang
664 987 51 22 med
732 988 72 21 denna
820 988 68 28 fråga,
904 988 66 22 beror
985 989 26 21 af

189 1017 54 22 flere
262 1017 195 28 omständigheter.
489 1017 9 21 I
514 1019 33 19 ett
566 1017 85 22 utskott
667 1017 74 21 kunna
757 1017 47 22 ofta
819 1018 49 21 icke
883 1018 54 21 flere
952 1018 54 27 peti-

189 1046 73 22 tioner
282 1046 27 28 på
328 1052 27 15 en
376 1046 58 28 gång
449 1047 64 26 tagas
529 1047 34 21 till
578 1046 142 28 behandling,
736 1047 94 21 emedan
846 1047 43 22 den
904 1047 39 26 tid,
960 1053 48 16 som

190 1076 62 28 åtgår
266 1076 34 21 till
316 1078 32 20 att
364 1076 122 22 öfversätta
502 1076 50 22 dem
569 1076 32 22 till
618 1077 38 21 det
671 1076 69 22 andra
756 1077 157 22 modersmålet
923 1077 41 21 och
975 1079 33 19 att

189 1106 79 28 trycka
287 1106 58 26 dem,
362 1106 120 28 vanligtvis
498 1107 24 20 är
537 1106 77 28 längre
630 1107 28 21 än
675 1112 51 16 man
742 1106 72 22 skulle
830 1107 76 21 önska.
938 1106 66 22 Dess-

191 1138 61 20 utom
272 1137 96 27 upptogs
389 1136 72 21 denna
479 1136 92 27 petition
588 1136 33 21 till
637 1136 136 28 behandling
788 1136 70 22 under
874 1143 28 15 en
918 1136 90 22 mellan-

188 1166 39 26 tid,
246 1165 28 22 då
294 1165 108 22 utskottet
421 1166 57 21 hade
496 1166 100 27 ledighet
612 1166 49 21 från
676 1166 69 22 andra
761 1165 80 29 frågor,
858 1166 76 22 hvilka
949 1166 57 22 hade

189 1195 102 29 upptagit
314 1201 27 16 en
362 1195 78 28 längre
463 1196 39 21 tid.
534 1196 42 21 Till
597 1196 120 21 utskottets
737 1196 135 28 behandling
888 1196 120 28 föreligger

188 1226 59 20 ännu
263 1225 68 22 bland
346 1227 68 19 annat
430 1225 92 28 petition
538 1231 36 16 om
590 1225 140 29 lagstiftning
746 1225 6 21 i
768 1226 106 21 afseende
890 1226 12 21 å
913 1226 94 22 minder-

188 1254 72 28 årigas
279 1255 146 21 användande
441 1255 7 21 i
464 1255 108 21 särskilda
591 1255 158 28 handteringar
766 1255 40 21 och
826 1255 37 22 vid
878 1255 129 22 behandlin-

188 1290 44 22 gen
248 1285 26 21 af
287 1284 73 21 denna
376 1284 62 28 fråga
454 1284 99 22 kommer
569 1285 109 21 utskottet
693 1285 47 21 helt
750 1284 100 30 visst
820 1280 37 38 att
860 1285 57 27 ånyo
928 1285 79 22 beröra

188 1314 28 21 de
237 1314 195 28 omständigheter,
453 1314 93 22 hvarom
567 1314 40 22 här
622 1314 58 22 varit
696 1314 70 28 fråga.
797 1314 137 22 Afvenledes
950 1315 56 21 före-

188 1344 72 26 ligger
279 1343 34 21 till
333 1344 120 20 utskottets
473 1344 135 27 behandling
623 1350 28 14 en
667 1344 63 27 fräga
746 1350 36 15 om
797 1345 45 19 rätt
858 1344 34 21 för
907 1344 99 21 kommu-

187 1378 70 16 nerna
272 1374 33 20 att
320 1372 8 21 i
343 1372 60 21 vissa
418 1372 40 22 fall
474 1373 42 21 och
531 1372 71 22 under
618 1373 60 21 vissa
690 1373 184 27 förutsättningar
885 1373 121 22 inskränka

187 1402 159 28 minderärigas
364 1403 45 20 rätt
427 1403 33 20 att
481 1402 53 22 idka
549 1402 88 22 handel.
668 1402 80 22 Denna
764 1402 64 28 fräga
842 1403 25 21 är
882 1404 60 20 ännu
957 1403 49 21 icke

187 1432 96 28 afgjord,
306 1432 95 22 emedan
423 1432 109 22 utskottet
552 1432 103 22 inväntar
676 1432 122 22 statistiska
813 1432 58 28 data,
887 1432 29 28 pä
930 1432 76 22 hvilka

187 1462 109 22 utskottet
318 1462 86 28 hoppas
426 1462 76 22 kunna
524 1462 76 29 bygga
624 1462 34 22 sin
681 1462 135 29 behandling
838 1462 7 22 i
866 1463 62 22 detta
951 1463 55 22 sista

187 1492 123 29 spörjsmäl.
343 1492 68 22 Detta
429 1492 41 22 har
486 1493 40 28 jag
546 1492 120 23 framhållit
681 1493 7 21 i
704 1493 120 29 anledning
840 1493 25 22 af
878 1494 28 21 de
922 1494 84 28 yttran-
