1109 1820
217 134 41 19 642
424 135 2 3 |
516 129 87 19 Maalisk.
617 131 23 17 30
651 134 18 18 p.

254 184 72 22 Herra
341 184 113 21 Puhemies:
470 184 40 21 Jos
525 183 122 27 ymmärsin
662 183 121 27 professori
792 183 123 22 Donner'in
925 182 82 26 oikein,

186 214 21 22 ei
223 214 120 28 professori
359 213 101 22 vaatinut
475 214 129 26 äänestystä
619 213 61 21 tässä
695 213 90 21 asiassa.

255 243 123 22 Professori
393 243 88 21 Donner:
497 242 52 22 Icke
560 242 39 22 vill
607 242 40 28 jag
658 242 105 22 fasthälla
773 242 44 22 den
827 241 180 29 nödvändigtvis.

255 272 72 23 Herra
349 272 114 22 Puhemies:
487 272 64 22 Ehkä
570 272 65 28 sääty
650 272 53 22 vain
717 273 67 21 antaa
799 272 76 22 tämän
891 271 116 23 keskuste-

186 304 39 22 lun
240 303 97 22 ilmaista
352 302 162 28 mielipiteensä
528 302 91 22 asiassa.

256 362 177 28 Hyväksymällä
458 362 65 22 herra
551 361 153 22 Puhemiehen
728 361 106 22 tekemän
859 360 148 28 ehdotuksen,

187 392 60 28 päätti
263 392 58 28 sääty
337 392 63 22 antaa
415 391 130 23 keskustelun
557 391 40 22 olla
607 390 138 22 vastauksena
755 391 187 28 puheenalaiseen
952 391 56 22 koh-

185 425 54 19 taan
254 422 95 22 nähden.

257 481 143 22 Mietinnössä
414 481 121 27 käsitellyn
551 479 196 23 asetusehdotuksen
764 480 13 21 8
793 479 20 29 8.

259 540 127 22 Keskustelu:

257 599 124 23 Professori
398 599 86 22 Donner:
499 599 77 28 Enligt
590 599 104 28 gällande
710 599 97 28 banklag
822 599 26 22 af
861 599 44 22 den
922 602 26 19 10
959 599 47 28 Maj

188 633 57 20 1886
269 629 44 23 stär
334 630 38 21 det
394 630 104 21 senatens
522 629 271 28 ekonomiedepartement
814 629 48 22 fritt
882 630 34 21 att
935 630 70 21 ordna

186 661 106 26 tillsynen
307 659 64 22 öfver
387 659 192 28 privatbankerna.
610 659 51 21 Den
672 659 151 28 formulering,
834 659 13 26 $
859 661 12 19 8
882 659 8 22 i
900 659 105 28 gällande

186 690 98 28 banklag
299 689 47 27 har,
363 689 24 21 är
404 689 65 28 gjord
485 689 26 21 af
525 691 57 19 1884
597 688 36 22 års
648 688 149 22 bankkomit6.
829 689 80 22 Denna
922 689 85 22 komit&

186 721 73 26 hyste,
280 719 79 22 liksom
380 719 67 21 äfven
467 718 99 22 komiten
581 719 27 21 af
622 721 64 24 1896,
703 718 42 21 den
761 718 143 29 uppfattning
919 720 33 20 att
967 719 39 22 det

187 750 35 21 för
245 749 105 28 tillsynen
373 748 64 22 öfver
460 748 187 28 privatbankerna
663 748 41 21 och
720 748 125 22 kontrollen
860 748 64 22 öfver
940 749 65 22 deras

187 779 144 22 verksamhet
341 784 54 16 vore
405 778 128 28 lämpligast
543 779 34 20 att
587 784 28 15 en
625 784 130 21 gemensam
765 778 157 22 bankkontroll
933 779 72 21 skulle

186 809 90 22 införas.
307 808 10 22 I
333 808 234 22 öfverensstämmelse
590 807 92 22 härmed
706 807 107 22 affattade
829 808 67 22 äfven
907 809 43 21 den
961 809 44 22 för-

187 841 35 20 sta
236 838 99 23 komiten
351 839 33 21 sin
401 838 144 27 formulering
561 838 26 22 af
599 837 81 22 nämde
695 838 108 27 paragraf
815 838 26 21 sä
857 844 48 16 som
921 838 42 22 den
974 839 31 22 in-

187 869 39 28 gär
241 869 8 22 i
264 869 73 27 lagen.
367 867 36 22 Dä
417 868 122 28 kejserliga
557 869 93 20 senaten
669 867 38 22 det
725 867 92 22 oaktadt
832 875 30 15 nu
879 868 129 29 förelägger

187 899 120 21 ständerna
323 904 27 15 en
366 898 124 27 detaljerad
506 897 182 28 omformulering
704 898 25 21 af
743 897 73 22 denna
826 899 111 27 paragraf,
949 898 58 22 före-

188 929 65 21 faller
273 928 38 22 det
332 927 72 22 säsom
420 927 73 22 skulle
509 927 61 22 detta
585 927 69 22 hafva
670 927 60 21 skett
745 927 26 22 af
784 933 27 16 en
827 928 46 22 viss
888 928 119 28 uppmärk-

187 959 88 21 samhet
289 958 115 28 gentemot
419 958 126 21 ständerna.
577 957 34 28 Ty
627 956 27 22 dä
669 959 93 19 senaten
777 964 40 15 var
832 958 126 28 berättigad
974 960 33 20 att

187 990 54 20 utan
257 988 130 22 ständernas
403 986 98 23 hörande
517 987 69 21 ordna
602 986 186 23 bankkontrollen
804 986 72 23 såsom
887 988 43 21 den
940 994 66 16 anser

187 1018 36 22 för
245 1018 61 28 godt,
326 1024 41 14 var
387 1017 39 21 det
441 1018 27 27 ju
484 1016 91 28 onödigt
589 1018 34 20 att
637 1016 139 22 öfverlemna
791 1018 93 21 ärendet
898 1018 34 21 till
947 1019 61 21 stän-

187 1048 80 22 dernas
291 1047 128 28 afgörande.
450 1046 51 22 Man
523 1047 45 21 kan
589 1047 49 21 icke
652 1047 61 21 finna
730 1046 68 28 något
819 1049 68 20 annat
902 1048 105 22 särskildt

187 1078 70 21 motiv
280 1077 33 21 till
337 1078 33 20 att
392 1077 72 21 denna
484 1077 108 27 paragraf
609 1076 74 22 blifvit
703 1076 90 28 intagen
809 1077 7 21 i
831 1076 80 28 nädiga
926 1083 79 22 propo-

187 1108 95 21 sitionen
297 1108 28 20 än
341 1106 168 28 bestämningen
528 1106 3 21 i
548 1112 65 16 mom.
630 1108 13 19 2
660 1106 114 28 angående
790 1107 38 21 det
843 1107 87 28 belopp,
942 1108 65 21 hvar-

187 1137 51 22 med
253 1136 158 28 privatbanker
426 1136 54 22 böra
496 1136 93 28 bidraga
603 1136 35 22 till
653 1136 117 22 aflönande
785 1137 26 21 af
819 1136 87 28 publikt
917 1136 89 22 ombud.

186 1167 39 21 Ett
240 1168 68 20 annat
323 1166 70 22 motiv
408 1172 40 15 var
464 1166 115 26 mähända,
595 1167 34 20 att
644 1168 92 19 senaten
751 1166 54 21 ville
820 1166 7 22 i
842 1167 164 27 propositionen

187 1197 62 27 gifva
269 1202 28 16 en
312 1195 138 29 äskädligare
469 1196 164 27 framställning
648 1196 30 25 af,
694 1196 57 21 huru
767 1196 43 21 den
826 1196 69 28 ansäg
909 1196 98 22 kontrol-

186 1226 37 22 len
239 1226 54 21 böra
314 1226 81 21 ordnas
411 1225 35 22 för
461 1226 44 20 den
520 1225 106 21 händelse
641 1226 34 20 att
689 1225 170 29 bestämningen
874 1226 7 21 i
898 1226 106 28 följande,

189 1259 25 18 11
237 1256 19 26 8,
276 1255 125 27 upphäfdes
425 1255 114 27 angående
563 1255 43 21 den
625 1254 176 26 öfversäkerhet,
817 1261 47 16 som
882 1255 39 22 bör
936 1256 70 21 under

186 1285 88 28 publikt
289 1284 93 21 ombuds
399 1285 75 20 förvar
489 1284 114 21 nedsättas
620 1283 35 22 för
665 1284 141 28 utgifvandet
815 1285 27 21 af
850 1285 152 28 obligationer.

258 1314 44 21 För
323 1314 44 21 min
387 1314 36 21 del
445 1314 106 21 omfattar
568 1314 40 27 jag
623 1313 44 22 den
682 1314 72 27 tredje
769 1315 167 21 reservationen
952 1314 55 22 eller

187 1344 80 27 nådiga
289 1343 176 27 propositionens
488 1343 173 27 bestämningar,
685 1343 94 22 emedan
801 1343 114 22 desamma
935 1345 70 25 enligt

187 1373 45 21 min
255 1372 143 27 uppfattning
421 1372 106 21 innebära
551 1373 32 19 ett
605 1372 96 27 verkligt
723 1372 107 28 framsteg
848 1372 7 21 i
871 1372 106 22 afseende
994 1372 13 22 å

186 1402 106 26 tillsynen
315 1401 64 21 öfver
401 1401 164 27 privatbanker.
597 1401 34 27 Ty
646 1401 70 21 nekas
731 1401 45 21 kan
791 1401 48 22 icke
856 1403 33 19 att
899 1402 107 28 åtskilligt

186 1432 71 21 under
277 1437 79 15 senare
372 1430 24 22 år
412 1430 148 28 förekommit,
576 1437 48 15 som
640 1431 95 27 antyder
750 1432 33 21 att
798 1432 73 22 denna
886 1432 96 22 kontroll
997 1432 8 22 i

187 1462 38 21 det
240 1462 111 20 närmaste
373 1461 58 21 varit
445 1461 26 21 af
485 1460 45 22 noll
546 1461 41 21 och
602 1461 56 21 intet
673 1461 75 22 värde.
780 1461 51 23 Men
847 1462 37 22 det
900 1462 40 22 har
955 1462 50 22 icke

186 1492 90 22 nedfört
297 1491 70 28 några
386 1490 69 23 vådor
473 1491 55 21 eller
547 1491 149 28 olägenheter,
719 1492 95 22 emedan
833 1492 28 22 de
876 1492 130 22 nuvarande

187 1522 188 28 privatbankerna
397 1521 74 22 blifvit
493 1520 74 23 skötta
590 1521 51 22 med
665 1527 88 23 omsorg
774 1522 41 22 och
831 1522 175 22 sakkännedom.
