1103 1828
224 136 43 19 432
523 131 87 19 Maalisk.
624 132 23 17 12
659 136 17 18 p.

190 187 50 21 että
259 186 45 22 hän
327 186 86 28 erehtyi
436 185 181 34 paikkakunnan
629 186 78 27 ajasta.
738 184 43 22 Voi
801 184 63 29 kyllä
881 190 69 16 sanoa
965 185 48 22 että

193 217 61 21 tässä
276 216 89 22 kohden
385 222 28 16 on
431 215 103 28 jokaisen
554 215 46 22 asia
618 216 60 27 pitää
696 215 76 22 vaari
779 215 79 27 ajasta,
878 215 45 21 kun
944 214 69 22 tietää

193 246 141 22 minkälaiset
349 246 46 22 olot
411 247 58 20 ovat.
493 244 132 23 Tiettävästi
640 251 29 16 on
684 244 115 23 kuitenkin
814 246 109 27 syntynyt
933 242 78 31 paljon:

193 276 134 28 erehdyksiä
344 276 25 28 ja
387 275 54 23 niitä
458 275 76 23 voikin
553 275 161 23 luonnollisesti
734 275 70 27 hyvin
819 274 95 29 helposti
929 276 82 27 syntyä

194 306 83 22 milloin
300 306 100 22 tahansa.
432 305 52 23 Kun
506 305 115 28 ajattelee,
643 305 83 22 kuinka
748 305 137 22 monellaisia
909 305 103 22 erinäisiä

193 336 104 28 tarkkoja
319 336 125 27 toimintoja
466 342 29 16 on
517 335 117 26 olemassa,
653 335 63 28 jotka
736 335 100 22 vaativat
850 335 95 22 tarkkaa
960 335 52 28 ajan

193 366 75 26 tietoa,
287 366 46 22 niin
352 367 108 26 täytynee
480 365 105 28 myöntää
602 366 48 21 että
669 365 107 28 yhteinen
795 365 114 22 keskiaika
930 371 29 16 on
974 366 39 27 hy-

194 396 76 22 vinkin
285 395 152 29 tarpeellinen.
462 395 52 22 Mitä
529 395 71 22 siihen
615 395 60 22 tulee
691 396 47 21 että
753 395 49 22 olisi
813 395 129 22 odotettava
952 395 60 27 siksi;

194 426 46 22 kun
259 426 95 21 voidaan
375 425 68 22 saada
461 425 137 28 käytäntöön
613 425 158 28 itä-Euroopan
786 425 121 27 keskiaika,
923 425 46 22 niin
985 431 29 16 on

194 456 156 22 huomautettu
369 457 46 20 että
434 456 61 21 tämä
510 455 20 21 ei
546 455 66 22 aivan
626 455 53 28 pian
694 455 65 22 voine
774 455 56 22 tulla
844 455 100 28 yleiseen
960 455 53 28 käy-

194 486 91 22 täntöön
299 486 25 27 ja
339 487 48 20 että
401 485 101 22 sentakia
517 491 29 16 on
561 485 99 28 parempi
676 486 47 21 että
738 485 75 22 meillä
828 485 97 22 saadaan
936 485 75 22 väliai-

193 517 56 21 sesti
271 515 143 27 semmoinen,
434 515 54 29 joka
510 515 69 28 hyvin
600 515 62 28 kyllä
676 515 69 28 sopisi
759 515 90 22 meidän
864 515 147 22 maallemme.

193 546 41 22 Jos
249 547 84 27 syntyy
351 545 119 28 epäkohtia
485 552 39 15 sen
538 545 111 28 johdosta,
665 546 47 21 että
728 545 74 22 meillä
818 551 28 16 on
861 545 75 22 toinen
951 546 61 27 ajan-

195 576 64 22 lasku
270 576 53 22 kuin
333 575 204 28 naapureillamme,
548 575 46 22 niin
604 575 54 22 kuin
668 575 120 29 professori
799 575 120 23 Bonsdorff
926 575 88 29 pelkää,

195 606 46 22 niin
256 606 85 35 tietysti
357 606 96 22 tällaiset
468 605 126 29 epäkohdat
610 607 52 21 ovat
673 605 58 22 vielä
745 607 166 21 tuntuvammat
926 612 88 16 omassa

196 643 94 19 maassa,
305 637 62 27 jossa
385 635 115 22 kuitenkin
515 636 76 22 kaikki
606 636 136 22 kansalaiset
757 637 53 21 ovat
823 636 191 28 jokapäiväisessä

195 666 137 35 yhteydessä
347 666 145 26 keskenänsä,
510 665 54 22 kuin
579 672 39 15 sen
634 665 71 28 sijaan
720 665 186 29 harvinaisempia
920 666 94 28 välityk-

194 696 35 22 siä
244 702 29 16 on
288 696 158 21 suomalaisten
460 695 24 28 ja
500 695 177 28 naapurivaltain
693 696 82 22 välillä.

267 721 124 43 Professori
415 724 89 36 Palmén:
534 726 53 34 Pyy
586 725 43 22 dän
653 726 137 35 ainoastaan.
807 726 67 34 saada
893 722 122 42 kannattaa

196 785 71 27 aikaa,
283 785 96 28 rajoitan
395 785 120 28 esitykseni
531 785 73 22 tähän.

262 799 129 48 Professori
414 814 113 27 Runeberg:
557 814 88 29 Frägan
660 821 36 16 om
712 815 117 22 införande
844 815 27 22 af
883 821 28 16 en
926 821 89 22 gemen-

196 851 49 16 sam
260 845 106 22 medeltid
382 844 35 23 för
431 845 94 22 Finland
541 845 44 22 kan
599 844 121 29 ingalunda
736 851 65 16 anses
816 851 55 16 vara
886 845 26 22 af
924 851 92 22 synner-

196 875 60 28 ligen
271 874 140 23 brädskande
431 876 34 20 art
481 875 54 21 eller
550 875 26 22 af
588 875 125 28 synnerligt
727 876 47 21 stor
789 875 54 28 vigt.
870 875 50 22 Men
936 875 38 22 det
989 876 25 21 är

196 905 59 22 klart
269 906 34 20 att
319 904 37 22 det
371 905 25 21 är
411 910 29 16 en
455 905 89 26 reform,
561 911 48 16 som
626 904 69 22 mäste
710 911 66 16 anses
792 905 111 22 önskvärd
919 905 42 22 och
974 905 42 22 blir

196 935 41 22 allt
257 941 48 16 mer
325 934 110 23 önskvärd
454 935 26 27 ju
504 941 60 16 mera
580 934 246 23 kommunikationerna
841 935 116 22 utvecklas
974 935 42 22 och

195 965 134 28 beröringen
353 965 81 21 mellan
458 965 100 21 enskilda
581 966 60 20 orter
662 964 9 22 i
693 965 77 22 landet
792 965 43 22 blir
857 965 94 28 lifiigare
974 965 41 22 och

197 995 76 22 större.
305 993 72 30 Nägot
401 994 55 27 skäl,
472 1001 48 16 som
538 994 73 23 skulle
626 995 46 21 tala
688 996 46 21 mot
748 995 185 28 genomförandet
949 995 26 22 af
988 1001 28 16 en

197 1025 63 28 dylik
282 1024 85 29 ätgärd,
390 1024 62 22 torde
476 1025 37 21 väl
536 1025 48 22 icke
608 1025 70 21 heller
694 1025 74 22 kunna
784 1025 90 22 anföras
889 1025 42 22 och
947 1025 70 22 mäste

197 1055 93 22 sälunda
306 1055 72 21 denna
394 1055 82 21 reform
493 1055 113 22 betraktas
621 1055 74 22 säsom
710 1061 28 16 en
754 1055 112 22 önskvärd
880 1056 83 21 reform
975 1056 41 21 och

197 1084 122 22 Önskvärdt
334 1086 34 19 att
383 1085 43 20 den
442 1084 112 28 snarligen
569 1085 149 27 genomföres,
735 1085 27 21 dä
777 1091 31 15 nu
823 1085 69 21 redan
907 1085 109 21 särskilda

198 1116 59 20 orter
272 1114 7 21 i
295 1113 75 23 landet
386 1114 85 28 antagit
487 1120 128 22 gemensam
632 1114 111 26 medeltid,
756 1114 70 22 ehuru
837 1114 78 28 lagligt
926 1114 90 22 berätti-

197 1144 73 28 gande
286 1143 75 23 härtill
377 1144 109 28 knappast
502 1144 62 21 torde
580 1150 55 16 vara
651 1144 129 22 förhanden.

269 1174 50 22 Den
334 1174 58 22 enda
408 1173 68 29 fräga,
493 1174 92 22 hvarom
600 1174 84 22 tvekan
699 1174 43 22 kan
758 1174 86 28 uppstä,
860 1175 25 21 är
901 1173 27 23 dä
939 1174 78 28 frägan

197 1210 44 20 om,
265 1204 90 21 hvilken
372 1204 72 21 denna
460 1204 31 21 tid
507 1204 40 22 bör
562 1204 77 22 blifva.
669 1204 121 22 Allmänna
804 1204 213 28 petitionsutskottet

197 1234 41 21 har
261 1233 115 29 föreslagit
399 1235 32 20 att
454 1234 120 21 ständerna
589 1233 68 23 mätte
673 1234 131 28 petitionera
820 1240 36 16 om
871 1235 33 20 att
920 1234 43 22 den
978 1240 37 22 ge-

197 1270 138 15 mensamma
358 1263 134 22 medeltiden
515 1263 72 22 skulle
610 1263 135 22 bestämmas
768 1264 58 22 efter
844 1264 172 22 observatoriets

197 1294 8 21 i
220 1293 139 28 Helsingfors
383 1293 201 22 hufvudmeridian.
619 1293 172 29 Otvifvelaktigt
811 1294 70 22 finnes
894 1294 26 27 ju
937 1293 79 29 mänga

198 1323 195 28 omständigheter,
417 1330 47 15 som
487 1324 47 21 tala
557 1324 34 21 för
612 1323 62 21 detta
697 1323 89 29 förslag,
805 1323 64 22 bland
891 1326 68 20 annat
975 1324 42 22 den

196 1354 71 21 redan
287 1353 115 27 päpekade
422 1355 33 20 att
474 1353 72 22 denna
561 1354 32 20 tid
609 1355 25 19 är
649 1354 97 27 antagen
762 1354 26 21 af
800 1354 54 21 flere
869 1356 61 19 orter
945 1354 8 21 i
968 1354 50 21 värt

198 1382 52 21 land
266 1382 41 21 och
323 1382 84 21 kanske
423 1382 93 21 framför
532 1382 39 21 allt
587 1384 33 19 att
636 1382 43 21 den
695 1382 167 22 sammanfaller
872 1383 51 21 med
934 1383 43 21 den
987 1389 31 15 nu

198 1411 103 28 gällande
323 1411 169 27 jernvägstiden
510 1411 7 21 i
536 1411 82 21 landet.
653 1411 51 21 Men
719 1411 13 21 ä
746 1412 70 21 andra
832 1412 61 21 sidan
909 1412 44 21 kan
968 1412 49 21 icke

198 1440 95 23 förbises
308 1440 78 28 vigten
401 1440 26 22 af
440 1441 27 21 de
483 1440 55 27 skäl,
554 1440 76 22 hvilka
646 1440 86 29 framgä
747 1448 26 14 ur
788 1441 113 28 professor
915 1441 103 23 Donners

199 1470 120 26 utlätande,
336 1477 48 15 som
401 1470 107 22 utskottet
523 1471 40 21 har
579 1470 119 22 meddelat.
729 1471 54 21 Deri
798 1471 82 22 uttalas
896 1471 121 22 önskvärd-

197 1500 69 22 heten
288 1500 26 22 af
335 1501 33 21 att
389 1500 43 22 den
448 1500 112 27 medeltid,
577 1506 48 16 som
641 1500 75 23 blefve
731 1503 97 27 antagen
844 1502 35 21 för
894 1500 49 23 vårt
958 1502 58 26 land,

197 1530 74 22 skulle
295 1530 51 22 med
367 1531 57 27 jemt
447 1536 28 16 en
498 1530 77 22 timme
598 1530 76 22 afvika
690 1530 48 22 frän
754 1531 43 22 den
813 1532 206 28 medeleuropeiska
