1067 1739
53 107 32 22 29;
95 113 21 15 p.
128 108 96 18 maalisk.
248 108 148 21 Määrärahoja
407 108 222 17 kansakoululaitosta
640 109 82 16 varten.
838 101 39 21 131

124 177 148 21 Vastattaessa
287 177 28 22 oli
328 177 36 27 jaa
380 177 91 26 voitolla,
483 177 61 27 joten
555 177 141 28 yllämainittu
706 177 78 27 paikka
795 176 82 22 mietin-

54 207 66 20 nössä
134 205 148 27 hyväksyttiin.

122 262 73 21 Mikäli
210 262 62 21 koski
287 265 76 24 pontta
378 263 84 21 sivuilla
478 264 23 20 11
517 263 23 27 ja
556 263 26 21 12
598 263 71 22 lausu

123 313 38 22 hra
176 314 88 21 Roos:
286 315 42 26 Jag
343 314 69 21 skulle
426 314 84 26 föreslå,
526 315 45 21 atti
587 315 36 21 det
638 314 138 21 kursiverade
786 313 70 22 stället
866 313 14 21 å

54 342 46 22 sida
117 343 31 25 11,
171 343 37 21 där
224 343 36 21 det
275 343 65 26 heter,
355 345 31 19 att
402 343 36 21 det
452 345 24 19 är
491 345 31 19 att
537 343 88 27 hoppas,
640 345 32 20 att
687 343 127 26 regeringen
829 342 49 21 med

53 371 35 21 län
112 371 39 21 och
166 371 61 21 äfven
243 372 49 21 med
307 371 69 22 direkt
391 372 116 21 understöd
523 378 26 15 ur
564 372 108 21 allmänna
687 371 68 22 medel
770 371 54 21 skall
839 377 39 14 un-

54 399 91 22 derlätta
165 399 143 28 uppförandet
322 400 23 21 af
358 399 146 22 folkskolehus
520 401 26 26 pä
562 401 76 25 landet,
655 401 66 20 orden
738 400 39 27 »pä
792 399 84 22 landet»

54 428 57 28 finge
126 429 58 27 utgä.
213 429 43 21 Det
270 431 23 19 är
308 429 106 27 nämligen
430 429 63 26 fallet,
508 431 32 20 att
549 429 65 22 ocksä
624 429 100 21 städerna
733 429 73 21 kunna
816 427 62 22 hafva

55 458 33 20 sin
104 457 99 21 ekonomi
219 458 24 21 sä
257 458 55 26 svår,
328 460 31 19 att
374 458 36 21 det
424 458 41 21 kan
482 458 64 21 blifva
562 458 58 21 svårt
635 458 33 21 för
684 458 47 21 dem
747 459 31 19 att
789 456 90 28 uppföra

54 486 153 23 folkskolehus,
230 486 67 22 ehuru
321 487 75 21 sädant
418 492 51 16 vore
487 486 23 22 af
523 486 101 22 behofvet
638 486 113 28 päkalladt.
780 486 99 26 Tidigare

54 515 28 21 ha
104 514 111 22 städernas
239 514 65 22 behof
324 515 64 21 ocksä
409 516 136 20 observerats
566 516 7 20 i
594 516 41 20 den
650 515 68 21 första
740 515 95 27 punkten
857 513 23 22 af

55 543 59 21 detta
136 543 133 21 betänkande
285 544 51 21 eller
350 544 110 27 angäende
476 544 35 21 det
527 544 83 27 belopp,
626 550 46 15 som
689 544 71 20 kunde
776 542 66 28 gifvas
858 542 22 22 ät

56 572 155 21 kommunerna
226 572 71 21 såsom
314 572 76 27 bidrag
404 572 32 22 till
450 572 52 28 hyra
516 572 33 22 för
565 573 63 27 legda
642 572 186 22 folkskolelokaler
839 571 39 21 och

56 600 30 22 till
102 600 88 28 utgifter
204 600 34 22 för
254 601 77 21 böcker
341 601 32 21 till
383 601 102 21 bibliotek
495 601 33 21 för
540 601 228 21 folkskollärarekären
781 602 55 19 samt
846 600 32 21 till

55 629 75 27 anslag
154 629 33 21 för
202 630 116 26 stipendier
334 630 40 21 och
389 630 137 26 studieresor,
541 630 38 22 där
594 636 49 15 man
659 630 57 21 velat
730 629 56 27 gifva
802 629 77 21 under-

56 658 48 21 stöd
121 658 80 27 jämväl
224 658 21 21 ät
260 658 222 22 stadskommunerna.
511 659 11 21 I
543 658 95 28 enlighet
652 658 87 21 härmed
755 658 68 21 skulle
836 658 43 26 jag,

56 686 71 22 säsom
150 687 68 27 sagdt,
233 686 83 27 föreslä,
332 689 31 19 att
378 687 65 21 orden
461 687 40 27 »pä
516 688 83 20 landet»
618 687 68 21 skulle
700 686 22 22 fä
736 686 58 27 utgä,
810 686 23 21 sä
848 687 30 20 att

56 715 36 21 det
114 715 65 21 också
200 715 70 21 hblefve
292 716 84 26 möjligt
397 715 33 21 för
451 716 101 21 städerna
567 718 31 19 att
613 715 21 22 få
649 716 72 26 billiga
735 715 35 21 län
785 714 33 22 för
833 714 47 22 sina

55 743 153 22 folkskolehus.

125 801 130 22 Keskustelu
269 802 123 26 julistettiin
407 803 71 19 tämän
492 802 84 27 jälkeen
592 801 152 27 päättyneeksi,
759 800 72 22 minkä
838 800 40 27 jäl-

55 829 53 21 keen
124 830 38 20 hra
178 830 110 26 puhemies
304 830 79 27 säädyn
399 830 153 22 vastattavaksi
568 831 56 21 esitti
640 836 117 15 seuraavan
771 831 107 25 äänestys-

56 858 117 27 esityksen:

124 915 64 21 Jotka
204 916 135 28 hyväksyvät
354 916 153 21 valiokunnan
520 923 91 21 ponnen
626 916 92 21 sivuilla
732 916 84 20 11—12
830 915 50 21 sekä

54 944 73 20 siihen
148 944 116 21 kuuluvan
280 944 133 26 lausunnon,
428 946 129 20 äänestävät
566 945 55 27 jaa;
636 944 59 28 jotka
710 944 58 22 eivät
782 944 44 21 sitä
842 946 36 24 tee,

54 974 129 19 äänestävät
198 973 30 24 ei;

117 1024 37 27 jos
175 1024 21 21 ei
210 1024 90 28 voittaa,
316 1032 28 14 on
358 1026 64 26 sääty
434 1026 121 26 päättänyt
567 1025 90 27 poistaa
672 1031 73 15 sanan
762 1030 114 14 »maaseu-

53 1052 74 22 dulla»
145 1053 186 21 kursiveeratusta
346 1054 107 20 lauseesta
468 1054 83 20 sivulla
567 1054 28 20 11.

123 1104 233 28 Lippuäänestyksessä
371 1105 103 21 annettiin
490 1105 148 21 vastaukseksi
654 1105 28 21 40
693 1105 36 27 jaa
745 1104 51 22 sekä
811 1104 27 21 28
854 1104 24 25 ei,

51 1133 23 27 ja
90 1133 209 21 valtiovaliokunnan
315 1134 91 21 ehdotus
422 1134 28 21 oli
465 1136 59 19 tässä
538 1134 108 21 kohdassa
660 1134 37 21 siis
709 1133 169 22 semmoisenaan

53 1161 131 28 hyväksytty.

124 1214 66 20 Kaksi
214 1214 127 21 sulkematta
364 1214 72 21 olevaa
452 1214 103 27 ei-lippua
567 1214 93 27 jätettiin
676 1214 202 21 lukuunottamatta.

124 1265 95 21 Koskien
235 1266 65 20 toista
315 1267 75 25 pontta
406 1266 76 20 sivulla
499 1266 25 20 12
540 1266 61 26 pyysi

123 1317 39 21 hra
203 1317 69 21 Mäkin
281 1324 33 14 en
325 1318 167 26 puheenvuoroa
500 1318 23 26 ja
530 1317 80 21 lausui:
619 1317 148 21 Valiokunnan
776 1316 103 21 huomau-

54 1346 77 20 tuksen
152 1346 107 26 johdosta,
285 1348 43 19 että
353 1346 69 21 kaikki
444 1346 101 26 kirjastot
560 1346 84 21 olisivat
660 1346 154 20 varustettavat
829 1344 49 21 kaa-

53 1374 70 27 peilla,
147 1374 105 27 pyytäisin
268 1375 63 21 saada
345 1374 71 28 kysyä,
433 1375 51 21 mitä
498 1375 52 21 tietä
568 1374 164 21 valiokunnassa
747 1380 28 15 on
790 1373 88 27 ajateltu

54 1403 58 21 näitä
132 1402 104 28 kaappeja
258 1405 100 19 saatavan
381 1403 81 21 aikaan.
493 1403 102 27 Nykyään
618 1409 28 15 on
668 1402 109 22 asianlaita
792 1402 87 26 käytän-

54 1433 66 19 nössä
135 1431 108 26 sellainen,
258 1433 44 19 että
316 1432 159 26 puheenalaisia
490 1431 117 27 apurahoja
619 1431 85 27 jaetaan
720 1430 95 22 kunnille
825 1430 53 21 kun-

55 1466 41 15 nan
116 1460 134 21 koululuvun
262 1460 98 21 mukaan.
391 1460 128 21 Pienimmät
530 1460 82 21 kunnat
622 1462 50 19 ovat
682 1460 54 21 siten
747 1459 75 21 tulleet
833 1464 45 15 saa-

55 1494 62 15 maan
140 1489 50 20 noin
214 1488 27 21 24
256 1488 101 22 markkaa
372 1489 112 21 vuodessa.
514 1489 66 20 Tämä
595 1488 118 21 mielestäni
728 1488 19 21 ei
762 1488 48 21 riitä
825 1487 53 21 kun-
