1067 1739
73 115 30 17 29
116 120 20 16 p.
148 115 96 18 maalisk,
267 112 149 24 Määrärshoja
427 115 222 18 kansakoululaitosta
661 117 82 15 varten.
861 108 38 22 141

77 184 43 21 Det
142 185 23 20 är
185 183 25 28 ju
225 184 29 24 sä,
269 186 32 19 att
315 184 26 21 de
357 183 78 26 skolor,
451 189 47 16 som
513 183 114 22 framtiden
643 186 56 19 mest
714 183 68 22 mäste
797 183 61 26 lägga
873 189 27 14 an

77 212 33 27 pä,
132 214 38 19 äro
191 211 118 22 folkskolor
331 212 40 21 och
393 211 167 28 folkhögskolor,
583 212 39 21 och
637 212 38 27 jag
691 212 68 21 skulle
775 211 49 27 vilja
839 211 61 21 ställa

78 241 48 21 dem
141 241 7 21 i
164 241 102 21 samband
282 241 48 21 med
345 241 126 25 hvarandra,
487 241 24 21 sä
525 243 32 19 att
572 241 104 21 hvardera
692 240 69 22 skulle
773 240 85 21 komma
870 242 31 19 att

78 271 106 26 upptagas
206 269 39 22 och
267 269 116 22 behandlas
399 269 6 21 i
421 276 82 15 samma
518 269 140 22 betänkande.
689 269 42 27 Jag
745 269 69 21 skulle
829 267 73 22 därför

78 298 84 21 anhälla
177 304 41 16 om.
240 300 32 19 att
293 298 242 21 utskottsbetänkandet
550 298 69 21 skulle
634 298 172 23 äterremitteras,
822 297 27 26 pä
864 297 36 20 det

78 330 32 18 att
121 326 104 22 utskottet
240 326 68 21 skulle
321 329 49 24 taga
380 327 7 20 i
398 326 161 28 öfvervägande,
571 327 106 20 huruvida
687 326 45 22 icke
744 326 89 25 150,000
843 325 60 21 mark

79 355 69 22 skulle
170 355 71 21 kunna
262 355 31 21 uti
308 355 59 21 detta
382 355 134 22 betänkande
531 355 79 21 införas
627 355 71 21 säsom
714 355 75 26 anslag
803 354 31 21 till
848 353 55 22 folk-

79 383 116 28 högskolor
210 384 6 21 i
232 384 77 21 landet.

149 441 47 21 Hra
210 441 108 21 Ansas:
334 441 97 21 Riennän
448 441 112 21 mielelläni
576 441 163 21 kannattamaan
752 440 95 22 viimeksi
858 439 45 22 teh-

80 472 36 25 tyä
130 470 119 25 ehdotusta,
262 470 51 26 joka
328 470 82 21 tosiaan
427 470 106 22 ansaitsee
548 470 135 21 kannatusta.
716 470 54 21 Eikä
786 469 65 21 siihen
868 468 34 22 ole

80 505 38 15 sen
134 500 103 25 enempää
252 498 191 27 puolustustakaan
460 501 95 25 tarpeen.
571 511 27 3 —
613 498 70 22 Mutta
698 498 67 22 koska
777 498 87 21 minulla
875 504 27 14 on

80 527 153 27 puheenvuoro
246 527 22 27 ja
283 527 67 21 koska
365 527 60 21 esillä
440 528 61 20 oleva
517 527 96 21 mietintö
628 527 57 21 tulee
700 526 161 22 lähetettäväksi
873 529 31 18 ta-

78 556 70 21 kaisin
167 556 154 25 valiokuntaan,
337 556 44 21 niin
397 556 108 21 rohkenen
521 558 77 25 pyytää
613 556 98 21 arvoisan
722 555 78 27 säädyn
814 554 90 22 suosiol-

80 584 50 22 lista
151 584 110 21 huomiota
282 585 72 26 pientä
376 584 138 22 muodollista
529 585 140 21 muistutusta
683 588 81 17 varten.
793 583 111 22 Tahtoisin

79 615 51 19 näet
152 613 76 21 esittää
249 618 36 16 sen
301 613 157 26 toivomuksen,
474 615 43 19 että
532 613 112 21 mietinnöt
659 613 94 21 tästedes
768 612 135 22 laadittaisiin

80 642 50 24 niin,
146 643 44 19 että
204 641 163 27 hyväksyttävät
382 644 81 24 ponnet
479 642 78 21 todella
573 642 136 21 sisältäisivät
725 648 43 17 sen,
777 641 50 27 joka
838 641 66 21 niissä

79 670 151 27 hyväksytään,
247 670 46 21 eikä
303 670 44 21 niin
358 670 50 21 kuin
420 670 135 22 esimerkiksi
565 672 59 20 tässä
634 670 144 25 mietinnössä,
784 670 61 26 jossa
852 669 52 27 joka

79 698 85 22 toisella
186 698 76 22 sivulla
284 705 27 15 on
334 699 115 27 menetelty
471 699 47 21 sillä
539 699 82 25 tavalla,
637 700 44 20 että
696 699 90 21 ensinnä
800 698 103 21 esitetään

80 727 45 21 asia
146 727 125 21 kertomalla
282 727 23 27 ja
321 728 49 20 sitte
386 730 103 19 sanotaan
504 728 83 26 yhdellä
602 727 73 26 rivillä,
694 729 55 19 »että
765 726 139 27 valtiosäädyt

80 755 158 27 hyväksyisivät
258 762 56 15 sen.»
346 756 67 21 Tämä
435 756 114 27 menettely
570 762 27 15 on
619 756 153 21 ehdottomasti
793 755 111 21 muodolli-

80 784 53 21 sesti
154 784 24 27 ja
193 784 125 22 stilistisesti
333 786 70 23 väärä,
415 785 62 27 joten
493 785 54 21 siinä
563 785 47 21 olisi
626 788 85 18 saatava
727 787 87 19 muutos
830 784 74 21 aikaan

81 813 68 21 siihen
171 815 112 23 suuntaan,
306 815 44 19 että
373 814 132 26 mietintöjen
527 813 154 27 hyväksyttävä
706 813 83 27 sisällys
805 812 100 28 sisältyisi

80 841 97 27 myöskin
193 842 41 20 itse
248 844 100 24 ponteen.

150 898 46 22 Hra
218 899 103 21 Latva:
344 898 138 28 Ryhtymättä
502 899 111 27 pitempiin
633 899 105 27 puheisiin
754 899 82 27 pyydän
852 904 54 16 vaan

81 926 90 28 lyhyesti
187 927 107 26 ilmoittaa,
309 930 44 18 että
369 928 106 20 kannatan
492 928 38 21 hra
546 928 124 21 Sundvallin
686 928 120 21 ehdotusta.

152 984 45 21 Hra
212 984 117 26 Heikel,
368 985 71 21 Felix:
452 985 40 21 Vid
504 985 149 27 uppgörandet
663 984 22 22 af
694 984 212 27 folkskolebudgeten

82 1012 86 22 väcktes
183 1013 7 21 i
206 1013 161 21 statsutskottet
381 1013 60 27 fräga
457 1020 40 19 om,
513 1016 32 18 att
559 1014 7 20 i
582 1014 153 27 sammanhang
751 1014 86 21 därmed
854 1019 53 21 upp-

82 1044 50 24 taga
147 1041 80 27 jämväl
242 1042 75 26 anslag
332 1042 32 21 för
379 1042 168 27 folkhögskolor,
563 1048 48 15 men
627 1042 104 22 uttalades
747 1042 24 21 af
783 1042 52 21 flera
850 1042 58 20 med-

82 1070 89 21 lemmar
194 1070 6 21 i
216 1070 111 23 utskottet,
343 1073 31 18 att
389 1071 36 21 det
440 1077 52 15 vore
508 1070 123 28 lämpligare
646 1073 31 19 att
692 1072 75 20 anvisa
781 1070 69 22 medel
861 1070 47 21 här-

82 1098 34 21 för
139 1098 35 22 vid
196 1099 149 27 uppgörandet
367 1099 23 21 af
407 1100 41 20 den
464 1100 107 20 allmänna
587 1099 241 27 bevillningsbudgeten.
859 1099 49 21 Men

84 1127 78 21 önskar
184 1128 85 20 ståndet
283 1130 32 18 att
329 1127 74 27 frågan
420 1134 35 15 om
471 1128 76 27 anslag
561 1127 32 21 för
608 1128 161 26 folkhögskolor
785 1128 53 21 skall
855 1134 54 21 upp-

84 1158 60 24 tagas
167 1156 7 20 i
196 1156 154 27 sammanhang
373 1157 48 21 med
443 1156 220 27 folkskolebudgeten,
683 1159 22 19 är
721 1158 36 20 det
772 1156 136 27 naturligtvis

84 1184 112 27 ingenting
218 1191 46 15 som
287 1184 87 22 hindrar
397 1185 41 26 det,
456 1188 51 18 utan
523 1185 40 21 kan
580 1185 35 21 det
631 1185 82 27 mycket
729 1186 34 20 väl
779 1186 27 26 gä
820 1184 33 22 för
870 1185 40 26 sig,

84 1212 40 22 och
146 1213 38 21 har
204 1213 38 27 jag
264 1214 44 26 mig
324 1214 83 25 bekant,
422 1216 32 18 att
469 1214 111 21 enahanda
595 1213 85 27 förslag,
697 1220 46 15 som
759 1214 73 21 väckts
848 1213 22 21 af
883 1213 26 21 hr

85 1241 109 27 Sundvall,
214 1242 79 26 jämväl
315 1242 125 22 framställts
466 1242 7 21 i
489 1243 24 21 R.
529 1249 18 15 o.
563 1242 25 21 A.
604 1242 38 21 och
659 1242 37 22 där
712 1242 69 22 blifvit
796 1242 114 27 bordlagdt

85 1270 33 21 till
136 1270 3 21 i
155 1276 96 21 morgon.

155 1327 46 21 Hra
216 1326 136 28 Ingman:
369 1327 194 28 Kansanopistojen
580 1328 173 22 kannattaminen
769 1334 28 16 on
812 1328 98 21 ehdotto-

86 1355 63 21 masti
167 1356 102 20 sellainen
284 1356 112 26 tarkoitus,
409 1356 46 27 jota
470 1357 90 27 yleisillä
575 1357 78 21 valtion
670 1357 87 21 varoilla
772 1363 27 15 on
815 1359 95 19 avustet-

86 1386 55 19 tava.
172 1384 53 21 Olen
247 1384 37 22 siis
307 1385 42 21 sitä
364 1385 77 25 mieltä,
460 1388 45 18 että
520 1386 94 26 säätyjen
630 1386 63 21 näillä
707 1385 151 27 valtiopäivillä
872 1385 38 27 yh-

86 1412 63 22 dessä
166 1413 28 21 tai
209 1413 91 21 toisessa
314 1413 129 27 yhteydessä
458 1420 28 15 on
502 1416 150 25 myönnettävä
670 1415 97 21 riittävää
782 1414 130 21 kannatusta

86 1441 195 27 kansanopistoille.
310 1442 34 21 En
360 1442 122 27 puolestani
497 1442 64 22 tahdo
572 1445 109 19 vastustaa
692 1443 117 21 mietinnön
821 1442 90 21 takaisin

86 1469 144 22 lähettämistä
251 1470 152 21 valiokuntaan
423 1470 40 22 hra
478 1470 123 22 Sundvallin
617 1471 136 21 ehdottaman
770 1471 142 27 kansanopio-

87 1497 58 22 töille
167 1501 128 18 annettavan
318 1498 137 22 valtionavun
477 1499 106 27 johdosta.
616 1500 58 21 Minä
697 1500 81 28 pyydän
802 1499 111 21 kuitenkin
