1073 1745
75 111 28 19 27
115 115 20 17 p.
146 111 83 18 huhtik.
368 107 252 29 Rautatierakennuksia.
864 104 40 23 381

76 179 67 22 saada
158 179 110 26 ilmoittaa,
283 181 44 20 että
341 179 64 22 tähän
416 182 73 19 rataan
501 179 85 22 nähden
598 180 57 21 minä
665 179 85 22 ainakin
761 179 59 22 tulen
831 181 77 19 äänes-

76 208 102 27 tyksessä
192 207 164 23 kannattamaan
371 209 63 20 5:nen
450 208 151 22 vastalauseen
617 211 82 24 pontta.

148 265 45 21 Hra
204 259 142 27 Älenius:
361 265 42 27 Jag
411 265 79 22 önskar
505 265 75 22 förena
595 265 44 27 mig
655 271 35 15 om
701 265 24 21 hr
737 265 113 22 Schvindts
863 264 44 22 för-

77 293 49 28 slag
141 293 54 23 dock
211 293 89 22 sälunda
315 293 139 25 modifieradt,
470 296 31 19 att
513 294 44 27 jag,
573 296 51 19 enär
639 293 75 28 frägan
730 300 35 15 om
777 293 129 27 spärvidden

75 322 49 22 icke
145 322 68 21 borde
231 322 82 21 lämnas
329 324 76 25 öppen,
420 325 52 18 utan
489 322 70 21 banan
575 323 81 26 byggas
672 322 161 27 normalspårig,
849 321 57 22 före-

76 351 52 25 slår,
144 353 32 19 att
191 351 40 21 den
247 350 22 21 af
283 351 24 21 hr
322 351 102 21 Schvindt
434 350 114 22 förordade
559 351 208 27 sydösterbottniska
777 351 68 21 banan
857 350 50 22 med

77 379 138 27 ändpunkter
235 379 6 21 i
257 379 72 22 Kaskö
345 379 39 22 och
401 379 145 22 Kristinestad
564 380 66 21 måtte
645 379 82 22 utföras
742 379 165 27 normalspårig.

148 436 47 21 Hra
217 436 160 27 Hallberg,
400 437 95 21 Aimo:
512 437 33 21 Då
568 437 37 21 det
619 437 90 26 tidigare
725 436 182 22 ständerbeslutet

77 464 47 22 icke
147 464 105 26 uteslutit,
273 467 32 19 att
324 465 119 27 järnvägen
467 465 81 27 bygges
572 465 48 22 med
635 464 83 22 normal
733 464 106 28 spårvidd,
855 464 51 23 ville

74 493 41 27 jag
129 492 84 26 föreslå,
228 496 31 18 att
274 499 26 15 en
317 493 157 27 normalspårig
486 494 93 26 järnväg
589 494 87 26 bygges,
687 493 85 21 hvilken
784 493 68 21 skulle
862 492 44 22 för-

78 527 67 21 grena
168 522 32 26 sig
215 522 32 20 till
263 522 71 21 Kaskö
350 522 39 21 och
406 522 151 22 Kristinestad.
588 522 73 22 Skulle
676 522 58 21 detta
749 522 45 21 icke
811 521 95 27 godkän-

77 556 47 20 nas,
140 556 64 16 anser
216 550 44 28 jag,
275 553 31 19 att
321 550 70 22 banan
407 551 124 27 obetingadt
548 551 66 21 borde
629 550 21 22 få
661 550 72 22 Kaskö
744 550 31 22 till
786 550 118 27 ändpunkt.

116 579 43 21 min
175 578 85 22 hemort
276 579 70 21 Kotka
361 579 38 21 har
412 579 38 27 jag
465 582 31 18 ett
511 580 60 21 bevis
587 580 32 26 på,
635 579 56 21 huru
707 585 26 15 en
749 583 34 17 ort
798 579 48 21 med
863 578 42 28 god

78 606 71 26 hamn,
172 614 35 14 om
229 608 41 20 den
293 607 85 22 förenas
401 608 48 21 med
463 608 98 27 järnväg,
576 608 41 21 kan
633 608 66 27 draga
715 607 88 22 trafiken
819 607 32 21 till
867 607 40 27 sig.

80 635 151 22 Grannstaden
255 636 164 22 Fredrikshamn
442 637 46 21 åter
511 637 90 25 bevisar,
624 639 32 19 att
677 643 34 15 om
727 642 26 16 en
769 636 58 27 dålig
841 636 65 21 hamn

78 664 97 22 förenats
192 671 76 21 genom
281 665 92 27 järnväg
388 666 48 20 med
451 665 101 26 inlandet,
568 665 113 21 resultatet
695 665 54 21 dock
762 664 69 22 blifvit
841 664 65 22 klent.

79 692 12 22 I
117 693 36 21 det
168 692 57 22 förra
240 693 58 21 fallet
313 695 37 20 äro
365 694 299 27 utvecklingsmöjligheterna
680 696 62 23 stora,
759 694 4 20 i
778 694 36 21 det
829 699 78 15 senare

80 721 105 27 betydligt
199 722 88 21 mindre.

150 778 47 22 Hra
209 779 149 21 Alkunen:
374 779 49 21 Kun
435 779 38 22 hra
486 780 84 21 Winter
585 780 67 25 sanoi,
665 780 50 20 ettei
726 779 123 21 valiokunta
859 778 50 22 siitä

80 809 80 25 syystä,
175 809 44 19 että
235 814 23 14 se
273 808 68 21 katsoi
358 808 125 27 Suupohjan
500 809 67 21 radan
583 808 75 22 olevan
671 808 139 27 johdettavan
822 807 87 21 Kristii-

80 835 177 27 nankaupunkiin
277 836 46 22 eikä
339 836 115 26 Kaskisiin,
470 837 34 21 ole
519 839 86 19 ottanut
621 836 164 22 selvittääkseen
802 836 107 21 Kaskisen

81 864 140 27 satamaoloja
237 867 110 18 enemmän
363 865 52 21 kuin
431 866 108 21 niitäkään
555 866 62 26 etuja,
631 866 54 26 joita
700 865 48 21 olisi
763 865 66 20 radan
837 864 72 27 johta-

82 893 89 20 misesta
194 893 113 26 Kaskisiin,
323 893 84 28 pyydän
423 900 38 15 sen
475 894 103 27 johdosta
593 894 82 25 lausua,
690 895 44 19 että
749 893 124 21 valiokunta
889 892 19 21 ei

81 921 57 21 siinä
152 921 85 22 kohden
253 922 33 21 ole
301 922 54 21 ollut
367 922 69 21 oikein
448 923 142 21 tunnollinen.
620 923 59 20 Minä
689 924 49 19 näet
748 922 62 21 olisin
822 924 88 22 suonut,

81 951 45 20 että
151 949 124 22 valiokunta
297 950 48 21 olisi
360 951 128 21 tarkemmin
505 951 109 27 selittänyt
630 951 95 27 myöskin
742 957 27 14 ne
785 950 56 24 edut,
854 949 56 28 joita

82 978 56 21 voisi
161 978 42 21 olla
225 979 64 21 radan
310 979 151 26 johtamisesta
484 979 115 26 Kaskisiin,
624 979 22 27 ja
663 981 43 20 että
721 981 59 25 sääty
796 979 49 21 sitte
861 978 50 21 olisi

82 1009 79 19 saanut
184 1008 95 27 vapaasti
294 1009 85 26 päättää
394 1008 77 21 näiden
487 1008 85 21 kahden
588 1008 76 27 paikan
681 1008 75 21 välillä.
787 1007 122 22 Sentähden

83 1035 83 27 pyydän
191 1036 104 26 ehdottaa,
319 1039 43 18 että
377 1037 160 27 porvarissääty
553 1037 98 26 päättäisi
667 1036 108 27 palauttaa
791 1035 118 22 mietinnön

84 1063 92 22 takaisin
203 1065 156 26 valiokuntaan,
379 1065 56 27 jotta
457 1065 124 22 valiokunta
604 1065 97 22 hankkisi
726 1064 114 27 selityksen
857 1064 55 25 siitä,

84 1092 54 22 mitä
152 1093 59 27 etuja
226 1093 53 22 voisi
295 1093 42 22 olla
351 1094 66 21 radan
430 1094 152 27 johtamisesta
598 1093 115 23 Kaskisiin.

155 1150 47 21 Hra
217 1150 124 28 Elving:
351 1151 43 27 Jag
409 1151 86 27 glömde
511 1153 73 19 senast
599 1152 84 22 betona,
699 1153 30 19 att
744 1151 35 21 vid
796 1151 116 21 bedöman-

83 1178 37 22 det
136 1178 22 21 af
172 1179 40 21 den
228 1179 121 27 föreslagna
364 1180 81 21 banans
461 1180 150 27 berättigande
627 1180 36 21 det
677 1179 57 22 förra
749 1179 161 22 ständerbeslu-

83 1209 33 19 tet
138 1207 71 27 spelar
232 1214 25 14 en
273 1207 98 22 afsevärd
391 1208 46 23 roll,
453 1208 72 21 säsom
542 1208 65 22 ocksä
622 1208 22 22 af
658 1208 66 27 nägra
739 1208 66 22 talare
821 1207 90 24 anförts,

82 1235 30 21 dä
124 1236 25 26 ju
165 1236 80 21 enhvar
262 1236 67 22 mäste
344 1237 53 25 inse,
412 1239 37 23 att,
465 1237 7 21 i
487 1236 103 22 händelse
605 1238 138 26 regeringens
759 1238 152 20 sammansätt-

84 1264 53 27 ning
157 1265 55 21 varit
227 1271 26 15 en
269 1271 69 16 annan
355 1265 26 22 dä
395 1264 34 22 för
444 1265 65 26 tiden,
525 1266 70 21 banan
610 1266 65 21 redan
691 1266 54 21 varit
761 1265 68 22 under
844 1265 68 27 bygg-

84 1292 49 21 nad.
164 1293 113 27 Principen
301 1300 34 14 om
359 1294 36 21 det
416 1294 134 27 berättigade
565 1294 7 21 i
587 1294 142 27 anläggandet
743 1294 24 21 af
779 1294 64 21 smal-
859 1293 54 22 eller

84 1321 159 28 normalspårig
265 1322 54 21 bana
342 1322 41 21 kan
403 1321 25 28 ju
449 1322 48 21 icke
511 1321 101 22 förändra
627 1323 141 20 bedömandet
783 1322 22 21 af
819 1322 36 21 det
870 1321 42 22 till-

84 1349 139 27 vägagäende
245 1351 126 26 regeringen
390 1351 72 26 inslog
477 1351 40 21 och
532 1351 139 26 hvarigenom
687 1351 70 21 denna
772 1351 56 21 bana
843 1349 70 22 blifvit

85 1377 139 28 uppskjuten.
253 1379 42 21 För
318 1379 64 26 öfrigt
405 1379 68 21 skulle
487 1379 38 27 jag
545 1379 84 26 föreslä,
644 1382 37 23 att,
696 1379 64 21 innan
777 1379 136 26 omröstning

84 1412 53 21 eger
152 1413 55 20 rum,
222 1407 6 21 i
244 1407 112 26 klämmen,
371 1413 46 16 som
434 1408 67 21 borde
517 1408 167 21 äterremitteras
700 1408 7 21 i
721 1407 40 22 och
771 1407 33 22 för
815 1407 98 26 ändring,

85 1435 67 22 borde
167 1435 52 28 ingä
233 1435 96 28 ungefär,
344 1438 32 19 att
392 1436 68 21 banan
477 1437 82 26 bygges
574 1436 46 21 frän
637 1436 106 27 Seinäjoki
758 1436 32 21 till
807 1435 106 22 Kristine-

85 1463 55 25 stad,
163 1463 31 22 till
217 1464 33 21 sin
273 1464 67 21 första
361 1464 33 21 del
410 1465 7 20 i
434 1465 67 21 sådan
517 1464 70 28 sydlig
602 1465 99 26 riktning,
717 1467 31 19 att
764 1465 40 20 den
821 1463 42 22 kan
879 1466 34 19 ut-

86 1493 53 26 göra
162 1498 26 15 en
212 1492 33 22 del
265 1492 23 22 af
301 1493 272 27 sammanbindningsbana
588 1493 77 21 mellan
686 1493 51 22 Vasa
759 1487 154 38 Tammerfors
