1073 1700
70 116 27 18 27
108 120 20 16 p.
140 115 82 18 huhtik.
357 107 256 35 Rautatierakennuksia.
856 108 42 21 359

70 184 50 22 med
143 186 98 19 närmare
262 184 43 22 200
325 190 109 20 personer.
464 184 73 21 Kaskö
552 184 39 21 har
606 184 45 21 icke
667 183 66 22 häller
747 184 78 21 hunnit
839 183 60 27 längt

70 213 29 27 pä
116 213 41 20 120
171 212 29 25 är,
216 212 45 21 icke
276 212 74 27 längre
365 214 26 19 än
408 212 31 21 till
455 212 42 21 800
512 212 40 21 och
568 212 66 27 nägra
649 211 66 24 tiotal,
733 212 40 21 och
793 211 67 22 under
872 211 26 21 de

71 243 86 20 senaste
181 241 26 20 25
228 241 51 21 åren
299 241 38 21 har
352 240 151 27 folkmängden
519 241 61 21 ökats
596 241 49 21 med
662 241 39 21 101
718 241 106 21 invånare.
856 240 42 21 Det

71 271 36 20 rör
123 269 33 27 sig
171 269 61 21 äfven
248 269 39 22 här
301 275 35 16 om
353 269 46 21 små
414 269 84 27 belopp,
514 275 34 15 om
565 269 62 22 äfven
643 269 35 21 det
693 271 86 20 senaste
789 268 109 22 kvartsek-

71 299 41 20 lets
135 297 90 22 resultat
247 297 61 22 sakta
323 297 82 28 skjuter
421 297 54 22 fram
491 297 80 22 Kaskö.
602 297 50 22 Icke
667 297 66 22 häller
749 298 63 21 dessa
828 296 69 22 siffror

71 326 80 22 önskar
170 326 38 27 jag
229 326 90 21 tillmäta
340 326 70 27 någon
427 325 116 28 afgörande
558 326 109 27 betydelse
683 326 32 21 för
731 326 41 21 den
787 325 60 28 fråga
862 325 35 22 de-

71 355 74 21 batten
168 355 121 27 egentligen
309 355 72 27 gäller.
410 355 50 21 Men
481 355 37 27 jag
533 355 39 21 har
587 355 71 21 funnit
673 355 44 26 mig
731 354 118 21 föranläten
866 356 31 19 att

70 383 32 22 till
122 383 47 22 sina
189 385 56 20 rätta
259 383 144 22 dimensioner
419 383 102 22 reducera
536 383 123 28 betydelsen
675 383 23 22 af
711 383 116 22 utskottets
843 389 54 20 upp-

71 411 45 28 gift,
131 416 31 17 att
178 412 145 21 Kristinestad
338 414 23 19 är
379 412 52 21 »den
447 411 127 22 folkrikare»
591 412 23 21 af
627 412 64 21 dessa
707 412 77 21 städer.

139 441 42 26 Jag
203 440 96 22 kommer
320 447 29 14 nu
372 440 31 21 till
425 447 25 14 en
468 441 81 26 ganska
564 441 107 26 väsentlig
685 440 70 27 punkt
769 441 8 20 i
792 439 104 22 utskotts-

70 469 149 21 betänkandet.
250 469 42 21 Det
314 469 60 21 heter
397 472 58 18 strax
478 469 55 22 efter
553 470 36 21 det
604 469 23 22 af
640 469 44 27 mig
699 469 92 21 citerade
806 468 90 27 stycket:

72 497 56 22 »Det
142 497 38 22 har
195 497 125 28 visserligen
335 497 132 24 framhällits,
483 500 31 19 att
530 498 31 21 uti
577 498 70 21 denna
661 497 66 28 fräga,
742 504 47 15 som
804 497 36 22 vid
852 499 44 19 sär-

70 526 69 21 skilda
161 526 228 21 kommunalstämmor
411 526 133 24 behandlats,
567 526 91 22 flertalet
677 527 127 20 kommuner
820 525 76 22 uttalat

69 555 35 27 sig
118 554 33 22 för
166 555 121 27 riktningen
303 557 46 19 mot
364 555 79 26 Kaskö,
459 555 38 21 där
512 555 37 22 det
563 555 33 21 för
611 555 133 22 närvarande
759 554 91 22 erhälles
865 556 31 19 ett

69 583 67 27 högre
152 584 44 26 pris
211 584 12 21 &
234 584 57 21 vissa
302 584 261 26 landtmannaprodukter,
575 584 101 21 särskildt
686 583 67 26 hafre,
763 586 26 19 än
801 584 6 20 i
818 583 77 21 Kristi-

68 612 96 22 nestad.»
189 612 64 22 Detta
269 612 73 27 stycke
357 614 28 23 är,
401 612 33 22 för
450 613 70 21 sävidt
532 613 38 26 jag
584 613 96 21 kommer
694 612 54 27 ihåg,
764 612 132 27 ordagrannt

69 642 59 25 taget
144 647 25 15 ur
182 641 220 26 järnvägsutskottets
419 641 35 21 vid
470 643 86 19 senaste
571 641 102 26 landtdag
689 641 138 24 betänkande,
843 639 52 22 hvil-

68 669 37 21 ket
120 669 134 22 betänkande
269 669 28 22 dä
311 669 54 21 hade
381 669 70 22 säsom
463 675 27 16 en
501 670 82 21 novitet
593 669 87 22 framför
691 670 34 26 sig
735 669 36 22 det
781 668 114 27 aktstycke,

68 703 48 16 som
129 698 38 27 jag
176 698 39 21 har
225 697 119 22 refererat
334 693 12 36 i
355 698 40 21 den
406 698 44 21 lilla
462 698 6 21 i
480 699 89 20 stånden
582 698 98 21 utdelade
690 698 117 27 broskyren
821 697 74 21 »Hvad

69 726 189 27 Sydösterbottens
274 726 124 27 befolkning
413 727 100 26 önskar»,
529 727 40 21 och
581 727 36 21 det
628 727 38 21 har
675 726 98 22 förvänat
783 726 45 21 icke
841 725 54 22 blott

68 755 45 26 mig
135 757 51 19 utan
209 755 65 21 ocksä
296 755 71 25 andra,
383 761 47 15 som
446 755 118 22 intressera
579 755 33 27 sig
627 755 33 21 för
676 755 125 21 hithörande
816 754 79 27 frägor,

67 785 33 20 att
124 783 105 22 utskottet
244 783 100 28 tämligen
360 784 69 27 legert
444 783 141 28 öfverhoppat
600 784 59 21 detta
673 784 111 27 aktstyeke
799 783 54 22 både
869 783 27 21 dä

70 812 39 21 och
125 818 36 15 nu.
193 812 42 21 Det
250 814 23 19 är
289 812 54 21 dock
357 813 46 20 icke
419 813 87 21 alldeles
522 819 26 14 en
565 813 98 26 bagatell,
678 819 35 15 om
729 819 25 14 en
770 811 125 26 befolkning

67 841 28 26 pä
117 841 77 25 88,300
216 841 101 21 invånare
340 847 76 20 genom
440 841 48 21 sina
509 841 36 21 vid
560 841 91 27 lagligen
667 841 80 27 utlysta
762 840 132 22 kommunal-

68 871 104 20 stämmor
186 869 39 22 och
238 869 266 27 stadsfullmäktigemöten
515 870 62 21 valda
588 870 79 21 ombud
679 870 78 21 uttalar
767 869 127 26 önsknings-

68 897 48 26 mål,
132 904 46 15 som
194 897 41 22 alla
249 897 108 28 oafvisliet
373 898 26 27 gå
413 899 7 20 i
435 898 42 21 den
492 898 101 27 riktning,
608 900 31 19 att
655 898 72 21 Kaskö
742 898 47 21 icke
804 898 38 21 bör
853 897 42 21 för-

68 928 68 25 gätas.
165 927 41 26 Jag
228 927 36 20 vill
287 927 106 26 nämligen
414 927 73 26 stryka
503 927 68 21 under
583 927 47 27 just
645 927 64 21 detta.
738 927 42 26 Jag
795 926 99 21 tillmäter

67 955 47 21 icke
128 954 161 27 ifrågavarande
305 955 110 27 aktstycke
431 955 139 28 (protokollet
584 955 47 22 från
639 955 187 27 järnvägsmötet
821 950 13 37 i
838 954 57 21 Kau-

70 983 72 27 hajoki
165 984 40 21 den
230 984 25 21 17
269 984 84 27 januari
371 985 61 25 1905,
448 984 38 21 där
501 984 42 21 alla
557 984 196 27 ifrägakommande
768 984 127 21 kommuner

68 1011 58 22 höllo
150 1012 27 27 pä
198 1012 78 27 Kaskö,
293 1018 25 15 en
335 1013 33 20 del
384 1013 104 26 därjämte
504 1013 28 26 pä
548 1013 149 26 Kristinestad,
713 1019 48 14 men
777 1013 70 26 ingen,
863 1011 33 22 sä-

69 1047 47 15 som
140 1041 36 20 det
199 1047 19 14 n.
234 1047 18 14 v.
268 1041 111 25 utskottet,
396 1041 76 21 enbart
488 1042 27 26 pä
530 1041 154 27 Kristinestad)
701 1047 25 15 en
743 1041 23 21 sä
782 1040 64 22 strikt
860 1041 35 20 be-

68 1068 88 28 tydelse,
179 1071 32 19 att
229 1069 46 21 icke
290 1069 116 21 eventuellt
421 1070 35 20 vid
473 1070 55 21 olika
544 1070 123 26 tidpunkter
684 1070 65 26 nägot
763 1068 133 22 kommunal-

68 1097 82 21 ombud
172 1098 71 20 kunde
266 1098 49 26 vilja
338 1098 61 21 ställa
422 1098 74 21 Kaskö
518 1098 7 21 i
541 1098 56 21 olika
612 1098 42 27 hög
669 1098 52 27 grad
737 1098 7 21 i
758 1097 138 27 förgrunden.

68 1126 43 27 Jag
132 1126 35 21 vill
187 1126 75 22 endast
277 1126 104 27 pointera,
397 1128 31 20 att
443 1126 41 22 alla
500 1127 35 22 vid
551 1127 198 26 Kauhajoki-mötet
763 1128 133 26 represente-

70 1155 51 21 rade
136 1155 128 21 kommuner
280 1155 49 27 vilja
345 1155 62 22 hafva
419 1156 120 27 järnvägen
555 1155 49 22 ledd
615 1155 32 22 till
658 1155 84 26 Kaskö;
754 1156 62 21 deras
828 1155 69 20 sunda

68 1183 83 22 förnuft
166 1183 39 22 och
221 1183 123 28 personliga
358 1184 108 21 intressen
483 1184 42 21 tala
539 1183 33 22 för
588 1184 69 21 denna
667 1184 100 27 riktning.
791 1184 37 21 Att
839 1183 57 21 Kau-

68 1211 72 28 hajoki
156 1212 102 21 kommun
274 1212 40 21 den
331 1212 26 21 28
373 1219 58 15 mars
448 1213 59 21 detta
522 1213 23 21 år
561 1213 37 20 har
615 1213 76 21 uttalat
707 1213 36 26 sig,
759 1212 26 27 på
797 1214 42 19 sätt
849 1217 47 22 rep-

69 1243 137 18 resentanten
229 1240 32 21 för
285 1241 144 21 Kristinestad
451 1241 96 27 angifvit,
570 1241 37 21 har
631 1241 32 21 sin
683 1241 104 27 riktighet,
809 1247 49 14 men
874 1243 22 18 är

69 1269 37 21 det
121 1271 32 19 att
167 1269 121 23 observera,
304 1271 31 19 att
350 1269 58 22 detta
419 1270 110 21 uttalande
540 1269 45 22 icke
596 1269 40 22 kan
647 1269 62 22 hafva
720 1270 32 21 sin
763 1269 134 27 tillämpning

70 1297 27 27 på
120 1297 37 22 det
178 1297 80 27 förslag
281 1297 31 22 till
331 1298 234 27 järnvägssträckning,
589 1305 46 14 som
657 1297 80 28 förelåg
760 1298 36 21 vid
811 1300 85 19 senaste

69 1325 104 28 landtdag
192 1326 39 21 och
253 1326 80 21 hvilket
348 1327 64 21 också
427 1333 30 14 nu
474 1326 89 27 ungefär
579 1326 156 22 sammanfaller
750 1327 49 20 med
815 1326 82 21 utskot-

70 1356 42 19 tets
135 1353 87 28 förslag,
245 1355 76 21 medan
337 1355 36 21 det
389 1357 24 19 är
429 1355 112 27 själfklart,
557 1357 36 23 att,
609 1361 35 15 om
660 1361 49 15 man
725 1355 71 21 kittlar
812 1354 85 22 Kauha-

66 1383 128 27 jokibornas
217 1383 81 26 egoism
322 1383 48 22 med
393 1386 31 19 att
446 1384 7 20 i
477 1384 94 27 enlighet
593 1384 48 21 med
660 1384 63 27 sjätte
738 1383 158 22 reservationen

69 1411 33 27 (hr
118 1411 139 28 Carlströms)
273 1411 57 22 lofva
345 1412 46 21 leda
407 1418 26 15 en
449 1412 57 21 bana
521 1412 46 21 icke
583 1411 46 28 fyra
646 1412 111 21 kilometer
773 1411 46 22 från
835 1411 62 22 deras

70 1439 66 27 kyrka
155 1442 50 19 utan
224 1442 59 19 tvärs
300 1446 75 21 genom
392 1441 72 21 denna
480 1441 32 27 by,
528 1441 26 21 de
570 1441 60 21 skola
646 1443 59 24 säga:
719 1441 28 26 ja,
763 1441 70 20 denna
848 1440 49 27 vilja

70 1469 21 19 vi
114 1470 67 24 gärna
195 1468 68 21 hafva.
293 1469 49 20 Men
361 1469 34 21 stå
410 1469 27 21 de
453 1469 86 27 engång
553 1469 55 21 inför
624 1469 41 21 den
681 1469 171 24 eventualiteten,
868 1470 30 19 att

70 1496 70 21 banan
156 1496 58 22 ledes
231 1502 76 21 genom
325 1492 131 31 Östermark,
474 1498 24 20 så
514 1497 65 27 gäller
595 1497 89 21 likasom
695 1496 57 22 förut
765 1499 31 19 att
806 1496 27 22 de
843 1496 55 22 hålla
