1073 1745
173 85 46 38 344
467 86 252 37 Rautatierakennuksia.
843 96 27 16 26
882 100 20 16 p.
914 96 83 16 huhtik.

242 164 47 21 Hra
310 164 181 27 Björkstén:
513 165 43 27 Jag
570 164 85 22 förenar
670 166 44 26 mig
729 165 31 21 till
775 165 41 21 alla
831 164 57 22 delar
904 171 34 15 om
954 164 43 26 det,

173 198 46 16 som
242 192 26 21 hr
289 192 79 28 Elving
389 193 7 21 i
416 193 141 22 förevarande
571 193 61 28 fräga
647 194 76 21 anfört.
753 193 75 22 Tillika
843 193 40 21 kan
896 193 39 27 jag
950 192 46 22 icke

173 220 111 22 underläta
306 223 31 19 att
359 222 72 26 uttala,
453 224 31 19 att
503 222 39 27 jag
556 222 68 22 finner
640 222 36 22 det
691 222 121 27 beklagligt,
827 228 34 15 om
878 222 40 21 den
934 222 63 25 strid,

173 255 46 15 som
235 250 58 20 inom
309 250 40 21 och
365 253 58 19 utom
439 250 129 28 landtdagen
585 251 121 27 utkämpats
722 251 77 21 mellan
810 251 93 21 Värtsilä
913 250 84 21 banans

173 278 122 27 anhängare
309 279 13 21 &
337 285 40 15 ena
392 279 60 21 sidan
468 280 38 20 och
523 280 94 21 Joensuu
640 274 97 37 Nurmes
755 280 81 21 banans
852 279 121 27 anhängare
984 278 14 22 å

172 306 67 22 andra
262 307 65 25 sidan,
351 307 68 21 skulle
441 308 47 21 leda
510 308 32 21 till
557 308 56 22 hvad
625 308 38 28 jag
677 308 46 22 icke
739 308 77 21 saknar
831 308 116 26 anledning
962 309 33 19 att

172 334 79 27 befara,
267 336 106 27 nämligen
389 336 76 26 därtill,
480 339 31 19 att
526 336 74 28 frägan
616 343 35 15 om
666 337 73 21 vidare
751 336 245 28 järnvägsbyggnader
981 330 17 38 i

173 363 93 22 Karelen
281 364 33 21 för
329 366 133 20 närvarande
477 365 44 21 helt
536 366 39 20 och
591 365 64 21 hället
670 365 56 27 finge
741 364 88 22 förfalla.
859 365 73 27 Enligt
948 364 49 22 mitt

172 392 139 22 förmenande
333 393 38 21 har
390 394 106 26 nämligen
513 394 104 22 Karelens
633 394 124 26 befolkning
771 394 135 27 synnerligen
923 393 73 21 starka

173 420 39 21 och
235 422 122 26 rättmätiga
379 422 93 27 anspräk
494 423 27 26 pä
544 425 31 18 att
599 423 132 21 omedelbart
752 422 79 21 erhälla
845 422 151 26 förbättring
982 416 17 38 i

173 449 47 21 sina
233 449 318 28 järnvägskommunikationer.

242 507 47 20 Hra
311 507 229 28 Schybergson:
563 508 42 27 Jag
619 512 64 17 anser
698 508 44 27 mig
757 507 62 22 hafva
834 507 46 22 skäl
894 510 32 19 att
941 509 57 20 rätta

173 541 24 15 en
215 535 85 27 uppgift
314 535 23 22 af
350 542 25 15 en
391 536 24 21 af
427 537 27 20 de
469 539 86 19 senaste
570 537 63 21 ärade
648 537 100 21 talarena.
778 537 49 21 Han
842 536 38 21 har
893 536 104 27 äberopat

173 564 27 21 70
223 564 12 27 $
259 564 6 21 i
286 564 97 27 gällande
398 565 193 27 trafikreglemente
607 565 40 22 och
662 565 97 22 kommer
774 565 122 27 därigenom
913 565 30 20 till
960 565 37 21 det

172 592 97 26 resultat,
292 595 31 19 att
346 599 26 15 en
396 594 96 21 standert
506 596 98 19 trävaror
619 594 105 21 beräknas
740 594 31 21 till
787 594 39 25 2,70
841 596 43 19 ton.
915 593 42 22 Det
972 595 25 19 är

171 621 89 21 alldeles
282 621 79 27 riktigt,
384 622 6 21 i
413 622 101 21 händelse
536 622 82 22 tillfälle
640 623 31 21 till
694 623 94 26 vägning
803 622 23 21 af
839 624 95 19 trävaror
950 622 47 21 icke

171 649 76 22 finnes.
277 650 34 21 Dä
325 656 64 15 anses
405 651 71 21 vikten
492 658 51 15 vara
558 651 42 21 650
615 651 110 27 kilogram,
741 657 48 15 men
805 651 80 21 tillfälle
900 650 32 21 till
945 653 51 24 väg-

172 678 53 27 ning
249 677 68 23 finnes
332 679 65 26 alltid,
413 680 37 21 där
466 686 25 15 en
508 681 69 20 större
593 680 39 27 säg
646 681 23 20 är
684 680 83 27 anlagd,
783 679 39 22 och
837 679 33 22 för
885 679 110 22 vältorkad

172 708 86 20 trävara
280 707 96 22 kommer
399 714 48 15 man
472 708 46 21 icke
532 709 32 21 till
580 709 29 25 2,7
625 710 50 19 utan
692 709 31 21 till
739 709 45 26 2,35.
814 708 43 21 Det
872 708 54 21 hade
940 708 56 21 varit

173 735 51 26 skäl,
247 737 32 20 att
301 736 25 21 hr
342 736 103 27 Reijonen
461 737 150 27 kompletterat
627 737 112 27 uppgiften
754 737 27 27 pä
797 737 58 21 detta
870 738 47 24 sätt,
934 737 39 20 och
988 737 7 20 i

172 764 27 21 all
215 764 117 26 synnerhet
347 770 36 16 om
393 771 49 15 man
454 765 72 21 torkar
536 772 65 14 varan
613 766 71 20 säsom
695 766 36 20 det
743 765 41 21 kan
795 765 44 26 ske,
850 765 38 21 där
898 764 98 22 bränslet

171 794 24 19 är
211 792 74 27 billigt,
301 793 24 21 sä
340 793 97 21 kommer
453 800 47 15 man
511 794 32 21 till
555 794 76 21 endast
641 794 36 21 tvä
687 796 37 19 ton
735 800 39 20 per
785 794 101 25 standert,
898 793 97 27 hvarige-

172 827 50 15 nom
234 821 97 27 kalkylen
342 822 97 21 kommer
449 825 32 19 att
490 823 132 26 väsentligen
634 823 84 21 ändras.
745 822 47 21 Den
803 824 24 19 är
837 822 65 21 ocksä
912 822 6 21 i
928 822 68 21 andra

172 848 115 22 afseenden
303 850 84 27 oriktig,
402 856 49 16 men
464 851 38 26 jag
516 851 115 25 förmodar,
641 853 32 19 att
687 851 41 21 den
745 851 63 21 ärade
821 850 175 25 ständsledamot,

172 884 45 15 som
242 878 75 27 begärt
342 879 61 21 ordet
418 879 53 22 efter
486 879 49 27 mig,
552 879 53 21 skall
620 881 56 20 rätta
691 878 111 28 uppgiften
818 879 6 21 i
839 878 61 28 fråga
914 885 35 14 om
965 879 31 21 vi-

171 906 96 27 borgska
286 906 153 23 förhållanden.
470 908 124 21 Emellertid
609 910 23 19 är
647 908 36 21 det
697 908 48 21 icke
760 907 24 22 sä
799 907 77 28 viktigt
889 907 33 21 för
937 907 59 22 stän-

172 935 36 21 det
232 937 33 19 att
279 935 70 22 känna
364 935 117 23 skillnaden
498 937 77 20 mellan
591 936 115 22 kostnader
721 936 35 21 vid
772 938 110 25 transport
896 936 99 21 kanalvä-

172 969 41 21 gen
228 963 13 21 å
257 969 39 16 ena
311 964 60 21 sidan
388 965 39 21 och
443 965 48 21 med
499 965 92 27 järnväg
601 965 12 21 å
624 965 40 21 den
675 965 73 21 andra.
778 965 42 21 Det
835 966 24 19 är
874 964 122 27 tillräckligt

171 994 32 19 att
218 993 57 25 säga,
290 995 32 18 att
336 992 47 22 frän
399 993 97 22 Suolahti
510 993 32 21 till
557 994 83 21 Raumo
651 995 24 20 är
685 993 90 28 ungefär
786 993 41 21 lika
838 993 49 27 läng
898 995 40 25 väg
948 999 47 15 som

171 1019 46 22 från
241 1020 113 27 Lylykoski
376 1021 31 21 till
430 1022 87 27 Viborg.
548 1022 45 21 Och
615 1022 54 21 dock
684 1024 46 19 tror
745 1028 49 15 man
810 1022 34 27 sig
859 1021 72 22 kunna
947 1022 49 21 med

172 1051 45 19 stor
240 1048 69 22 fördel
331 1052 148 25 transportera
500 1053 97 19 trävaror
622 1051 70 21 denna
707 1052 42 25 väg
763 1051 40 20 och
817 1052 178 25 representanten

171 1077 32 21 för
227 1077 84 27 Kajana
325 1077 39 22 har
378 1078 33 21 för
427 1079 44 27 mig
485 1081 100 24 omnämt,
601 1081 32 19 att
648 1085 49 15 man
713 1079 46 21 stär
774 1079 7 21 i
796 1079 65 21 beräd
877 1081 31 18 att
923 1078 73 22 skicka

171 1107 98 20 trävaror
288 1106 31 21 till
339 1107 136 27 Helsingfors
496 1107 40 22 och
552 1108 36 21 det
603 1109 23 20 är
641 1113 27 16 en
683 1107 90 22 dubbelt
788 1108 24 21 sä
827 1107 50 27 läng
892 1109 41 25 väg
948 1113 46 16 som

171 1134 41 21 den
227 1134 48 21 frän
291 1135 119 27 Lylykoski,
426 1136 39 21 och
481 1142 48 15 man
545 1136 54 21 skall
609 1136 46 22 icke
665 1136 99 27 glömma,
775 1137 36 25 att,
822 1136 26 21 dä
859 1136 65 27 sägen
936 1135 60 22 kom-

171 1163 86 21 bineras
281 1163 48 22 med
352 1165 192 26 pappersindustri,
569 1171 49 15 man
641 1165 38 21 har
693 1165 139 26 användning
846 1164 32 21 för
895 1164 102 26 bränslet,

171 1191 82 21 hvilket
275 1193 38 25 gör
335 1194 32 19 att
391 1193 247 27 sägningskostnaderna
653 1193 65 21 blifva
734 1193 103 21 betäckta.
867 1193 42 21 Det
924 1194 23 19 är
962 1192 34 22 för

171 1220 63 27 ingen
254 1220 34 21 del
303 1220 64 26 fallet,
377 1223 32 19 att
424 1221 37 22 det
474 1221 45 22 icke
534 1221 73 22 ställer
622 1222 34 27 sig
671 1222 48 21 vida
734 1221 164 27 fördelaktigare
912 1223 32 19 att
958 1227 38 15 an-

171 1248 70 21 vända
258 1249 93 27 järnväg
365 1251 27 19 än
408 1252 32 19 att
454 1250 32 21 för
502 1250 101 21 särskildt
617 1250 37 22 det
668 1250 64 21 klena
747 1250 69 21 virket
829 1249 55 22 först
898 1250 98 27 begagna

171 1277 33 26 sig
228 1276 24 22 af
265 1277 91 28 flötning
370 1278 40 21 och
425 1279 65 21 sedan
507 1279 26 26 gå
548 1279 73 21 vidare
636 1279 138 26 kanalvägen.
803 1279 101 20 Tvärtom
920 1280 23 19 är
959 1279 37 20 det

170 1305 111 27 påtagligt,
303 1308 32 19 att
356 1309 111 25 transport
481 1313 38 21 per
531 1307 93 27 järnväg
639 1307 27 21 då
680 1309 24 19 är
718 1307 170 27 fördelaktigare,
904 1307 90 21 likasom

170 1333 37 21 det
223 1335 24 19 är
263 1334 109 27 påtagligt,
387 1337 37 24 att,
440 1335 37 21 där
492 1336 44 26 såg,
550 1335 148 27 pappersbruk
708 1335 40 22 och
758 1335 116 21 industrier
885 1334 68 22 finnas
964 1336 31 20 in-

170 1362 36 21 vid
221 1362 135 28 kanalvägar,
371 1363 64 21 dessa
449 1364 98 21 använda
561 1364 76 21 denna.
666 1364 11 21 I
689 1364 117 27 anledning
816 1363 23 22 af
847 1363 25 21 hr
883 1363 113 22 Alkunens

169 1391 102 26 yttrande
286 1391 36 21 vill
334 1391 39 27 jag
387 1394 117 25 yttermera
518 1392 93 27 tillägga,
626 1394 33 19 att
672 1393 44 20 min
733 1392 138 27 uppfattning
885 1392 111 26 angående

170 1418 238 23 kommunikationerna
425 1422 24 19 är
465 1421 46 25 den,
526 1423 37 23 att,
579 1427 34 14 om
629 1427 25 14 en
671 1420 109 22 landsdels
796 1420 116 21 materiella
927 1420 68 27 hjälp-

169 1447 68 21 källor
261 1447 124 27 därigenom
408 1448 120 27 förbättras,
545 1455 34 15 om
595 1449 36 21 det
646 1449 140 22 ekonomiska
801 1449 119 21 välståndet
936 1449 59 23 ökas,

170 1475 27 22 då
222 1477 63 26 göres
308 1476 40 21 den
366 1477 37 21 bas
419 1477 94 26 bredare,
528 1477 29 28 på
571 1477 85 22 hvilken
671 1477 62 22 äfven
749 1477 77 22 folkets
842 1477 154 22 intellektuella
