1075 1745
53 129 29 17 30
94 132 20 16 p.
128 128 82 17 huhtik.
349 119 231 35 Kulkulaitosrahasto.
838 120 43 21 435

54 198 99 22 toimeen,
170 196 72 26 joskin
259 202 23 16 se
297 196 109 22 vaikuttaa
423 196 114 27 joitakuita
553 196 123 21 muutoksia
691 196 86 21 muiden
794 195 86 21 elinkei-

54 226 63 26 nojen
134 224 67 22 alalla.

124 282 46 21 Hra
184 282 167 26 Lavonius,
403 282 120 21 Wilhelm:
555 282 49 21 Kun
613 282 46 27 pari
668 281 210 22 valtiovaliokunnan

51 312 87 26 jäsentä
152 316 28 16 on
196 310 171 26 huomauttanut,
383 311 50 21 ettei
455 311 167 21 valiokunnassa
636 310 34 22 ole
685 310 196 22 asiantuntemusta

54 340 106 21 tällaisten
175 339 136 27 kysymysten
327 339 213 27 yksityiskohtaiseen
552 339 132 25 ratkaisuun,
695 339 110 21 rohkenen
815 338 66 21 heiltä

54 369 71 27 kysyä,
141 368 47 20 eikö
204 368 48 20 näin
269 368 55 21 ollen
340 368 34 21 ole
390 368 228 27 epäjohdonmukaista
628 368 76 21 esittää
720 367 159 27 asiantuntijain

55 397 97 21 tekemän
169 396 133 22 ehdotuksen
318 396 144 28 hylkäämistä,
479 397 95 21 niinkuin
590 396 26 21 he
629 396 59 27 juuri
704 398 51 19 ovat
769 396 92 21 tehneet.

124 454 46 21 Hra
185 453 122 26 Heikel,
323 453 98 21 Felix:
452 453 53 22 Då
498 460 38 21 jag
552 454 82 25 nämde,
650 455 36 24 att,
702 453 7 21 i
725 453 36 21 det
775 453 58 21 fallet
848 454 32 19 att

55 483 26 20 de
96 482 35 21 tvä
146 482 70 27 lägsta
231 470 149 39 kategorierna
395 482 69 21 skulle
480 482 78 33 slopas,
569 482 58 21 detta
640 470 68 33 skulle
719 481 88 22 invärka
817 480 62 22 äfven

54 511 28 27 pä
98 511 26 21 de
139 511 67 26 högre
224 498 153 39 kategorierna,
393 511 72 26 utgick
477 511 38 26 jag
530 510 105 27 själffallet
650 510 46 21 frän
713 511 41 20 den
769 510 111 21 förutsätt-

55 540 85 27 ningen,
148 542 32 18 att
194 540 32 25 de,
242 545 46 16 som
304 546 30 14 nu
344 539 69 22 finnas
424 540 7 20 i
441 540 68 27 tredje
520 539 40 22 och
572 539 68 27 fjärde
655 539 113 27 kategorin
781 538 100 25 nerifrän,

55 570 37 19 äro
108 574 46 15 mer
170 568 84 21 erfarna
269 568 39 21 och
324 568 102 27 skickliga
441 570 26 19 än
484 569 26 20 de
526 568 148 27 nykomlingar
684 568 40 21 och
735 567 87 22 alldeles
833 573 47 14 oer-

54 597 66 25 farna,
141 603 45 15 som
208 596 69 22 finnas
292 597 7 20 i
314 597 26 21 de
356 597 36 21 tvä
407 597 70 26 lägsta
492 597 154 27 kategorierna.
677 597 81 26 Flyttas
773 603 29 14 nu
818 596 63 21 dessa

55 625 99 21 oerfarna
176 632 43 20 upp
235 626 7 20 i
257 625 68 27 tredje
347 625 40 22 och
409 625 69 27 fjärde
499 613 118 39 kategorin,
633 627 23 19 är
675 625 35 21 det
725 625 62 24 klart,
802 627 31 18 att
849 624 32 26 de,

56 660 45 15 som
118 654 52 21 höra
185 654 31 21 till
232 654 62 21 dessa
314 654 125 27 kategorier,
456 655 65 20 redan
542 654 68 27 tjänat
629 654 67 27 några
716 654 23 21 år
759 653 39 22 och
819 637 62 47 hafva

56 684 69 20 större
148 682 125 27 erfarenhet,
298 683 65 21 också
386 685 51 24 göra
457 683 93 27 anspråk
565 683 27 26 på
608 682 145 27 uppflyttning
768 682 31 21 till
814 681 67 27 högre

55 711 102 27 kategori,
173 711 39 21 och
228 711 90 22 sålunda
328 711 41 21 kan
379 711 150 27 förhöjningen
540 711 66 22 värka
616 711 51 21 flera
677 711 120 26 kategorier
808 710 73 27 uppåt.

56 740 49 20 Men
121 740 40 20 den
177 740 41 20 kan
234 740 136 26 naturligtvis
386 740 45 21 icke
446 740 79 21 tillåtas
538 740 65 20 värka
614 740 48 20 hela
672 740 64 26 linjen
747 739 68 27 uppåt
826 739 55 20 ända

55 768 32 21 till
102 768 26 21 de
144 768 76 27 högsta
235 768 154 27 kategorierna,
405 772 52 18 utan
474 769 36 20 det
525 768 68 21 måste
604 768 64 22 blifva
680 770 30 19 ett
721 768 84 21 atbrott.
831 766 48 22 Men

55 799 31 19 att
102 797 95 23 bedöma,
207 797 51 21 hvar
273 796 104 22 afbrottet
392 797 53 21 skall
461 797 44 25 ske,
521 797 36 21 det
571 797 42 21 kan
629 797 75 21 endast
719 797 47 25 den,
782 802 46 15 som
839 798 41 23 vet,

55 825 71 21 hvilka
148 826 142 26 prestationer
312 825 85 21 fordras
412 825 23 21 af
448 826 27 21 de
490 826 56 21 olika
568 826 99 26 betjänte.
697 825 78 21 Därför
791 825 40 21 kan
848 826 32 19 ut-

56 854 80 21 skottet
158 854 46 21 icke
226 854 66 21 häller
312 854 105 26 någonsin
433 854 6 21 i
455 854 64 27 detalj
536 854 90 21 bedöma
642 854 35 21 det
692 860 41 14 ena
747 854 52 20 eller
814 853 67 21 andra

55 881 117 28 framlagda
194 883 110 26 förslaget.
334 883 77 20 Därtill
434 882 90 26 fordras,
537 885 31 18 att
584 889 48 14 man
649 882 52 21 skall
717 889 52 14 vara
783 881 97 22 fackman

55 911 28 26 på
98 911 58 21 detta
171 911 92 26 område,
279 911 51 27 själf
340 911 161 27 järnvägsman.

124 940 33 21 Hr
173 940 79 21 Kaarlo
264 939 89 22 Castrén
369 939 102 22 förenade
487 940 33 26 sig
533 946 34 15 om
583 940 49 21 mitt
654 939 183 27 ändringsförslag
848 938 32 21 till

56 968 115 21 utskottets
187 969 109 21 uttalande
318 969 49 20 med
383 969 35 20 det
433 969 80 26 tillägg,
528 971 31 18 att
574 968 54 21 efter
645 967 232 22 »ortsförhållandena»

56 997 68 21 skulle
134 997 98 27 tilläggas
245 997 50 21 »och
306 997 174 27 arbetsmängd».
510 997 65 21 Detta
585 997 74 27 tillägg
666 997 41 20 kan
713 997 38 26 jag
763 998 65 25 gärna
838 996 41 21 för-

55 1031 39 15 ena
105 1025 43 27 mig
164 1032 40 19 om,
220 1026 138 27 hvarigenom
374 1026 51 21 våra
440 1025 81 28 förslag
536 1025 31 22 till
578 1026 55 21 kläm
647 1025 69 22 skulle
727 1024 151 23 sammanfalla.

124 1083 46 20 Hra
193 1083 230 27 Schybergson:
455 1083 42 21 För
513 1083 43 21 min
572 1083 34 21 del
622 1085 45 19 tror
680 1083 38 26 jag
732 1083 25 20 hr
773 1082 107 21 Lavonius

54 1111 39 22 har
115 1113 48 24 rätt,
179 1111 26 22 då
224 1111 42 22 han
281 1118 69 20 anser,
366 1113 31 20 att
413 1118 48 15 man
478 1111 134 22 öfverdrifvit
627 1111 41 22 den
684 1110 195 28 exempelgifvande

55 1140 122 27 betydelsen
193 1140 21 21 af
229 1139 162 28 ifrågavarande
406 1139 172 28 löneförhöjning
587 1140 33 21 för
630 1139 68 28 öfriga
707 1139 73 28 yrken.
804 1139 75 22 Såsom

55 1169 25 20 hr
95 1169 107 21 Lavonius
225 1171 64 23 nämt,
312 1171 24 19 är
356 1169 238 26 järnvägspersonalen,
610 1175 34 14 om
661 1169 64 21 också
740 1168 71 30 talrik,
826 1167 54 22 dock

54 1197 46 22 icke
123 1197 23 21 så
168 1197 68 26 talrik,
248 1199 31 20 att
294 1203 26 16 en
336 1197 173 27 löneförhöjning
523 1197 33 21 för
571 1198 47 21 dem
635 1197 68 21 skulle
718 1197 7 21 i
740 1189 71 34 högre
827 1196 53 27 grad

54 1225 112 22 ätervärka
187 1226 28 27 pä
238 1226 40 21 den
301 1226 68 26 öfriga
391 1226 211 21 arbetsmarknaden.
632 1222 70 25 Äfven
719 1226 63 21 dessa
797 1227 83 19 statens

55 1254 146 21 funktionärer
223 1255 86 20 komma
331 1255 60 21 alltid
413 1255 55 21 dock
491 1257 31 18 att
536 1255 71 26 intaga
623 1261 25 14 en
664 1253 215 28 undantagsposition

55 1285 110 24 gentemot
180 1283 41 21 den
237 1283 85 27 vanliga
336 1283 119 25 arbetaren,
472 1283 106 21 beroende
594 1289 46 15 som
657 1283 69 21 denna
741 1285 24 18 är
777 1282 22 21 af
808 1282 72 21 anbud

54 1311 40 21 och
110 1310 128 28 efterfrägan
253 1312 27 26 pä
295 1312 80 20 arbete.
404 1312 43 20 Det
463 1313 24 19 är
502 1311 86 21 alldeles
605 1311 68 21 skilda
688 1311 67 26 saker,
772 1317 47 15 som
834 1310 46 21 icke

54 1340 7 20 i
76 1340 103 21 nämvärd
202 1340 52 27 grad
276 1340 91 21 influera
388 1340 27 27 pä
437 1340 127 21 hvarandra.
593 1340 43 21 För
658 1340 43 20 min
721 1340 33 21 del
776 1342 45 18 tror
841 1338 40 27 jag

54 1368 78 25 därför,
147 1371 32 18 att
201 1369 36 21 det
258 1374 52 16 vore
327 1368 92 27 lyckligt,
438 1374 35 15 om
489 1368 126 22 hithörande
630 1368 72 27 stycke
718 1369 29 20 uti
764 1368 116 21 utskottets

55 1396 128 27 motivering
198 1397 69 21 skulle
282 1396 113 27 aflägsnas,
410 1397 72 21 säsom
499 1397 26 20 hr
541 1397 78 20 Kaarlo
636 1397 88 21 Castr6n
741 1396 116 27 föreslagit.

124 1425 62 21 Hvad
208 1425 75 27 frägan
299 1425 6 21 i
321 1425 50 21 dess
393 1425 72 21 helhet
488 1425 105 26 beträffar,
608 1425 68 21 mäste
696 1425 38 27 jag
747 1425 85 25 betona,
847 1425 34 20 att

54 1454 36 21 det
106 1455 22 19 är
143 1453 55 22 inför
214 1460 26 15 en
257 1454 83 27 mycket
356 1454 49 21 svär
420 1453 40 22 och
476 1454 113 27 obehaglig
604 1453 89 28 uppgift,
710 1460 45 15 som
769 1459 112 21 represen-

54 1482 93 21 tationen
165 1482 50 25 stär,
231 1483 27 20 dä
273 1483 36 20 det
325 1482 65 27 gäller
405 1484 32 19 att
451 1482 80 27 afgifva
541 1483 109 20 utlätande
661 1489 34 14 om
706 1489 26 14 en
743 1482 60 27 fräga
813 1481 67 22 sädan

54 1517 46 15 som
116 1511 76 26 denna,
206 1511 125 27 isynnerhet
346 1517 47 15 som
409 1511 40 21 den
465 1513 25 18 är
505 1513 51 19 utan
571 1511 65 26 nödig
651 1511 120 26 utredning.
799 1510 30 27 Ty
845 1510 37 21 det
