1073 1745
62 110 28 17 27
102 114 20 17 p.
134 109 82 17 huhtik.
351 100 256 33 Rautatierakennuksia.
846 100 43 21 369

64 184 49 15 men
130 183 75 21 genom
223 177 25 22 de
261 177 52 27 dyra
323 176 220 26 fraktförhållandena,
554 177 27 21 då
594 177 26 21 de
638 176 86 21 komma
744 175 31 22 till
795 175 94 22 använd-

64 207 132 26 ningsorten,
216 206 39 21 hos
271 212 36 15 oss
323 205 46 22 icke
385 211 57 16 mera
457 210 120 17 motsvarar
592 205 73 27 priset.

134 234 123 22 Emellertid
277 234 68 21 skulle
357 234 38 27 jag
410 234 27 21 be
451 237 31 18 att
493 233 21 22 få
525 233 55 22 fästa
591 233 97 22 ståndets
699 232 190 28 uppmärksamhet

64 264 37 21 vid
116 269 26 15 en
158 263 163 27 omständighet.
353 263 42 20 Det
411 269 62 21 synes
486 263 24 26 ju
527 263 39 21 lätt
581 262 28 27 på
623 262 82 25 kartan,
720 264 31 19 att
767 261 39 22 den
818 261 71 21 lands-

64 292 41 22 del.
121 298 46 15 som
177 291 118 27 begränsas
307 291 24 22 af
337 291 230 22 Vasa—Tammerfors
576 291 39 21 och
625 289 264 28 Tammerfors—Björne-

64 320 95 27 borgska
176 320 101 24 banorna,
295 322 22 19 är
333 323 84 18 enormt
433 323 51 22 stor,
500 319 39 22 och
555 319 47 22 hela
617 319 70 22 denna
702 319 102 23 landsdel,
820 318 70 21 såvidt

65 349 41 21 den
129 349 46 21 icke
198 349 87 21 beröres
307 348 22 22 af
350 355 29 14 nu
396 348 138 27 uppräknade
557 348 79 21 banors
653 347 124 26 trafikssfär,
799 349 23 19 är
836 347 8 21 i
859 346 30 21 af-

66 377 81 22 saknad
169 377 22 22 af
209 377 96 27 järnväg.
336 377 43 22 Går
396 383 47 15 man
463 380 24 18 ut
501 377 61 25 ifrån,
577 379 32 19 att
625 383 24 14 en
667 375 222 27 sammanbindnings-

66 406 55 21 bana
136 407 56 20 inom
209 406 58 21 detta
283 406 86 21 område
385 405 44 22 förr
441 405 51 22 eller
508 411 76 16 senare
600 405 68 21 måste
683 405 85 21 komma
779 404 30 21 till
821 404 68 25 stånd,

65 435 25 21 så
105 434 68 22 finner
189 440 54 21 man,
259 437 31 18 att
305 435 36 20 det
355 434 45 21 icke
417 440 50 15 vore
478 434 70 27 någon
561 433 108 28 onaturlig
681 433 163 28 utgångspunkt
856 432 33 22 för

66 463 289 27 sammanbindningsbanan,
371 463 129 24 densamma,
516 469 46 15 som
579 469 28 15 pu
623 462 89 21 föreslås
729 468 44 15 som
789 461 100 27 utgängs-

65 492 71 27 punkt
156 491 33 22 för
209 492 40 21 den
269 491 207 28 sydösterbottniska
498 492 75 21 banan.
602 491 42 27 Jag
659 494 51 22 tror,
725 493 32 19 att
771 491 41 20 den
828 490 62 25 bana,

66 527 46 15 som
140 521 52 21 skall
215 521 160 20 sammanbinda
400 519 231 22 Vasa--Tammerfors
656 519 39 22 och
717 518 173 22 Tammerfors—

66 549 247 27 Björneborg—Raumo
329 549 100 26 banorna,
440 549 114 27 lämpligen
565 549 38 21 bör
614 549 77 26 dragas
699 548 46 27 just
756 547 46 22 från
814 543 75 26 Öster-

66 584 61 21 myra
142 577 38 22 och
196 577 157 22 sammanträffa
369 578 47 21 med
433 577 145 27 Björneborgs
594 577 70 21 banan
680 577 6 21 i
701 577 102 21 närheten
819 575 22 22 af
848 576 40 21 den

63 607 124 28 nuvarande
204 606 233 27 förgreningspunkten
448 606 33 21 för
489 606 155 27 Björneborgs-
656 605 39 22 och
703 605 186 21 Raumobanorna.

63 635 72 21 Äfven
158 638 65 18 annat
238 635 53 21 talar
307 634 76 22 härför.
414 635 27 21 Så
464 637 15 18 t.
501 641 31 15 ex.
555 634 62 21 hafva
630 634 20 21 vi
669 634 38 21 här
723 634 26 27 på
765 633 74 22 kartan
856 636 33 18 ut-

62 663 89 28 prickad
166 670 26 15 en
209 663 125 27 visserligen
350 665 57 20 ännu
423 663 45 22 icke
479 663 118 27 föreslagen
614 663 55 21 bana
680 662 46 22 från
738 663 61 20 Riste
809 662 79 21 station

63 694 54 19 nära
132 692 40 21 den
180 692 47 27 just
241 692 22 21 af
277 692 44 27 mig
331 692 77 21 nämda
418 691 240 28 förgreningspunkten,
673 691 83 21 hvilken
773 691 55 20 bana
843 691 47 20 åter

64 721 70 21 skulle
150 721 159 21 sammanbinda
321 720 307 27 Björneborg—Tammerfors
640 720 69 21 banan
720 719 48 22 med
779 719 108 26 Toijala—

64 744 50 26 Åbo
123 749 75 22 banan.
222 749 72 22 Skulle
307 755 29 15 nu
349 749 41 21 den
401 749 60 25 bana,
473 749 31 21 till
512 755 26 15 en
550 749 74 27 början
637 748 106 27 utgående
756 748 46 21 från
814 748 75 21 Oster-

64 784 66 21 myra,
155 778 86 21 hvarom
259 785 28 14 nu
303 779 23 20 är
341 777 64 27 fråga,
422 778 76 26 dragas
514 778 66 26 något
595 783 57 16 mera
669 777 78 27 ostligt,
764 777 68 21 skulle
848 776 41 21 den

65 807 73 20 kunna
162 808 77 25 utgöra
253 807 28 26 pä
296 813 81 14 samma
393 806 56 27 gång
464 806 56 21 hvad
535 807 41 20 den
592 806 55 21 ändå
662 805 95 22 kommer
773 808 31 18 att
819 804 71 26 blifva,

64 835 70 21 första
148 835 77 21 länken
241 835 6 21 i
263 835 40 21 den
319 835 268 26 sammanbindningsbana
604 835 38 26 jag
656 834 37 21 här
705 835 76 20 berört.
812 833 79 22 Vidare

66 863 70 21 skulle
158 864 41 20 den
222 864 71 20 kunna
315 865 76 25 utgöra
411 863 39 21 och
466 863 83 27 mycket
564 863 34 21 väl
613 866 108 18 motsvara
736 863 40 21 och
792 864 99 25 uppväga

66 892 41 21 den
131 892 23 21 af
172 892 195 27 björneborgarena
392 892 24 20 så
439 894 66 24 gärna
526 892 120 21 åstundade
669 890 221 28 Björneborg—Kan-

66 920 97 27 kaanpää
178 921 75 21 banan.
274 920 33 22 De
321 920 154 27 kronoskogar,
491 926 47 16 som
553 920 116 21 förefinnas
681 920 43 22 här,
737 922 36 18 äro
784 919 46 21 icke
841 918 50 22 obe-

66 949 87 27 tydliga.
183 949 112 27 Sågvirket
313 948 92 22 därifrån
427 949 67 22 skulle
511 949 125 27 visserligen
652 948 85 21 komma
751 950 32 19 att
798 950 51 25 göra
866 954 25 14 en

66 978 48 21 litet
136 979 70 20 större
228 980 81 25 omväg,
333 984 34 15 om
389 978 36 21 det
445 978 54 21 skall
513 978 32 21 till
561 977 140 28 Björneborg,
717 983 47 15 men
781 976 68 22 skulle
866 977 26 20 då

67 1006 66 22 också
151 1006 62 22 hafva
228 1007 66 21 utsikt
309 1009 31 18 att
363 1007 86 20 komma
464 1007 32 21 till
520 1007 67 20 andra
612 1006 94 21 hamnar.
736 1005 41 22 Om
793 1011 47 15 man
863 1011 29 15 nu

68 1035 109 26 betänker,
188 1037 31 19 att
232 1035 212 21 smörfabrikationen
456 1035 39 21 och
507 1037 161 25 smörexporten
680 1035 95 21 kommer
786 1036 30 19 att
829 1033 65 22 blifva

67 1063 34 22 för
118 1059 140 26 Österbotten
275 1070 43 15 mer
334 1063 39 22 och
389 1070 44 15 mer
449 1063 194 25 kännetecknande,
657 1063 23 21 så
691 1063 67 21 måste
769 1069 48 14 man
829 1062 65 21 också

67 1092 67 21 tänka
152 1093 38 26 sig,
209 1096 31 17 att
255 1093 69 20 denna
339 1095 76 24 export
430 1092 53 21 skall
500 1092 131 21 underlättas
647 1092 23 21 så
685 1092 83 27 mycket
783 1097 45 15 som
841 1091 53 26 möj-

69 1121 46 26 ligt.
146 1121 75 21 Därtill
237 1123 23 19 är
275 1127 29 15 nu
319 1121 86 21 absolut
421 1121 136 26 nödvändigt,
573 1123 32 19 att
619 1127 26 14 en
663 1120 98 21 vintertid
774 1119 46 22 isfri
830 1119 64 21 hamn

69 1149 56 22 skall
140 1156 51 15 vara
203 1149 124 28 tillgänglig,
343 1149 40 22 och
399 1149 69 21 denna
483 1149 59 21 isfria
558 1149 63 21 hamn
635 1149 53 21 skall
699 1148 134 26 naturligtvis
844 1154 52 15 vara

71 1178 25 21 så
118 1180 51 19 nära
191 1185 46 14 som
254 1178 81 27 möjligt
356 1177 119 22 förbunden
493 1178 48 21 med
556 1177 207 22 fabrikationsorten.
793 1177 41 26 Jag
850 1179 46 18 tror

70 1206 53 26 icke,
146 1209 31 19 att
199 1207 20 21 vi
242 1207 72 21 kunna
336 1209 85 24 antaga,
439 1209 32 18 att
494 1213 26 14 en
536 1207 55 20 bana
607 1207 79 26 dragen
703 1205 30 22 till
749 1205 147 22 Kristinestad

70 1235 54 21 eller
137 1235 73 22 Kaskö
225 1241 38 15 ens
279 1235 125 21 sommartid
419 1235 41 21 kan
476 1238 109 18 motsvara
600 1234 119 27 anspråken
736 1235 27 26 på
774 1240 26 15 en
811 1236 85 24 export-

71 1263 65 22 hamn
159 1264 32 21 för
215 1265 63 20 smör.
307 1263 77 22 Därtill
405 1263 85 22 fordras
504 1263 47 22 icke
566 1263 54 22 blott
636 1269 26 16 en
677 1263 70 25 hamn,
760 1264 50 20 utan
826 1261 71 22 därtill

71 1291 75 22 fodras
162 1292 77 21 enkom
256 1292 105 21 inrättade
386 1291 75 27 fartyg.
492 1292 78 21 Därför
585 1291 69 22 skulle
667 1292 31 20 till
709 1291 156 21 räntabiliteten
878 1289 23 21 af

71 1320 43 22 den
130 1320 68 22 första
222 1320 61 22 delen
305 1320 23 21 af
348 1320 40 22 den
411 1320 123 27 föreslagna
555 1320 68 22 banan
640 1320 88 26 bidraga
743 1319 107 27 betydligt,
867 1320 32 19 att

73 1355 50 15 man
140 1349 75 21 tänker
230 1349 33 27 sig
277 1349 41 21 den
333 1348 24 22 af
369 1349 44 27 mig
428 1349 110 27 påpekade
552 1348 180 28 föreningsbanan
747 1348 7 21 i
770 1354 26 14 en
811 1347 88 21 framtid

71 1376 152 28 förvärkligad.
254 1378 41 20 Det
318 1379 23 19 är
356 1378 70 20 denna
448 1377 69 26 tanke,
534 1384 45 15 som
595 1377 61 27 gifvit
671 1377 43 27 mig
730 1382 57 16 mera
803 1376 47 21 stöd
866 1375 34 21 för

71 1407 35 20 att
137 1405 75 22 förena
245 1406 44 26 mig
313 1412 34 15 om
373 1406 41 21 den
447 1406 208 26 sydösterbottniska
679 1406 81 20 banans
781 1404 119 27 byggande.

72 1434 44 27 Jag
142 1434 54 22 skall
221 1434 51 22 utbe
297 1434 43 26 mig
363 1436 32 19 att
417 1434 21 21 få
468 1436 51 25 göra
547 1437 30 19 ett
601 1434 166 27 tilläggsförslag
790 1432 111 28 angående

74 1462 84 22 banans
183 1462 128 28 sträckning,
336 1462 72 22 förrän
434 1463 85 21 ståndet
544 1462 95 22 besluter
655 1463 32 26 sig
705 1461 32 22 för
758 1462 36 21 det
809 1461 7 21 i
831 1460 70 27 fråga-

74 1491 95 22 varande
190 1491 149 28 banförslaget.
369 1491 50 22 Men
443 1491 12 22 å
477 1491 68 22 andra
567 1491 60 22 sidan
649 1491 81 22 medför
752 1491 48 20 mitt
814 1489 88 28 förslag,

810 1529 23 18 24
