1070 1739
174 105 34 37 44
448 116 142 16 Väliaikaiset
601 116 135 17 valtiovarat.
855 115 26 17 27
892 119 20 16 p.
922 114 84 20 jouluk.

180 183 77 27 tyksen
274 190 34 14 n:o
326 184 9 20 1
350 184 101 26 johdosta
465 184 177 22 väliaikaisista
653 183 162 23 valtiovarain
826 182 84 23 hoitoa
920 182 85 23 koske-

180 212 66 22 vista
269 212 193 28 toimenpiteistä
484 212 61 22 1906
566 212 96 22 vuoden
679 212 114 22 edellistä
809 211 128 28 puoliskoa
953 216 53 16 var-

180 241 57 25 ten;
257 240 50 22 sekä
322 247 37 15 sen
374 241 126 27 yhteydessä

182 326 4 4 N
253 298 206 22 valtiovaliokunnan
481 299 96 21 mietintö
593 305 34 15 n:o
645 299 8 21 1
671 304 73 16 saman
761 297 120 22 armollisen
899 297 107 27 esityksen

177 326 110 27 johdosta.

254 384 45 21 Hra
314 384 138 22 Neovius
467 385 60 27 pyysi
543 384 167 27 puheenvuoroa
717 384 23 27 ja
751 384 78 21 lausui:
846 384 33 20 Dä
887 383 37 27 jag
935 384 73 20 senast

183 412 77 22 väckte
275 412 80 28 förslag
370 420 33 14 om
420 416 31 18 att
466 413 110 21 utskotten
592 413 69 21 skulle
676 413 113 26 öfverväga
811 412 41 22 den
876 411 131 27 omständig-

184 441 43 24 het,
251 443 31 19 att
301 441 145 28 föreliggande
466 442 78 26 nädiga
566 442 158 26 propositioner
745 441 184 27 kontrasignerats
945 440 23 21 af
981 446 27 15 en

183 476 88 20 person,
287 476 45 15 som
349 470 69 22 därtill
434 470 44 22 icke
494 471 54 21 varit
564 470 74 27 lagligt
653 470 124 27 berättigad,
794 470 24 21 sä
833 469 36 21 vill
881 469 37 27 jag
930 469 79 27 begära

184 498 65 22 ordet
264 499 7 21 i
283 498 114 28 anledning
412 499 22 21 af
447 500 36 20 det
498 499 96 26 resultat,
609 499 84 21 hvartill
709 498 110 22 utskotten
843 498 95 21 kommit.
968 498 40 20 Ut-

185 527 87 21 skotten
288 527 26 21 ha
330 530 71 19 ansett
416 530 31 19 att
461 527 74 27 frägan
551 530 23 19 är
590 527 22 22 af
625 528 41 21 den
681 530 39 22 art,
735 529 31 19 att
779 527 70 27 nägon
861 526 117 26 beredning
988 525 23 22 af

185 556 124 21 densamma
322 556 52 26 icke,
389 563 49 15 vare
453 557 33 26 sig
500 556 47 22 frän
563 556 136 27 bevillnings-
711 556 51 21 eller
773 555 171 22 statsutskottets
956 554 53 26 sida,

184 584 43 21 kan
244 584 159 28 ifrägakomma.
434 586 42 20 Det
490 584 107 22 förefaller
613 585 48 27 mig,
677 591 47 15 som
740 591 34 15 om
791 584 153 26 motiveringen
960 582 48 22 från

185 613 125 21 utskottens
326 614 46 21 sida
388 614 44 21 icke
447 620 51 15 vore
514 614 86 21 alldeles
616 614 120 26 oantastlig.
766 613 42 21 För
824 613 43 21 min
883 612 33 21 del
935 614 23 18 är
971 612 39 26 jag

185 644 94 19 tvärtom
295 642 22 21 af
330 648 25 15 en
372 649 69 15 annan
457 642 61 22 äsikt.
548 642 41 22 Om
602 642 38 27 jag
654 642 79 22 förstär
748 642 65 21 saken
829 643 48 23 rätt,
897 641 24 21 sä
936 640 73 21 stöder

185 670 35 27 sig
243 670 69 22 denna
334 671 56 21 åsikt
412 671 27 27 pä
461 672 27 26 S&
511 671 27 21 36
561 671 39 21 och
618 671 26 21 37
663 671 6 21 i
685 671 23 21 L.
724 670 30 26 O.
770 670 59 21 hvari
845 669 121 28 uppräknas
982 669 28 21 de

185 701 86 24 ämnen,
287 706 46 15 som
350 700 100 21 särskildt
461 700 52 21 höra
523 700 69 21 under
605 700 62 21 dessa
678 702 78 19 tvänne
769 699 94 21 utskotts
875 698 134 26 behandling.

185 728 127 21 Emellertid
327 728 41 21 kan
384 731 30 18 ett
430 731 60 18 ämne
513 729 45 21 icke
574 731 48 18 rent
632 729 96 20 abstrakt
746 728 121 21 remitteras
878 727 31 21 till
920 726 89 26 utskott,

186 759 53 18 utan
257 757 48 21 sker
321 757 35 21 det
373 763 75 21 genom
464 759 32 19 att
511 760 31 18 ett
557 757 43 21 helt
615 757 110 27 aktstyeke
741 769 26 2 -—
784 756 68 27 någon
870 755 139 28 proposition,

186 785 92 27 petition
301 785 50 21 eller
374 786 80 21 motion
471 799 25 2 —
512 786 121 21 remitteras
656 786 30 21 till
703 785 88 26 utskott,
807 785 38 21 och
862 785 27 20 dä
903 783 107 22 förefaller

186 814 37 21 det
239 814 71 21 såsom
326 814 103 27 naturligt
444 815 38 20 och
498 815 70 20 såsom
584 814 49 21 fullt
645 813 232 22 öfverensstämmande
888 813 47 20 med
946 813 64 20 dessa

186 842 131 27 paragrafer,
332 845 32 19 att
380 843 104 21 utskottet
499 843 103 27 granskar
617 843 74 26 frägan
707 843 6 20 i
729 843 49 20 dess
794 841 75 26 helhet,
879 841 45 22 icke
934 841 77 21 endast

187 871 50 21 dess
255 871 79 26 sakliga
349 871 98 26 innehäll,
462 873 50 20 utan
529 871 65 22 ocksä
608 872 49 21 dess
672 871 97 22 formella
784 871 51 23 sida,
854 869 33 22 för
902 870 40 21 den
958 869 52 21 hän-

186 899 60 21 delse
262 902 30 19 att
308 900 45 21 däri
369 900 67 21 skulle
451 899 114 22 förefinnas
581 900 45 21 skäl
642 900 31 21 till
689 899 146 26 anmärkning.
865 899 33 20 En
921 900 89 19 motsatt

186 928 58 21 åsikt
264 927 105 22 förefaller
392 929 44 26 mig
458 928 70 22 alltför
551 929 144 20 formalistisk.
725 929 11 20 I
759 934 24 15 en
800 927 77 22 kritisk
892 927 35 25 tid,
943 927 66 21 sådan

187 963 46 14 som
257 957 75 25 denna,
354 957 41 21 kan
418 957 40 21 den
473 960 15 18 t.
504 964 17 14 o.
538 964 26 14 m.
583 957 64 21 blifva
669 957 67 27 nägot
751 956 97 25 riskabel,
864 955 88 22 emedan
968 955 42 21 den

186 985 34 21 för
231 985 84 27 mycket
330 985 75 22 binder
421 986 135 27 möjligheten
572 988 32 19 att
619 987 52 26 göra
681 985 165 26 anmärkningar
857 987 45 18 mot
914 983 97 22 formella

187 1013 180 28 bristfälligheter,
390 1014 70 21 hvilka
474 1015 7 20 i
497 1015 33 26 sig
552 1015 71 20 kunde
645 1014 113 23 innesluta,
781 1019 35 15 om
833 1013 17 26 ej
867 1013 95 24 tendens,
986 1012 25 21 sä

187 1042 131 21 ätminstone
334 1049 26 14 en
376 1043 78 26 olaglig
469 1043 137 27 uppfattning
620 1043 21 21 at
656 1043 40 21 den
712 1042 97 21 formella
825 1041 60 22 sidan
901 1041 22 21 af
937 1041 71 21 saken.

187 1071 79 20 Denna
284 1071 136 27 uppfattning
442 1071 68 22 skulle
528 1071 94 22 utesluta
639 1073 70 20 rätten
725 1073 32 19 att
769 1070 105 21 behandla
889 1069 64 22 ocksä
967 1069 43 21 for-

186 1099 65 21 mella
273 1100 180 27 omständigheter
468 1101 7 20 i
490 1106 25 15 en
539 1100 65 27 nädig
625 1100 140 27 proposition,
787 1099 38 21 och
847 1098 105 21 förefaller
968 1098 42 21 den

186 1128 45 27 mig
247 1128 65 21 ocksä
326 1128 110 21 dessutom
452 1129 47 21 leda
514 1129 30 20 till
560 1135 26 14 en
602 1129 141 24 konsekvens,
759 1134 46 15 som
821 1127 67 26 enligt
903 1127 42 20 min
957 1133 54 20 upp-

185 1155 96 28 fattning
296 1157 44 20 icke
356 1157 69 21 skulle
440 1164 50 14 vara
504 1157 91 27 förenlig
610 1157 48 21 med
673 1157 22 21 L.
711 1157 37 23 O.;
763 1157 41 20 den
820 1155 69 22 skulle
904 1155 107 26 nämligen

186 1185 74 26 tvinga
277 1185 72 26 hvarje
364 1186 165 21 ständsmedlem
545 1187 31 20 att
591 1186 65 21 redan
672 1185 45 21 före
733 1185 104 21 remissen
848 1185 6 20 i
865 1183 62 27 detalj
939 1183 73 27 nagel-

186 1213 47 21 fara
257 1214 47 21 med
326 1214 162 26 propositionen
511 1214 32 21 för
565 1217 32 18 att
619 1216 82 24 utröna,
717 1220 35 15 om
768 1213 38 21 där
821 1213 28 26 pä
864 1212 46 21 sida
925 1218 35 15 om
976 1212 37 21 det

187 1241 84 28 sakliga
290 1242 116 22 innehållet
432 1242 112 28 föreligger
564 1243 71 27 någon
657 1241 164 28 omständighet,
843 1247 46 15 som
911 1240 101 28 möjligen

187 1270 74 22 kunde
276 1270 109 22 föranleda
400 1272 75 20 remiss
490 1272 31 21 till
537 1274 65 19 annat
617 1272 83 20 utskott
720 1271 52 21 eller
791 1270 138 21 tillsättandet
946 1268 22 22 af
982 1270 31 20 ett

187 1299 105 21 särskildt
313 1299 89 22 utskott.
432 1300 33 21 Då
484 1300 38 27 jag
544 1300 45 21 icke
611 1302 24 18 är
656 1300 125 27 öfvertygad
797 1305 35 15 om
848 1298 127 27 riktigheten
991 1296 24 22 af

188 1328 118 21 utskottets
322 1328 123 22 förfarande
458 1329 7 21 i
480 1329 59 21 detta
553 1328 42 26 fall,
617 1328 68 22 skulle
709 1327 164 22 konsekvensen
891 1326 71 27 bjuda,
981 1327 33 20 att

184 1356 39 27 jag
247 1356 69 22 skulle
338 1356 85 22 anhålla
445 1364 33 14 om
502 1357 122 21 återremiss
647 1356 23 22 af
683 1356 148 25 betänkandet,
847 1361 49 15 men
913 1355 26 21 då
954 1355 59 21 detta

187 1384 71 22 skulle
273 1385 72 21 kunna
360 1385 96 21 medföra
471 1392 25 14 en
512 1392 70 14 annan
593 1385 46 21 från
653 1386 141 26 laglighetens
805 1384 110 27 synpunkt
925 1383 87 21 betänk-

186 1413 31 27 lig
231 1413 143 26 konsekvens,
389 1416 32 19 att
436 1420 47 15 man
499 1414 46 21 icke
560 1414 68 21 skulle
643 1414 65 21 hinna
722 1414 58 20 inom
797 1413 58 21 detta
870 1412 23 21 år
909 1411 105 22 behandla

186 1442 60 20 detta
263 1442 135 21 brådskande
413 1443 83 24 ärende,
512 1443 24 21 så
550 1442 69 22 finner
639 1443 38 26 jag
695 1442 64 27 ingen
775 1448 70 14 annan
861 1442 67 25 utväg
940 1442 26 19 än
982 1441 32 19 att

185 1469 88 27 föreslå,
291 1472 31 20 att
336 1471 87 21 ståndet
437 1471 124 27 hänskjuter
576 1471 75 27 frågan
667 1471 31 21 till
713 1469 235 23 talmanskonferensen
964 1468 50 21 med

186 1498 101 28 uppdrag
303 1499 21 21 ät
335 1499 71 21 denna
416 1501 31 20 att
457 1506 24 15 se
491 1500 37 26 till,
537 1502 31 19 att
578 1500 100 21 rättelse
669 1493 11 37 i
687 1500 42 26 god
740 1499 31 21 tid
781 1498 41 22 blir
833 1498 107 26 vidtagen,
948 1497 24 21 sä
982 1498 32 20 att
