1073 1725
174 111 43 22 358
455 110 254 33 Rautatierakennuksia.
846 117 26 17 27
883 122 21 16 p.
916 116 82 17 huhtik.

175 191 48 16 mer
239 186 32 20 till
287 186 50 20 eller
353 185 52 22 icke.
436 186 25 21 Vi
477 186 61 21 skola
553 188 78 25 antaga
645 188 32 19 att
692 186 40 21 den
744 185 46 21 icke
800 185 96 21 kommer
907 185 31 21 till
949 185 50 22 eller

175 216 32 19 att
223 214 41 21 den
280 214 59 22 ledes
355 214 32 21 till
402 214 104 22 hvardera
521 214 82 22 staden.
634 214 155 22 Kristinestads
808 216 76 25 export
906 214 93 27 grundar

175 242 34 28 sig
232 242 179 28 hufvudsakligen
433 243 28 27 pä
480 244 102 24 trävaror,
599 242 84 22 Kaskös
698 242 176 27 hufvudsakligen
890 243 27 27 pä
932 242 68 22 landt-

176 272 204 26 mannaprodukter.
410 272 72 21 Kaskö
498 272 60 21 stads
573 271 118 22 förnämsta
706 271 129 21 konsument
850 273 23 19 är
888 272 36 20 det
940 277 67 15 norr--

175 300 92 21 ländska
281 300 199 21 industridistriktet
496 300 28 27 pä
539 300 67 22 andra
617 300 59 21 sidan
686 299 157 25 Bottenhafvet,
854 300 39 21 och
904 300 24 21 sä
938 300 62 26 länge

175 328 60 22 detta
258 328 86 22 distrikt
366 328 38 22 har
419 329 40 21 den
475 328 100 22 karaktär
591 329 36 21 det
642 329 43 25 har,
702 329 95 21 kommer
812 329 36 21 det
863 331 31 19 att
910 327 90 22 behöfva

174 363 29 15 en
225 358 80 26 mängd
319 356 24 22 af
356 357 62 21 dessa
439 357 117 27 produkter
571 357 40 21 och
626 359 32 19 att
673 360 49 24 taga
737 357 47 21 dem
801 357 59 21 öfver
876 357 78 25 Kaskö,
970 356 30 22 dit

176 386 69 21 under
268 386 26 21 de
317 388 86 19 senaste
425 386 50 21 ären
496 386 210 27 landtbefolkningen
723 387 51 19 vant
789 386 33 26 sig
836 389 32 18 att
883 386 66 20 sända
964 385 35 21 de-

174 420 89 16 samma.
293 414 33 22 Dä
342 420 47 15 man
405 415 13 21 ä
432 415 66 21 andra
514 414 61 22 sidan
591 415 105 25 besinnar,
712 417 31 19 att
759 414 239 26 trävaruhandteringen

174 443 8 21 i
197 442 178 28 Sydösterbotten
391 443 46 21 icke
453 444 39 20 kan
509 443 109 21 betraktas
635 443 70 21 säsom
722 443 70 27 nägon
808 443 128 27 handtering
951 442 48 22 med

173 474 48 19 stor
244 471 91 26 framtid,
358 472 24 21 sä
404 472 68 22 mäste
487 478 49 15 man
552 472 98 21 betrakta
666 472 156 21 Kristinestads
837 474 76 24 export
928 472 70 20 säsom

173 500 61 21 fotad
259 500 26 27 pä
307 506 26 15 en
357 500 83 22 mindre
463 500 62 22 stabil
549 500 71 27 grund
643 502 26 20 än
685 500 90 22 Kaskös.
805 500 44 21 Allt
864 500 58 22 detta
937 500 63 27 sagdt

174 529 49 21 med
246 529 40 21 den
309 529 138 25 reservation,
471 536 45 14 som
540 529 118 27 inneligger
673 529 7 21 i
695 529 73 26 hvarje
783 529 122 21 obevisbart
920 528 80 22 förmo-

174 557 77 22 dande.
279 558 41 27 Jag
343 558 36 21 vill
401 558 63 21 alltsä
482 558 2 21 i
500 558 71 21 denna
591 558 70 27 punkt
679 557 115 22 inskränka
810 558 43 27 mig
868 558 31 21 till
915 558 35 21 det
962 558 38 27 jag

173 586 39 21 här
227 585 106 28 framlagt.

244 615 63 21 Hvad
330 615 200 28 öfverhufvudtaget
552 618 137 24 transporten
712 621 77 21 genom
808 615 72 21 Kaskö
896 614 22 22 af
932 615 67 21 landt-

174 644 197 26 mannaprodukter
387 644 103 25 beträffar,
506 644 24 21 sä
546 646 45 19 tror
603 644 43 27 jag,
661 646 32 19 att
709 644 84 21 Kaskös
808 643 88 22 litenhet
912 643 39 22 och
964 643 35 22 det

174 678 65 15 namn
263 673 74 21 staden
360 673 38 20 har
420 679 35 15 om
478 673 33 27 sig
532 675 31 19 att
578 679 51 15 vara
646 672 60 27 »föga
721 679 46 14 mer
783 674 25 19 än
824 678 25 15 en
866 673 46 26 by»,
928 672 70 21 säsom

174 701 37 21 det
228 701 75 21 härom
319 701 68 27 dagen
403 702 49 21 stod
467 704 31 19 att
512 701 57 22 läsas
585 701 6 21 i
607 707 26 15 en
649 701 88 26 tidning,
753 701 62 21 hafva
830 701 39 21 hos
885 701 114 21 allmänhe-

175 731 36 19 ten
226 729 126 22 förvanskat
367 730 41 21 den
424 732 56 19 rätta
495 729 162 28 uppfattningen
669 737 34 14 om
715 730 85 21 Kaskös
811 729 188 27 exportförhällan-

174 758 48 21 den.
253 758 42 21 Det
317 761 23 18 är
353 758 54 21 dock
422 761 31 19 att
468 759 121 25 observera,
604 761 36 23 att,
656 759 65 26 enligt
738 758 107 27 uppgifter
861 758 98 21 hämtade
975 764 25 15 ur

174 786 104 22 Finlands
301 787 96 21 officiella
418 787 191 25 handelsstatistik,
632 787 72 22 Kaskö
727 787 64 21 bland
807 787 83 21 landets
906 786 94 21 hafreex-

173 815 131 27 porterande
329 816 71 21 städer
423 816 67 21 under
513 816 52 21 åren
587 816 139 21 1901—1904
741 815 76 27 intagit
833 815 81 27 platsen
931 821 34 15 n:o
980 815 20 24 3,

174 843 137 22 öfverträffad
331 845 76 20 endast
429 844 23 21 af
466 845 56 20 Vasa
537 845 39 20 och
592 839 54 26 Åbo.
676 844 11 20 I
702 844 61 26 fråga
777 850 35 15 om
828 846 75 24 export
918 843 23 21 af
954 843 46 21 kött

173 872 41 21 och
236 871 54 22 fläsk
313 872 44 21 står
380 872 71 22 Kaskö
474 873 67 21 under
564 879 81 15 samma
660 873 23 21 är
699 873 71 21 såsom
787 878 33 15 n:o
838 873 8 20 1
864 872 13 21 å
891 872 19 23 4,
926 872 74 21 därvid

175 900 103 22 stundom
293 900 148 28 ötverflygladt
456 900 25 26 af,
496 901 102 21 stundom
614 901 159 27 öfverflygande
788 901 82 26 Hangö,
888 901 57 21 Vasa
960 900 39 22 och

174 928 170 28 Gamlakarleby.
374 930 11 20 I
409 929 60 27 fråga
491 936 34 15 om
549 930 197 26 boskapsexporten
770 929 44 21 står
838 929 72 21 Kaskö
933 929 67 21 under

173 958 69 26 sagda
257 958 24 20 är
295 958 103 21 konstant
413 958 71 21 säsom
500 965 34 14 n:o
549 959 19 25 2,
584 958 74 22 därvid
674 958 68 22 turvis
756 957 146 27 öfverflygladt
912 958 55 20 blott
980 956 23 22 af

174 986 63 26 Vasa,
262 986 162 28 Gamlakarleby
440 987 50 21 eller
506 987 141 27 Björneborg.
673 987 64 21 Detta
753 988 23 20 är
792 986 74 26 siffror,
883 992 46 16 som
945 987 7 20 i
967 986 32 21 sin

174 1014 49 21 män
247 1014 56 27 gifva
325 1015 35 21 vid
376 1015 89 26 handen,
479 1018 31 18 att
526 1016 72 20 Kaskö
613 1015 201 27 öfverhufvudtaget
829 1015 71 21 säsom
916 1017 84 24 export-

174 1045 35 19 ort
231 1043 40 21 och
295 1044 71 21 säsom
389 1050 26 15 en
439 1047 34 18 ort
495 1044 49 21 med
567 1044 133 27 möjligheter
723 1044 40 21 och
779 1042 64 22 löften
860 1043 45 21 icke
921 1043 45 21 stär
977 1043 24 21 sä

173 1072 8 20 i
204 1071 105 27 skuggan,
333 1078 46 15 som
401 1078 48 15 man
470 1075 50 19 vant
535 1073 33 26 sig
583 1075 31 18 att
630 1075 39 19 tro.
697 1073 43 26 Jag
755 1072 36 21 vill
806 1074 76 24 genast
897 1072 103 23 markera,

173 1102 32 19 att
215 1100 39 27 jag
269 1100 32 21 för
317 1101 63 26 ingen
397 1101 34 21 del
447 1101 137 21 tillerkänner
596 1101 63 21 dessa
674 1108 28 14 nu
717 1100 89 22 anförda
821 1100 71 22 siffror
904 1100 40 21 och
955 1106 45 16 om-

173 1128 149 28 ständigheter
343 1130 70 26 nägon
432 1130 86 21 absolut
533 1130 51 21 eller
600 1130 106 21 bindande
721 1129 114 27 betydelse.
867 1129 73 21 Kaskö
955 1131 23 19 är
994 1129 6 20 i

173 1157 42 22 alla
237 1157 37 22 fall
297 1164 26 15 en
341 1158 50 21 liten
409 1159 128 26 exportstad,
553 1158 86 21 absolut
654 1161 63 24 taget.
747 1158 43 21 Det
804 1159 35 20 rör
854 1158 34 26 sig
902 1157 38 21 här
955 1157 46 22 icke

173 1192 36 15 om
233 1188 59 19 stora
307 1186 84 27 belopp,
406 1193 49 15 men
471 1187 35 21 det
521 1189 23 19 är
560 1187 54 21 dock
629 1187 71 26 nägot,
715 1186 40 22 och
771 1186 37 21 har
820 1187 38 26 jag
874 1186 76 21 endast
965 1192 35 15 ve-

173 1215 30 20 lat
225 1214 117 26 framhålla,
357 1217 32 19 att
404 1215 7 21 i
423 1215 123 27 jämförelse
562 1216 47 21 med
626 1215 144 21 Kristinestad
786 1217 102 24 exporten
904 1215 52 26 godt
972 1214 28 21 täl

173 1249 26 15 en
213 1243 131 27 jämförelse.

243 1271 137 22 Beträffande
402 1271 151 28 folkmängden
577 1274 22 19 är
620 1273 35 20 det
667 1273 25 26 ju
709 1272 84 24 bekant,
809 1273 31 20 att
856 1271 144 22 Kristinestad

174 1302 23 19 är
213 1301 77 25 större,
306 1307 47 14 men
367 1301 38 26 jag
419 1300 81 28 frägar:
516 1301 87 26 betyder
619 1301 36 21 det
670 1307 29 14 nu
709 1299 202 28 öfverhufvudtaget
922 1300 23 21 sä
956 1301 44 20 sär-

173 1329 59 21 deles
256 1329 83 26 mycket
357 1329 6 21 i
379 1329 60 27 fräga
454 1336 34 14 om
504 1329 46 22 smä
565 1329 72 21 städer
653 1329 47 21 med
715 1335 27 15 en
760 1328 122 27 befolkning
896 1327 23 22 af
933 1329 67 21 under

173 1357 64 25 3,000
252 1363 109 21 personer,
377 1364 36 15 om
429 1358 41 21 den
481 1364 39 15 ena
530 1357 39 22 har
579 1358 62 25 2,465
651 1357 39 22 och
703 1358 40 21 den
755 1357 67 21 andra
832 1357 42 21 834
884 1357 116 21 invänare?

173 1385 59 22 Vore
247 1386 64 21 dessa
327 1386 71 21 städer
414 1386 109 27 grundade
538 1387 7 20 i
561 1387 42 26 går,
619 1387 24 20 sä
658 1386 68 21 skulle
742 1392 49 15 man
806 1385 72 22 kunna
892 1385 66 27 tycka,
970 1387 31 20 att

173 1414 42 21 den
237 1413 60 22 förra
315 1416 63 19 växer
393 1416 33 19 tre
441 1415 79 27 gänger
536 1415 24 21 sä
575 1415 84 21 snabbt.
688 1415 57 25 Men,
761 1414 57 21 mina
833 1414 78 24 herrar,
927 1416 32 19 att
974 1413 27 27 pä

173 1442 61 21 öfver
256 1443 42 21 250
320 1443 29 25 år,
365 1443 71 21 såsom
457 1443 150 23 Kristinestad,
622 1443 46 21 icke
683 1443 86 21 komma
785 1449 43 20 upp
844 1442 31 21 till
891 1442 63 25 2,500
969 1442 31 21 in-

173 1471 87 26 vänare,
277 1471 58 22 detta
350 1472 90 21 innebär
456 1472 45 21 icke
515 1472 68 27 några
593 1471 103 22 särskilda
707 1471 72 25 löften,
791 1471 23 21 sä
824 1471 84 26 mycket
919 1471 82 21 mindre

173 1505 46 15 som
236 1499 152 28 befolkningen
404 1500 6 21 i
427 1500 144 21 Kristinestad
586 1500 67 21 under
663 1500 27 21 de
700 1500 27 21 25
739 1502 85 19 senaste
834 1499 51 21 åren
897 1499 103 21 minskats
