1070 1739
59 136 21 16 H
92 134 82 17 huhtik.
386 130 170 31 Paloviinavero.
841 126 42 21 207

61 204 47 21 275:
124 203 26 21 41
166 203 70 27 penni,
259 203 84 21 komme
358 203 67 26 enligt
440 201 119 28 fördelning
574 202 27 27 pä
617 202 70 27 grund
702 201 23 22 af
738 200 144 27 folkmängds-

60 232 159 22 förhållandena
234 238 43 20 upp
293 231 32 22 till
340 231 45 21 tmk
402 231 66 25 1,690:
484 231 27 21 86
527 231 71 26 penni.
627 230 61 21 Dock
703 233 36 18 vet
751 230 24 27 ju
797 229 87 24 enhvar,

61 264 32 19 att
108 261 153 20 kommunerna
276 260 65 21 redan
356 260 8 20 i
379 259 58 22 detta
448 266 29 15 nu
487 259 94 22 beräkna
592 259 47 22 sina
648 259 118 21 inkomster
776 258 28 27 pä
815 257 69 27 grund

61 290 24 21 af
99 289 68 28 gamla
181 288 219 27 fördelningsformer,
414 288 40 21 och
468 288 33 21 för
518 288 76 27 mänga
609 288 127 21 kommuner
752 287 59 27 spela
821 287 65 20 dessa

62 318 69 21 medel
153 323 26 16 en
202 317 45 22 icke
269 317 109 27 obetydlig
400 317 46 20 roll.
474 317 42 26 Jag
531 316 69 21 skulle
615 322 52 15 anse
682 316 36 21 det
733 315 48 22 med
797 315 89 21 rättvisa

62 346 100 27 förenligt
177 346 39 21 och
231 346 72 21 säsom
319 346 37 21 det
371 345 215 27 ändamälsenligaste
600 345 33 21 för
649 345 70 21 denna
733 343 151 28 finansperiod,

63 378 31 19 att
109 375 71 22 säsom
196 375 69 26 grund
280 373 32 22 för
327 373 148 27 fördelningen
490 374 42 21 läta
547 374 55 21 bäda
617 374 64 21 dessa
691 373 194 26 beräkningsgrun-

63 405 38 20 der
117 403 48 26 tala,
179 403 107 26 nämligen
302 405 31 19 att
348 403 41 20 den
405 402 67 27 enligt
487 403 79 20 mantal
582 402 31 21 till
627 401 122 28 fördelning
764 401 123 21 beräknade

64 438 97 16 summan
187 432 48 26 plus
259 437 98 15 summan
384 431 144 27 uppkommen
551 431 22 21 af
587 430 216 27 folkmängdsantalet
817 429 70 21 skulle

65 460 139 22 sammansläs
226 460 38 21 och
280 460 121 21 medeltalet
416 459 61 21 däraf
490 461 77 25 utgöra
583 459 104 27 grunden.
721 458 33 22 Då
769 458 68 22 skulle
853 458 33 20 sä-

64 489 67 21 lunda
152 489 7 21 i
181 489 41 21 alla
243 488 36 22 fall
302 494 26 15 en
352 488 203 27 öfvergängsperiod
571 494 51 15 vara
637 488 79 26 möjlig,
732 487 38 21 och
786 490 45 18 tror
843 486 44 27 jag,

65 520 32 19 att
119 524 48 14 man
190 518 65 20 minst
270 517 26 21 dä
311 517 83 21 lederar
410 516 94 22 hvarken
520 517 41 21 den
577 522 40 16 ena
633 516 190 27 rättssynpunkten
835 514 52 21 eller

66 547 41 21 den
123 546 71 21 andra.
223 546 41 26 Jag
279 546 69 21 skulle
364 545 71 21 därför
450 545 112 21 hemställa
578 551 34 15 om
628 545 124 21 äterremiss
763 544 30 21 till
804 543 83 22 utskot-

66 578 30 18 tet
117 574 32 22 för
164 577 31 19 att
210 575 69 21 denna
294 574 200 27 beräkningsgrund
509 574 69 21 skulle
594 576 59 25 tagas
667 574 68 20 under
746 571 141 29 ompröfning.

66 604 11 20 I
93 603 63 27 öfrigt
170 604 37 20 vill
218 603 38 27 jag
271 603 63 21 också
349 602 74 22 förena
437 603 45 27 mig
496 602 135 27 fullständigt
645 602 49 21 med
710 602 24 21 hr
749 602 90 26 Ingman
850 607 37 14 an-

67 632 81 27 gående
163 632 66 27 öfriga
245 632 85 26 anslags
345 631 125 27 beviljande,
486 638 48 14 men
550 631 48 21 med
613 631 25 21 hr
653 630 100 22 Mäkinen
769 630 45 21 åter
829 630 4 20 i
838 629 50 25 det,

67 663 31 19 att
120 660 73 27 frägan
217 660 68 22 skulle
308 660 118 21 tillsvidare
447 660 99 21 förblifva
561 660 105 21 hvilande.
696 660 32 20 Hr
744 660 89 26 Ingman
850 658 38 20 har

67 689 124 27 visserligen
214 689 102 27 äberopat
338 691 32 19 ett
391 688 85 22 talande
499 688 52 26 skäl,
566 688 107 27 nämligen
689 688 40 21 den
746 687 142 27 möjligheten,

67 720 32 19 att
115 718 170 21 statsutskottets
300 717 80 27 förslag
395 717 69 21 skulle
480 717 6 21 i
502 717 53 21 sista
569 717 96 21 minuten
681 717 108 21 inkomma
805 715 38 21 och
855 715 33 21 sä-

68 747 58 21 ledes
146 748 31 20 ett
192 746 144 22 brädstörtadt
350 746 71 21 beslut
435 745 71 26 fattas,
522 752 48 14 men
586 746 13 20 å
613 746 66 20 andra
695 745 59 21 sidan
771 744 68 22 skulle
851 744 39 26 jag

68 782 26 14 ur
115 775 117 27 principiell
247 774 109 28 synpunkt
371 774 55 27 vilja,
441 777 31 19 att
484 774 48 27 just
546 774 160 22 statsutskottet
721 773 68 21 skulle
803 772 86 21 komma

68 804 21 21 in
111 804 48 21 med
175 804 58 21 detta
246 803 80 27 förslag
341 803 39 21 och
396 805 32 19 att
442 803 46 21 icke
503 803 26 21 de
544 803 97 21 enskilda
655 802 90 22 ständen
761 801 127 22 härutinnan

69 832 68 22 skulle
152 832 89 22 besluta.

139 890 45 20 Hra
200 889 149 22 Oivanen:
360 889 59 21 Minä
429 889 75 27 pyysin
512 889 167 27 puheenvuoroa
686 887 137 22 lausuakseni
831 888 60 25 myös

69 918 136 27 mielipiteeni
233 918 197 26 viinaverovarojen
457 918 193 26 jakoperusteesta.
688 915 203 23 Talousvaliokunta

70 947 99 20 ehdottaa
184 946 119 21 mielestäni
317 946 99 27 pätevillä
432 946 65 27 syillä,
513 948 43 19 että
570 945 197 27 viinaverorahojen
775 944 51 27 jako
837 944 54 20 kun-

69 975 51 21 nille
142 975 115 26 tapahtuisi
281 975 114 21 tästälähin
418 974 89 21 kuntien
525 974 112 21 vedellisen
653 974 85 21 vuoden
754 972 136 27 henkikirjoi-

70 1003 77 22 tuksen
163 1006 120 19 osottaman
299 1003 165 21 asukasmäärän
480 1003 47 21 eikä
541 1003 137 21 manttaalien
694 1002 112 21 mukaan».
837 1001 54 21 Sitä-

71 1033 82 20 vastoin
169 1032 113 27 puolustaa
297 1031 189 22 valtiovaliokunta
501 1032 78 21 entistä
594 1031 136 21 manttaalien
746 1030 105 22 mukaista
859 1029 32 26 ja-

70 1061 41 21 koa
133 1061 22 26 ja
180 1061 123 21 merkillistä
328 1060 56 27 kyllä
399 1062 115 25 etupäässä
530 1060 135 21 »kohtuuden
682 1060 82 27 syistä.»
796 1059 95 20 Minusta

70 1089 133 22 kumminkin
226 1089 112 21 vaatisivat
356 1089 60 27 juuri
430 1089 126 21 kohtuuden
572 1091 47 24 syyt
633 1088 132 21 toisenlaista
777 1087 69 28 jakoa,
859 1086 32 27 ja-

70 1118 41 21 koa
132 1118 144 21 asukasluvun
293 1117 97 22 mukaan.
420 1118 39 21 Jos
476 1117 124 21 manttaalin
615 1117 108 26 omistajat
734 1117 24 26 ja
772 1115 119 28 kaupunki-

70 1147 61 21 laiset
141 1147 102 26 yksinään
259 1146 133 21 kokoaisivat
402 1152 43 15 nuo
457 1149 66 22 varat,
534 1146 69 21 silloin
615 1146 54 21 ehkä
679 1145 47 22 olisi
736 1145 85 21 entinen
830 1143 61 28 jako-

70 1177 50 25 tapa
135 1175 124 27 paikallaan,
274 1177 68 19 mutta
358 1175 43 21 kun
417 1175 132 26 ahkerimpia
564 1177 50 18 ovat
629 1174 97 21 useinkin
742 1180 32 19 ne,
786 1173 61 27 jotka
862 1173 28 20 ei-

71 1206 36 19 vät
129 1205 76 20 omista
227 1204 77 21 mitään
328 1203 131 22 manttaaliin
483 1205 80 25 pantua
578 1205 75 23 maata,
668 1203 43 20 niin
728 1202 91 21 vaativat
832 1200 59 27 juuri

73 1233 135 20 »kohtuuden
232 1235 58 24 syyt»
309 1232 146 21 asukasluvun
471 1232 107 21 mukaista
590 1231 69 27 jakoa.
689 1231 34 21 Ne
737 1231 92 21 vaativat
845 1229 47 25 sitä,

70 1261 108 21 varsinkin
201 1261 50 21 kuin
274 1260 170 21 viinaverorahat
466 1261 56 20 eivät
537 1260 44 21 tule
596 1260 84 21 millään
696 1259 77 22 tavalla
787 1260 104 19 manttaa-

70 1289 55 22 leille
147 1289 155 22 korvaukseksi
321 1291 141 25 menetetystä
478 1288 343 27 kotitarpeenpoltto-oikeudesta,
837 1292 54 15 vaan

71 1331 26 2 —
113 1318 239 21 valistustarkoituksiin
368 1317 44 22 kun
427 1317 53 22 niitä
495 1317 124 22 tavallisesti
634 1317 111 27 käytetään
757 1329 26 2 —
794 1315 97 28 myöskin

67 1347 24 26 ja
106 1349 115 24 etupäässä
232 1347 59 26 juuri
306 1346 201 21 manttaalittomien
523 1346 94 27 hyväksi.

140 1375 77 22 Uuden
237 1375 167 27 jakoperusteen
427 1374 93 21 mukaan
542 1375 95 20 tulisivat
658 1374 55 21 tosin
730 1374 65 21 toiset
809 1373 83 20 kunnat

71 1410 98 15 saamaan
192 1403 204 22 viinaverorahoista
418 1403 126 21 vähemmän
567 1403 51 21 kuin
641 1409 76 19 ennen,
732 1404 68 19 mutta
815 1401 42 21 sitä
871 1400 20 22 ei

71 1433 34 20 voi
129 1435 77 22 auttaa,
229 1432 46 21 eikä
301 1438 22 15 se
338 1432 122 21 mitenkään
477 1438 37 15 saa
529 1431 41 22 olla
586 1433 85 20 esteenä
686 1431 69 21 kauan
770 1429 120 22 vallinneen

71 1461 118 27 vääryyden
205 1461 156 26 poistamiseen.

139 1488 222 22 Talousvaliokunnan
378 1488 125 21 mietintöön
520 1494 27 16 on
563 1488 75 27 liitetty
650 1488 82 27 joukko
750 1487 143 21 viinaverora-

70 1518 63 26 hojen
146 1517 65 27 jakoa
226 1517 102 21 koskevia
342 1517 87 27 tauluja,
441 1517 67 27 joista
523 1517 122 21 valiokunta
660 1516 83 25 lausuu,
759 1517 44 19 että
817 1515 76 21 »niistä
