1075 1748
176 116 44 22 394
466 121 252 30 Rautatierakennuksia.
850 125 26 17 27
887 129 21 17 p.
921 124 82 18 huhtik.

241 193 38 28 jos
294 193 20 22 ei
329 194 90 27 voittaa,
433 201 29 14 on
472 196 64 27 sääty
546 195 96 28 yhtynyt
654 195 42 21 hra
707 194 136 22 Helanderin
855 194 148 21 ehdotukseen.

248 256 235 29 Lippuäänestyksessä
501 258 104 21 annettiin
625 258 120 27 esitykseen
761 257 150 22 vastaukseksi
925 257 28 22 23
965 257 38 27 jaa

173 284 25 27 ja
212 284 29 21 45
257 285 25 25 ei,
300 285 24 27 ja
344 287 60 26 sääty
419 287 28 21 oli
464 287 37 21 siis
516 288 110 26 päättänyt
648 286 108 28 hyväksyä
775 285 133 22 ehdotuksen
923 285 79 28 yhdek-

177 314 105 21 sännessä
297 315 124 21 mietintöön
437 315 104 27 liitetyssä
556 316 177 25 vastalauseessa,
744 314 110 22 kuitenkin
866 317 137 19 muutettuna

177 341 62 27 siten,
256 344 43 19 että
314 343 54 21 siinä
383 343 104 22 mainitun
503 343 242 22 rautatierakennuksen
761 343 179 22 toimittamiseksi
952 349 50 15 vuo-

177 370 49 21 sina
243 371 55 22 1906
310 371 23 28 ja
349 372 54 21 1907
416 374 141 26 myönnetään
575 373 110 25 1,000,000
700 371 106 22 markkaa.

248 444 152 23 Valiokunnan
416 447 77 21 sivulla
507 447 27 21 37
554 446 98 27 löytyvän
668 452 86 22 ponnen
767 446 102 27 johdosta
885 446 59 27 pyysi

245 507 39 22 hra
315 509 131 26 Juselius,
485 511 99 25 August,
595 509 168 28 puheenvuoroa
768 509 24 27 ja
800 509 75 21 lausui:
885 509 117 27 Järnvägs-

176 536 108 22 utskottet
306 537 38 22 har
366 538 7 21 i
388 538 38 21 sitt
448 537 134 22 betänkande
601 538 27 27 pä
643 544 48 21 pag.
706 538 28 21 35
750 537 39 22 och
805 538 28 21 36
848 538 13 25 i,
877 544 34 15 om
925 537 37 28 jag
977 537 24 22 sä

175 564 33 22 fär
224 567 58 25 säga,
298 565 118 28 geografisk
431 567 93 26 ordning
539 567 121 27 uppräknat
674 567 26 21 de
717 567 110 26 banlinjer,
843 573 45 14 som
906 568 95 19 närmast

176 593 26 22 de
218 600 29 15 nu
272 594 31 21 till
325 595 98 27 byggnad
438 595 122 27 föreslagna
582 595 95 22 banorna
693 595 69 22 skulle
784 595 63 22 hafva
861 597 32 19 att
907 595 94 27 päräkna

175 622 142 27 landtdagens
342 623 196 28 uppmärksamhet.
568 624 75 21 Tillika
658 624 39 21 har
712 623 107 22 utskottet
833 623 101 28 tillstyrkt
950 623 51 28 god-

175 650 114 23 kännande
304 651 22 22 af
346 653 175 26 propositionens
544 652 81 27 förslag
642 653 81 25 därom,
739 655 32 18 att
785 652 32 21 för
834 652 131 21 bekostande
980 651 23 22 af

175 679 74 22 vidare
268 680 290 28 järnvägsundersökningar
583 681 68 22 under
666 681 52 22 ären
735 681 54 22 1906
805 681 40 21 och
861 681 54 21 1907
933 680 68 22 skulle

174 708 74 21 ansläs
264 711 31 19 ett
309 709 78 28 belopp
403 709 23 22 af
440 709 90 26 100,000
545 709 65 22 mark.

245 737 75 22 Ehuru
344 738 106 21 utskottet
471 740 77 25 ansett,
570 740 30 19 att
615 738 46 21 icke
676 738 99 27 samtliga
790 738 51 21 eller
857 744 38 15 ens
910 737 91 22 flertalet

175 765 23 22 af
212 765 162 28 ifrågavarande
396 767 63 26 linjer
480 767 73 21 kunna
575 767 27 27 pä
617 773 25 15 en
664 767 56 27 gång
735 767 86 21 komma
836 767 31 21 till
882 766 117 27 utförande,

174 793 40 22 har
236 794 106 22 utskottet
363 795 55 22 dock
441 795 46 22 icke
510 795 71 22 utlätit
603 795 34 27 sig
659 802 41 19 om,
716 795 72 22 hvilka
803 795 64 22 bland
882 795 27 21 de
924 795 75 27 ifräga-

175 823 95 21 varande
291 823 90 27 linjerna
404 824 67 21 borde
491 824 152 21 företrädesvis
665 824 51 21 eller
731 823 88 22 framför
834 824 66 21 andra
914 823 87 22 komma

174 851 32 21 till
229 851 119 22 utförande.
379 852 97 22 Orsaken
501 853 71 21 därtill
587 854 24 20 är
625 852 142 28 förmodligen
783 853 48 25 den,
847 854 32 19 att
895 852 105 21 utskottet

174 886 70 20 anser,
260 882 31 20 att
306 881 161 27 undersökning
481 881 23 21 af
517 881 98 27 samtliga
630 882 62 20 dessa
703 882 105 26 banlinjer
819 881 101 27 möjligen
931 881 68 21 skulle

174 908 66 22 hinna
263 909 158 22 ästadkommas
443 910 46 21 före
509 912 61 19 nästa
593 910 107 27 landtdag.
729 910 50 21 Men
797 910 34 21 för
846 910 43 20 min
905 910 33 21 del
954 912 45 19 tror

170 936 40 28 jag
224 943 29 15 nu
270 938 51 25 icke,
340 938 95 27 speciellt
449 939 48 21 med
513 938 81 28 hänsyn
610 938 71 22 därtill
696 941 32 19 att
743 938 76 22 endast
834 938 49 21 kort
899 938 30 21 tid
945 938 54 21 äter-

174 966 45 20 stär
242 966 32 21 till
297 968 62 20 nästa
380 967 107 27 landtdag,
510 969 32 19 att
563 973 26 15 en
610 967 125 27 fullständig
750 966 162 28 undersökning
926 966 23 22 af
959 967 40 21 alla

174 994 64 21 dessa
261 994 61 27 linjer
344 995 69 21 skulle
435 996 72 21 kunna
530 996 132 21 värkställas.
692 995 79 22 Därför
787 1002 51 15 vore
853 995 36 21 det
905 995 33 21 väl
954 995 45 21 skäl

174 1024 32 20 att
222 1029 30 15 nu
268 1023 62 21 länka
344 1024 117 27 styrelsens
477 1024 188 27 uppmärksamhet
680 1024 28 28 pä
719 1024 28 22 de
759 1024 73 26 banor,
843 1024 82 21 hvilkas
936 1030 63 15 snara

173 1050 173 28 förvärkligande
361 1054 24 19 är
400 1053 48 21 bäst
463 1053 133 21 motiveradt.

244 1080 11 21 I
271 1080 58 22 detta
350 1080 123 22 hänseende
494 1081 78 21 tillåter
591 1081 37 27 jag
650 1082 44 26 mig
715 1080 112 22 framhålla
842 1080 64 28 linjen
922 1075 77 27 Äbo—

175 1108 91 27 Nystad.
296 1109 77 21 Denna
394 1110 56 21 bana
472 1110 39 21 hör
534 1110 31 21 till
584 1110 54 25 dem,
656 1116 34 15 om
707 1109 72 22 hvilka
790 1109 210 27 järnvägsutskottet

175 1137 66 21 redan
258 1137 35 21 vid
310 1138 54 21 1897
380 1138 35 21 ärs
431 1138 102 27 landtdag
546 1138 89 27 yttrade,
650 1140 32 19 att
696 1139 51 21 dess
763 1138 112 21 utförande
885 1138 114 26 ingalunda

175 1165 67 21 borde
266 1166 128 27 uppskjutas
418 1166 31 22 till
465 1172 25 16 en
507 1167 111 21 obestämd
633 1166 91 25 framtid,
741 1169 50 19 utan
807 1168 93 19 tvärtom
916 1168 84 20 snarast

174 1193 85 27 möjligt
274 1194 85 22 komma
375 1194 30 22 till
425 1195 119 21 utförande.
578 1195 45 21 Och
641 1195 34 21 vid
693 1195 56 21 1900
759 1195 35 21 års
805 1194 102 28 landtdag
916 1195 83 27 yttrade

171 1222 217 28 järnvägsutskottet,
408 1226 31 19 att
455 1224 105 21 utskottet
575 1223 83 22 tillfullo
674 1224 105 21 erkänner
795 1223 36 22 det
847 1223 130 27 berättigade
992 1224 7 21 i

173 1251 76 21 staden
274 1251 93 28 Nystads
389 1252 94 21 sträfvan
507 1255 31 18 att
560 1253 106 21 komma
650 1247 17 38 i
684 1252 127 27 ätnjutande
829 1252 23 21 af
868 1251 131 22 förbättrade

173 1279 211 22 kommunikationer
400 1281 39 21 och
455 1283 23 19 är
493 1287 52 15 ense
561 1287 34 15 om
612 1281 35 21 det
659 1281 190 27 behjärtansvärda
864 1281 13 23 i,
892 1283 31 18 att
937 1287 61 20 nyss-

173 1307 94 22 berörda
282 1308 107 22 landsdels
405 1309 169 22 trafikintressen
588 1309 63 22 blifva
661 1309 164 28 tillgodosedda.
854 1309 42 26 Jag
908 1309 35 21 vill
954 1309 45 22 icke

173 1342 30 15 nu
226 1339 96 25 upptaga
344 1337 41 22 alla
407 1338 27 21 de
459 1338 51 25 skäl,
533 1344 46 15 som
600 1338 42 21 tala
664 1338 32 21 för
712 1341 32 18 att
759 1337 75 22 staden
850 1337 82 28 Nystad
948 1341 51 18 utan

173 1364 104 27 dröjsmål
292 1365 67 22 borde
374 1366 28 21 bli
418 1366 93 27 delaktig
526 1366 23 21 af
556 1366 241 27 järnvägsförbindelse.
826 1366 42 26 Jag
878 1366 35 21 vill
924 1367 76 20 endast

172 1392 113 23 framhälla
300 1396 31 19 ett
346 1394 51 26 skäl,
413 1401 48 15 som
473 1395 38 26 jag
518 1401 63 15 anser
590 1401 49 15 vara
647 1395 23 21 af
676 1395 116 27 afgörande
802 1395 113 26 betydelse,
926 1395 73 21 nämli-

173 1427 41 21 gen
238 1422 37 21 det
297 1423 121 27 synnerliga
441 1424 98 25 intresse,
562 1430 46 15 som
624 1424 26 21 de
668 1423 135 24 kommuner,
819 1423 70 21 hvilka
905 1425 95 19 närmast

172 1449 87 22 komme
274 1453 32 19 att
320 1451 87 22 beröras
423 1451 23 22 af
460 1452 74 25 banan,
550 1452 112 27 ädagalagt
677 1458 78 21 genom
771 1451 124 22 utlofvande
910 1451 21 21 at
942 1451 57 27 bety-

172 1477 70 22 dande
258 1479 139 22 ekonomiska
405 1479 147 28 uppoffringar
563 1480 33 21 för
607 1481 80 21 banans
698 1480 150 22 realiserande.
867 1480 68 21 Dessa
946 1486 53 21 upp-

172 1506 104 28 ofiringar
297 1508 73 21 bevisa
390 1509 71 21 bättre
481 1511 26 18 än
523 1509 65 27 något
603 1511 71 24 annat,
688 1511 32 19 att
735 1509 70 21 denna
821 1509 54 20 bana
891 1510 63 25 utgör
970 1510 31 19 ett
