1070 1739
78 124 27 17 24
117 128 20 16 p.
150 123 81 17 huhtik.
370 115 251 35 Rautatierakennuksia.
860 116 40 20 271

79 192 40 22 och
140 192 54 21 huru
218 192 73 26 utbyte
308 192 21 21 af
348 198 62 15 varor
426 192 77 21 mellan
520 194 85 19 västern
621 192 39 21 och
677 193 71 19 östern
765 191 136 27 uppkomme,

79 228 35 14 om
129 220 179 27 föreningsbanan
325 220 95 28 uppstär.
449 221 43 26 Jag
507 220 69 22 skulle
591 220 72 21 därför
676 220 88 21 omfatta
775 219 126 21 reservatio-

79 256 42 14 nen
145 256 34 14 n:o
202 249 19 25 2,
243 255 45 15 som
303 249 96 26 föreslår,
415 251 32 19 att
462 248 259 27 Suolahti-Suonenjoki
737 248 103 21 bandelen
856 248 46 20 icke

80 284 39 15 ens
141 277 130 21 beträffande
294 277 281 27 Suonenjoki—Kurkilahti
598 284 28 14 nu
649 277 70 21 skulle
740 276 109 22 föranleda
871 276 31 21 till

80 307 71 26 nägon
166 306 81 27 ätgärd.
276 306 76 22 Denna
366 306 63 21 korta
444 309 72 24 stump
533 306 31 21 till
580 306 121 21 Kurkilahti
717 306 67 21 skulle
799 304 104 22 förmedla

81 334 88 22 trafiken
190 334 76 21 mellan
289 335 122 21 Konnevesi
427 335 31 27 sjö
474 335 39 21 och
530 334 137 27 Suonenjoki.
696 334 35 21 Nu
746 336 23 19 är
785 333 118 22 emellertid

81 364 83 20 Keitele
179 363 127 21 vidsträckta
321 365 72 20 vatten
411 370 76 20 genom
504 364 95 20 Suolahti
610 364 69 20 banan
690 363 87 21 förenad
789 362 47 21 med
843 362 59 27 järn-

81 394 117 25 vägsnätet,
214 392 76 21 Iisvesi
308 392 48 21 med
372 392 102 21 Savolaks
483 392 69 21 banan
569 392 39 21 och
624 392 77 20 mellan
718 391 130 27 Suonenjoki
864 390 39 22 och

82 420 96 22 Suolahti
193 422 23 19 är
234 420 106 22 afständet
355 421 24 21 sä
393 421 55 25 kort,
463 423 32 19 att
510 427 48 15 man
574 421 68 21 mäste
657 426 58 20 anse,
730 422 32 19 att
776 420 26 21 de
817 419 86 26 trakter,

81 456 46 14 som
144 450 56 26 ligga
216 449 133 24 däremellan,
364 450 66 20 redan
447 451 36 19 äro
500 450 111 26 betjänade
627 450 48 20 med
687 449 97 27 järnväg.
807 448 42 21 Det
864 448 38 20 fin-

81 484 38 15 nes
143 478 77 26 otaliga
243 478 79 20 trakter
338 478 6 20 i
360 478 48 21 vårt
429 478 49 21 land
499 478 43 21 lika
556 478 51 26 rika,
623 478 42 21 lika
681 480 41 18 tätt
737 477 111 27 bebyggda
863 476 40 21 och

81 506 131 27 erbjudande
231 506 42 21 lika
289 509 58 19 stora
363 506 139 27 möjligheter,
519 513 45 15 som
581 506 45 22 icke
641 506 62 21 hafva
719 506 24 21 sä
758 506 89 21 bekväm
864 505 39 21 och

81 535 24 21 sä
120 537 51 19 nära
186 534 128 22 förbindelse
334 535 32 21 till
378 535 91 27 järnväg
484 542 47 14 som
547 536 63 20 dessa
625 535 87 21 trakter.
734 535 41 26 Jag
791 534 34 21 vill
841 534 62 21 alltså

81 564 74 20 förena
171 564 43 26 mig
233 570 34 15 om
284 564 159 21 reservationen
465 570 33 15 n:o
514 564 14 21 2
544 564 38 21 och
598 563 95 26 föreslär,
709 566 30 18 att
755 563 84 21 ständet
855 562 48 21 ville

82 592 89 22 omfatta
193 598 25 15 en
239 592 121 27 sträckning
376 592 22 22 af
412 593 282 26 sammanbindningsbanan
710 592 45 21 frän
771 592 87 26 Nyslott
873 591 31 21 till

82 627 26 15 en
124 621 68 27 punkt
208 621 34 21 vid
258 621 133 21 Pieksämäki
407 621 51 21 eller
474 622 99 20 söderom
588 621 135 21 Pieksämäki
738 621 33 20 via
781 620 72 22 Jorois
865 620 39 21 och

81 649 47 21 frän
145 650 69 21 denna
229 650 68 26 punkt
307 650 27 26 pä
345 650 102 21 Savolaks
458 650 70 21 banan
544 650 6 20 i
566 652 33 18 rät
613 650 52 26 linje
680 650 30 20 till
725 649 120 27 Jyväskylä.
871 648 34 21 Dä

82 678 98 27 Nyslotts
192 678 68 21 banan
271 685 28 14 nu
310 681 23 18 är
349 679 67 21 under
432 679 99 27 byggnad
546 678 40 22 och
600 679 58 20 inom
675 678 68 21 denna
760 677 145 27 finansperiod

82 707 125 22 fullbordas,
228 707 23 21 sä
273 713 50 15 vore
339 707 36 21 det
390 707 84 22 enklast
490 707 39 22 och
545 707 128 27 naturligast
689 707 38 21 och
743 707 97 21 förenadt
856 706 47 21 med

83 736 79 21 minsta
177 736 120 27 omgängar,
312 736 115 21 kostnader
442 736 39 21 och
498 737 81 25 besvär,
590 738 31 19 att
636 736 83 21 arbetet
733 735 92 22 härifrän
836 735 69 21 skulle

83 764 110 21 fortsättas
216 765 130 20 omedelbart
370 767 96 19 västerut
490 768 45 18 mot
554 765 72 21 Jorois
649 771 19 14 o.
690 771 16 14 s.
721 771 18 14 v.
769 764 82 26 Anslag
874 763 31 21 till

83 793 70 21 denna
168 793 55 21 bana
239 793 67 21 skulle
321 793 63 21 alltsä
398 796 60 24 tagas
474 793 23 21 af
510 794 36 20 det
561 793 80 27 anslag,
657 799 46 15 som
720 800 28 14 nu
758 795 22 18 är
790 792 115 26 föreslaget

83 821 33 22 för
131 821 127 28 Suonenjoki
282 817 132 37 Kurkilahti.
432 822 10 21 I
454 822 104 21 samband
568 822 48 21 med
627 822 98 27 Nyslotts
736 823 69 20 banan
815 821 90 21 föreslår

84 850 106 21 utskottet
213 851 63 20 sedan
299 857 25 14 en
340 850 137 27 förlängning
492 851 36 21 vid
545 851 131 26 Kronoborg
693 851 39 20 och
748 850 70 21 anslär
834 849 71 21 därför

84 879 46 21 icke
152 879 82 21 mindre
256 881 26 18 än
307 879 109 26 1,700,000
435 880 65 21 mark.
530 879 55 21 Hela
600 879 98 21 sträckan
714 881 22 19 är
753 879 25 21 17
794 878 111 21 kilometer

84 907 40 22 och
131 908 43 26 mig
181 907 110 26 förefaller,
297 914 45 15 som
352 914 34 15 om
396 908 70 21 denna
472 914 84 15 summa
565 908 68 21 skulle
643 907 21 22 få
672 908 68 21 bättre
749 907 113 27 placering,
871 913 33 14 om

85 936 40 21 den
148 936 65 21 ocksä
236 936 67 21 skulle
324 937 74 26 läggas
416 937 31 20 till
462 937 70 20 denna
546 936 172 27 föreningsbana,
734 936 39 21 och
789 938 31 19 att
835 941 49 15 man
900 935 6 20 i

85 965 71 20 stället
170 964 33 21 för
219 971 25 14 en
263 964 135 28 förlängning
413 965 31 21 till
459 965 87 27 Ladoga
561 965 35 21 vid
609 965 129 27 Kronoborg
753 964 68 22 skulle
837 964 70 26 bygga

85 999 27 15 en
128 993 120 21 hamnbana
262 993 45 21 frän
322 993 97 22 Jaakima
434 994 79 21 station
529 993 31 22 till
575 994 91 26 Ladoga.
696 993 75 22 Denna
787 992 84 22 sträcka
883 994 23 19 är

86 1022 77 21 endast
177 1022 13 21 3
205 1022 111 21 kilometer
331 1022 39 21 och
386 1022 69 21 skulle
470 1023 62 20 kosta
554 1023 6 20 2
576 1023 13 20 ä
603 1022 91 25 300,000
710 1022 65 21 mark.
806 1021 101 22 Sträckan

85 1050 98 22 Jaakima
197 1051 32 20 till
244 1051 138 21 Elisenvaara
397 1053 23 19 är
435 1051 28 21 20
478 1051 116 26 kilometer,
611 1051 23 21 sä
649 1053 31 19 att
695 1051 20 20 vi
730 1050 69 22 skulle
809 1050 28 21 dä
846 1049 62 21 hafva

86 1085 26 15 en
129 1079 84 21 sträcka
227 1079 45 21 frän
288 1079 86 27 Ladoga
388 1079 32 21 till
434 1080 139 21 Elisenvaara
592 1086 35 14 om
642 1079 67 27 nägra
724 1079 38 22 och
777 1079 28 21 20
821 1078 87 21 kilome-

86 1110 39 22 ter,
147 1113 48 15 men
219 1108 26 21 dä
263 1108 69 21 denna
347 1109 55 20 bana
418 1107 46 22 frän
480 1109 86 26 Ladoga
582 1109 33 20 via
630 1108 87 27 Nyslott
732 1109 96 20 västerut
843 1109 23 18 är
881 1113 26 14 en

85 1136 172 27 töreningsbana,
279 1143 45 14 som
340 1137 54 20 skall
409 1136 45 22 föra
470 1139 85 19 österns
570 1137 118 26 produkter
703 1138 96 19 västerut
818 1135 40 22 och
873 1137 35 19 vä-

87 1166 71 19 sterns
174 1165 116 26 produkter
305 1167 89 23 österut,
410 1165 24 21 sä
450 1166 76 21 värkar
542 1168 30 18 ett
587 1172 38 20 par
635 1165 111 21 kilometer
756 1165 27 26 pä
794 1165 40 21 den
846 1164 63 26 länga

87 1193 109 21 distansen
215 1194 91 21 hvarken
324 1194 31 21 hit
370 1194 51 21 eller
436 1194 36 21 dit.
503 1195 33 20 Hr
552 1194 148 27 Schybergson
715 1194 82 24 nämde,
813 1195 32 18 att
860 1199 48 14 man

87 1228 63 21 synes
165 1222 55 27 vilja,
236 1224 31 19 att
282 1222 39 21 den
338 1225 59 18 stora
413 1222 89 21 trafiken
518 1223 53 20 skall
587 1224 51 25 göra
653 1229 26 14 en
696 1225 77 24 omväg
782 1221 33 22 för
826 1224 31 18 att
869 1221 40 21 den

86 1250 71 22 lokala
179 1251 51 21 eller
252 1251 82 21 mindre
350 1251 54 21 skall
420 1251 62 21 hafva
498 1251 36 22 det
549 1251 132 21 bekvämare.
711 1251 40 21 Om
768 1257 48 15 man
833 1250 76 26 drager

87 1280 282 26 sammanbindningsbanan
384 1280 47 21 frän
447 1280 131 26 Suonenjoki
594 1280 29 21 till
641 1280 100 25 Suolahti,
752 1280 97 20 kommer
861 1285 49 14 man

87 1308 110 26 värkligen
212 1310 31 19 att
259 1310 51 25 göra
324 1308 37 22 det
376 1309 38 21 bra
430 1309 114 21 obekvämt
559 1309 33 20 för
608 1309 39 21 den
665 1311 58 19 stora
733 1308 90 21 trafiken
836 1307 33 21 för
879 1309 31 19 att

88 1336 40 21 den
150 1336 70 22 lokala
242 1336 88 22 trafiken
354 1337 53 21 skall
423 1337 20 21 fä
458 1338 37 20 det
510 1337 40 21 väl.
580 1338 41 20 Det
637 1340 23 18 är
675 1337 32 21 för
723 1338 40 20 den
779 1339 60 19 stora
851 1336 58 26 järn-

88 1364 149 27 vägstrafiken,
261 1372 44 14 som
322 1366 70 20 denna
407 1365 167 27 föreningsbana
588 1366 230 26 Jyväskylä—Nyslott
833 1364 38 21 har
887 1364 24 21 sä

89 1395 46 19 stor
155 1394 114 26 betydelse,
287 1394 84 21 hvilken
387 1394 56 21 bana
455 1394 38 27 jag
508 1394 72 22 därför
595 1394 27 27 pä
637 1394 37 22 det
689 1396 106 19 varmaste
811 1392 99 22 omfattar

88 1422 39 21 och
143 1422 78 21 önskar
237 1422 38 22 och
291 1422 88 27 hoppas,
395 1425 32 19 att
442 1423 87 21 ständet
544 1423 53 21 skall
612 1422 74 22 förena
702 1424 32 26 sig
750 1423 80 21 därom.

158 1480 45 20 Hra
227 1480 158 24 Jusö&lius,
410 1480 131 21 Arthur:
570 1480 42 27 Jag
635 1480 68 21 skulle
719 1480 65 21 önska
800 1478 111 22 framhålla

88 1508 66 26 några
170 1508 131 26 synpunkter
316 1508 132 22 beträffande
471 1508 57 22 Kemi
558 1508 124 22 Rovaniemi
698 1509 75 21 banan.
803 1507 108 27 Ifrägava-
