1078 1748
189 105 43 22 510
470 110 255 29 Rautatierakennuksia.
859 113 23 17 16
894 118 21 16 p.
928 113 87 17 toukok.

189 180 77 27 slagna
280 181 67 22 första
362 182 39 21 och
417 182 69 27 tredje
501 183 90 21 ständen
612 183 71 21 stöder
700 183 33 27 sig
748 182 27 28 pä
791 188 25 15 en
833 182 113 21 minoritet.
977 182 39 21 Att

189 209 91 22 sälunda
303 210 114 22 ständerna
431 211 33 21 till
480 211 156 27 godkännande
657 211 97 28 äterigen
769 213 125 25 presentera
909 211 105 21 Kristine-

189 238 48 21 stad
262 239 70 21 såsom
356 245 72 16 ensam
444 240 117 27 ändpunkt,
577 241 24 20 är
616 242 31 19 att
662 241 49 21 med
727 240 40 21 den
784 241 59 20 toma
857 239 157 22 formalismens

189 273 69 21 vapen
275 267 65 27 bjuda
355 268 39 21 den
412 268 94 27 värkliga
520 268 197 27 tlertalsopinionen
733 271 94 25 spetsen.

258 296 227 27 Järnvägsutskottets
507 297 81 27 förslag
610 300 32 19 att
664 297 90 22 sälunda
776 296 79 22 förfara
870 296 68 22 skulle
953 296 60 21 här
1000 292 16 37 i

189 323 27 22 de
231 325 170 22 österbottniska
423 326 109 27 bygderna
555 325 62 22 väckt
632 326 83 27 mycket
731 325 104 22 blandade
850 325 93 22 känslor.
971 325 42 26 Jag

188 352 39 21 har
250 353 38 21 här
312 359 25 22 en
360 353 85 22 afskrift
467 354 23 21 af
510 357 31 19 ett
562 354 199 27 protokollsutdrag
776 353 47 22 frän
839 360 25 15 en
880 353 132 22 kommunal-

189 383 91 20 stämma
295 382 7 21 i
318 382 126 22 Ostermark
460 383 86 28 (Teuva)
568 383 109 26 kommun,
701 383 85 22 hvilken
810 383 70 21 säsom
897 382 77 21 bekant
990 384 23 19 är

189 415 26 16 en
231 409 23 22 af
268 410 26 21 de
309 410 133 27 kommuner,
458 418 46 15 som
520 412 67 27 enligt
602 412 117 21 utskottets
737 411 80 28 förslag
832 411 85 22 komme
932 413 31 19 att
978 417 34 21 ge-

188 439 131 27 nomdragas
341 439 23 22 af
381 440 126 27 järnvägen,
522 441 102 26 antingen
648 441 69 21 denna
740 440 68 21 slutar
823 441 6 20 i
845 440 73 28 Kaskö
940 439 73 22 eller
998 435 19 37 i

189 467 145 22 Kristinestad
360 469 51 20 eller
429 469 7 21 i
451 469 105 21 hvardera
578 469 23 21 af
621 469 64 22 dessa
705 469 144 21 hamnstäder.
887 468 126 22 OÖstermark

187 495 105 23 kommun
308 498 23 20 är
346 497 62 22 alltså
423 498 6 21 i
444 497 146 28 föreliggande
606 498 154 27 sammanhang
775 503 26 16 en
812 497 128 27 fullkomligt
950 503 62 21 opar-

187 524 43 22 tisk
246 525 63 22 ställd
325 526 72 21 sådan.
427 526 223 28 Protokollsutdraget
664 527 68 27 lyder:

466 612 134 28 »Pöytäkirja
615 612 118 28 kirjoitettu
756 612 87 22 Teuvan
859 612 86 21 kunnan
961 612 51 21 väli-

394 640 116 22 aikaisessa
539 641 238 22 kunnankokouksessa
813 640 200 22 kunnanhuoneella

395 670 126 21 toukokuun
539 670 26 21 13
580 676 20 21 p.
616 670 61 21 1906.

577 716 46 26 18.

256 754 134 22 Kuntalaisia
413 756 27 21 oli
464 756 113 21 lukuisasti
598 759 107 24 saapunut
719 755 139 21 kokoukseen
871 754 23 28 ja
909 754 103 28 päättivät

187 782 27 22 he
229 783 159 27 yksimielisesti
411 790 70 21 panna
503 784 148 22 vastalauseen
667 785 42 21 sitä
723 783 236 22 rautatievaliokunnan
974 784 38 26 yh-

187 812 253 22 teensovitusehdotusta
463 816 93 23 vastaan,
572 815 44 19 että
631 813 85 21 tulevan
734 812 125 27 Suupohjan
875 814 46 19 rata
936 812 75 21 raken-

186 840 108 22 nettaisiin
312 841 86 21 Teuvan
414 842 74 21 kautta
503 842 137 26 Kristiinaan,
656 842 47 21 sillä
718 847 27 15 on
763 840 133 28 edullisempi
908 840 50 22 sekä
969 840 43 22 val-

187 868 61 22 tiolle
272 871 44 20 että
338 870 154 27 maakunnalle,
508 872 44 20 että
573 873 46 19 rata
638 870 116 27 johdetaan
774 869 114 22 Kaskisiin.
918 869 95 22 Paikalla

184 897 76 22 luettu.

258 926 131 23 Kokouksen
406 927 107 28 puolesta:

257 983 100 22 Herman
372 984 95 22 Hakala.
538 984 21 22 J.
575 984 115 22 Nurmela.
767 984 79 22 Oskari
862 984 80 21 Säntti.

502 1030 22 22 V.
540 1030 65 22 Kosti
620 1030 78 29 Seppä.

256 1088 154 26 Jäljennöksen
427 1088 93 21 oikeaksi
536 1088 100 22 todistaa:
651 1088 101 21 Herman
768 1088 94 21 Hakala.

632 1122 84 22 Teuvan
733 1122 88 22 kunnan
837 1122 103 22 esimies.»

256 1185 42 27 Jag
321 1191 35 15 ser
379 1185 44 27 mig
445 1188 95 23 tvungen
556 1186 37 25 att,
608 1185 28 21 dä
650 1185 40 21 den
707 1185 48 21 stad
768 1185 38 27 jag
821 1184 117 22 företräder
953 1184 58 22 hari

185 1213 118 22 utskottets
325 1213 299 28 sammanjämkningsförslag
646 1214 27 26 pä
695 1214 90 21 anförda
807 1213 154 27 egendomliga,
983 1213 29 27 pä

185 1242 78 21 enbart
277 1242 153 21 formalistiska
445 1242 93 27 grunder
554 1242 101 22 baserade
664 1244 43 20 sätt
714 1242 70 22 blifvit
791 1242 145 26 förbigängen,
944 1243 66 25 ytter-

184 1270 67 27 ligare
274 1270 118 22 framhäfva
413 1271 67 27 nägra
502 1270 138 27 synpunkter,
655 1277 46 15 som
724 1270 44 22 tala
782 1270 32 22 till
829 1270 82 22 förmän
926 1270 32 21 för
975 1270 36 21 det

186 1299 175 21 betraktelsesätt
373 1299 39 27 jag
427 1302 73 18 senast
515 1299 75 27 gjorde
605 1300 43 26 mig
663 1299 32 21 till
711 1299 46 22 tolk
771 1298 33 22 för
822 1299 39 21 och
874 1305 46 15 som
931 1298 79 26 visade,

185 1330 32 18 att
232 1334 50 15 man
298 1328 46 21 icke
359 1328 39 21 har
414 1328 46 26 gätt
474 1328 31 20 till
521 1328 89 21 bottnen
625 1328 23 21 af
661 1328 72 26 saken,
749 1328 28 21 dä
791 1334 49 14 man
855 1327 57 27 gjort
922 1327 36 21 det
967 1326 43 22 för-

186 1356 52 27 slag,
248 1362 46 15 som
310 1356 39 21 här
364 1356 120 27 föreligger.
512 1356 42 27 Jag
568 1356 78 22 önskar
661 1356 46 22 icke
717 1362 99 21 upprepa
826 1356 56 21 hvad
888 1356 39 27 jag
937 1357 74 20 senast

185 1384 95 22 anförde.
308 1385 42 27 Jag
364 1385 84 27 yttrade
463 1385 44 26 mig
522 1384 27 22 dä
563 1391 44 21 nog
622 1385 23 22 sä
660 1384 109 29 vidlyftigt
787 1384 39 23 och
842 1384 36 22 vill
892 1384 33 22 för
940 1384 71 22 denna

185 1413 56 27 gäng
257 1413 51 22 söka
323 1413 53 22 fatta
391 1414 44 27 mig
450 1413 54 22 kort.

253 1442 43 27 Jag
310 1442 35 21 mä
359 1442 77 21 främst
451 1443 70 20 erinra
536 1448 34 15 om
587 1442 36 21 det
644 1442 87 21 kuriösa
747 1448 42 21 nya
803 1441 88 26 faktum,
906 1447 47 16 som
968 1441 42 22 till-

183 1470 92 22 kommit
298 1471 65 21 sedan
386 1471 65 21 saken
468 1473 85 19 senaste
568 1471 57 27 gång
640 1477 37 15 var
691 1471 46 21 före
753 1471 40 21 och
809 1477 47 14 som
871 1470 71 21 består
958 1470 52 25 däri,
