1075 1745
170 107 44 21 366
456 104 252 37 Rautatierakennuksia.
848 113 25 17 27
885 117 20 16 p.
917 112 87 18 huhtik.

242 181 42 27 Jag
299 181 69 21 mäste
383 188 58 19 anse,
457 184 31 19 att
503 182 41 21 den
556 182 55 21 enda
622 182 92 26 värkligt
725 181 109 27 opartiska
844 181 39 21 och
893 181 28 27 pä
932 181 71 27 grund

173 209 23 22 af
219 210 123 26 personliga
357 210 67 21 besök
439 210 28 27 pä
481 213 61 19 orten
559 210 248 27 förtroendeingifvande
819 209 134 28 jämförande
969 212 33 18 ut-

173 238 93 26 redning
288 238 131 22 beträffande
441 239 27 21 de
490 239 36 21 två
548 238 123 25 hamnarna,
692 245 46 15 som
754 239 7 21 i
777 238 77 22 sakens
869 238 136 22 fortfarande

174 273 95 21 omogna
292 267 92 21 stadium
407 267 98 26 lämnats,
528 269 24 19 är
568 268 46 25 den,
630 274 46 15 som
694 266 69 28 afgafs
779 266 22 22 af
815 267 40 21 den
871 269 60 19 stora
943 267 58 27 järn-

174 295 181 27 vägskommittén
379 295 22 22 af
423 296 146 26 1897—1898,
592 296 85 22 hvilken
694 296 54 21 efter
763 302 26 14 en
805 296 57 26 lugn,
879 296 68 26 saklig
962 295 40 21 och

173 324 107 26 ingående
301 323 158 29 framställning
480 324 90 22 kommit
592 324 32 22 till
640 325 36 21 det
690 324 97 26 resultat,
802 326 31 19 att
849 324 72 21 Kaskö
937 324 64 21 hamn

174 358 38 16 var
228 355 32 19 att
274 352 119 28 föredraga.
424 353 69 21 Sedan
509 354 50 20 dess
575 353 38 21 har
629 352 219 23 Härkmeri-trumfen
862 353 89 21 kommit
964 352 39 21 till.

173 381 83 21 Värdet
278 380 22 22 af
321 381 70 21 denna
412 382 67 21 trumf
500 384 32 19 ter
556 382 33 27 sig
604 382 118 22 emellertid
737 382 7 21 i
759 381 106 27 praktiskt
880 381 125 21 hänseende

173 410 83 26 ganska
270 410 51 21 litet.

244 438 42 26 Jag
308 440 87 19 närmar
417 439 45 27 mig
484 439 66 21 slutet
575 438 22 22 af
611 439 118 21 utskottets
745 438 115 22 uttalande.
890 438 113 22 Utskottet

176 468 63 25 säger
262 467 8 20 i
292 467 36 21 det
353 467 53 21 sista
421 467 90 28 stycket:
529 467 184 22 »Vidkommande
729 467 100 27 slutligen
845 467 81 21 banans
942 467 60 26 spår-

175 495 51 21 vidd
252 501 63 16 anser
338 495 112 26 utskottet,
472 499 31 18 att
525 497 71 20 denna
615 496 97 27 järnväg,
731 495 33 22 för
779 498 32 19 att
825 496 49 21 med
889 495 114 27 framgång

176 523 74 22 kunna
266 524 85 27 betjäna
366 525 40 20 den
423 525 161 27 genomgående
600 525 95 25 trafiken,
710 525 40 21 bör
761 524 79 21 erhålla
851 530 80 15 samma
943 524 59 27 spår-

176 553 49 20 vidd
249 559 46 15 som
321 552 67 28 öfriga
401 553 134 27 järnvägar.»
566 554 42 27 Jag
623 553 77 28 frågar,
716 553 57 21 mina
788 553 80 25 herrar,
883 553 68 26 ligger
966 553 38 21 det

176 581 72 27 någon
272 581 69 27 logisk
357 582 183 27 samstämmighet
556 582 76 21 mellan
649 583 59 20 detta
723 581 110 22 uttalande
848 581 39 22 och
902 581 37 22 det
953 581 51 21 tidi-

176 615 52 21 gare
251 609 73 22 starka
346 611 195 27 understrykandet
565 610 23 21 af
601 611 81 21 banans
698 611 100 21 karaktär
813 610 23 21 af
849 610 24 21 så
888 610 52 27 godt
955 616 47 15 som

176 638 137 21 uteslutande
335 639 126 22 lokalbana?
491 640 41 21 För
555 642 32 19 att
609 639 85 27 betjäna
714 639 40 21 den
769 638 160 28 genomgående
944 638 57 21 trafi-

175 667 48 25 ken,
240 667 70 21 denna
326 673 46 15 som
389 667 68 22 skulle
472 674 49 15 vara
537 668 39 21 alls
592 668 63 27 ingen
672 668 51 21 eller
736 667 114 28 obetydlig,
861 667 80 27 bygger
952 673 50 15 man

174 695 64 22 alltså
254 696 103 27 bredspår
373 696 39 21 och
428 696 109 27 uppofirar
553 697 87 21 därmed
656 697 13 20 2
684 696 107 21 millioner
805 695 67 26 mark,
888 696 48 21 med
949 695 53 21 hvil-

174 724 36 21 ket
236 724 77 27 belopp
336 731 26 14 en
387 725 128 27 smalspärig
537 725 66 22 banas
618 725 93 22 kostnad
727 725 35 21 vid
779 725 56 21 1900
849 725 36 20 ärs
900 724 103 27 landtdag

175 753 67 21 visats
259 753 125 27 understiga
399 759 26 15 en
442 754 142 26 bredspärigs.
614 753 78 21 Denna
708 753 131 27 generositet
854 755 45 19 mot
914 753 41 21 den
966 759 35 20 ge-

175 781 136 27 nomgäende
338 781 89 22 trafiken
453 784 23 19 är
491 782 129 27 oförklarlig,
636 782 27 21 dä
678 788 50 15 man
745 781 108 22 betraktar
869 781 39 21 den
925 781 78 27 njugg-

173 810 42 25 het,
240 816 46 15 som
310 810 57 21 visas
391 810 79 25 Kaskö,
485 810 64 22 hvars
565 811 108 26 grenbana
688 810 65 22 ocksä
769 810 68 21 skulle
852 810 63 21 kosta
926 810 47 26 just
988 809 14 21 2

174 838 113 22 millioner.
317 839 46 21 Har
379 839 105 21 utskottet
499 839 90 21 blundat
604 839 50 21 eller
666 839 78 21 sticker
755 838 38 22 här
802 838 135 22 oförmodadt
947 838 54 21 fram

175 873 25 14 en
218 866 86 27 hemlig,
320 867 30 21 till
366 867 82 21 förmån
465 868 32 21 för
512 868 144 21 Kristinestad
672 868 91 26 tidigare
778 866 140 27 undertryckt
930 869 33 18 tro
974 866 29 27 pä

174 898 32 18 att
223 895 37 21 det
277 895 56 22 »se'n
349 895 77 22 ocksä»
444 896 52 21 skall
512 896 65 21 blifva
592 896 66 27 nägot
673 895 80 22 förmer
764 895 23 22 af
795 895 41 22 den
847 895 155 27 sydösterbott-

174 923 63 22 niska
261 924 69 21 banan
354 926 26 19 än
405 924 55 22 blott
474 931 25 14 en
516 925 55 21 lokal
588 924 102 26 trafikled,
707 924 48 21 med
771 924 64 21 hvars
850 923 153 27 anspråkslösa

174 954 65 19 natur
253 952 24 27 ju
294 953 128 26 smalspäret
437 953 41 21 läte
495 953 31 21 väl
542 953 74 21 förena
632 953 46 26 sig?

244 981 43 27 Jag
302 981 37 21 ber
354 983 33 19 att
401 981 22 21 fä
437 981 78 22 föreslä
530 982 77 21 remiss
623 981 31 22 till
668 981 211 27 järnvägsutskottet
893 981 6 20 i
915 981 37 20 akt
962 980 40 21 och

175 1009 95 27 mening,
293 1012 31 19 att
346 1010 41 21 den
411 1010 67 21 första
493 1010 105 21 klämmen
615 1010 69 21 skulle
699 1009 164 22 omformuleras
879 1009 32 21 till
926 1015 26 15 en
969 1009 33 21 sä-

175 1038 101 27 lydande:
300 1040 43 19 att
359 1039 116 21 ständerna
489 1039 49 21 ville
554 1039 84 21 besluta
653 1041 31 19 att
700 1045 26 14 en
742 1038 157 27 normalspårig
911 1037 92 28 järnväg

174 1066 47 21 från
246 1066 108 27 Seinäjoki
378 1067 78 22 station
479 1073 77 21 genom
572 1063 126 26 Östermark
714 1067 32 21 till
762 1066 73 22 Kaskö
851 1066 53 21 skall
920 1065 83 22 utföras

174 1095 40 21 och
237 1095 69 21 under
329 1095 144 22 innevarande
495 1095 145 28 finansperiod
655 1095 102 28 beläggas
774 1095 48 21 med
838 1095 91 21 arbete.>
960 1095 43 26 Jag

176 1123 35 21 vill
228 1125 58 20 ännu
303 1124 92 27 tillägga,
411 1127 32 18 att
455 1125 38 26 jag
508 1125 76 20 väcker
599 1125 58 20 detta
672 1124 81 27 förslag
769 1124 48 21 med
833 1126 31 25 ett
879 1123 24 21 så
918 1123 85 27 mycket

173 1152 72 21 bättre
270 1155 101 23 samvete,
393 1159 46 15 som
460 1153 75 26 banan,
551 1159 34 15 om
602 1153 40 21 den
658 1153 59 21 ledes
734 1158 77 21 genom
827 1151 126 22 Östermark
970 1151 31 21 till

173 1180 81 26 Kaskö,
278 1181 45 21 icke
338 1181 41 21 kan
395 1181 86 22 komma
495 1184 37 23 att,
548 1181 71 22 såsom
636 1181 36 21 det
687 1181 66 26 heter,
769 1181 67 26 dräpa
851 1180 150 25 Kristinestad,

173 1209 27 21 då
213 1209 25 27 ju
254 1209 88 22 faktiskt
358 1210 27 21 de
400 1210 139 21 ekonomiska
553 1216 139 15 ressurserna
706 1209 7 22 i
731 1209 144 22 Kristinestad
885 1209 68 26 borga
962 1208 40 26 för,

172 1240 32 18 att
228 1238 70 21 denna
321 1238 47 21 stad
390 1238 39 21 har
451 1239 37 27 råd
503 1241 31 18 att
550 1239 70 26 bygga
635 1244 26 15 en
677 1237 182 22 subventionerad
875 1237 127 27 privatbana

172 1265 46 22 från
244 1266 147 22 Kristinestad
413 1267 32 21 till
468 1263 132 30 Östermark,
616 1267 39 21 och
671 1267 27 21 då
713 1266 68 21 tillika
796 1266 117 21 utskottets
929 1265 72 22 utred-

173 1295 53 26 ning
242 1295 40 21 och
298 1295 26 21 de
339 1295 70 21 under
425 1296 83 20 vintern
523 1295 153 21 föranstaltade
687 1295 214 26 undersökningarna
911 1293 23 21 af
942 1294 59 21 ham-

171 1328 42 16 nen
240 1323 8 21 i
270 1323 144 21 Kristinestad
431 1324 72 26 påstås
519 1324 57 26 gifva
591 1324 34 20 vid
641 1324 92 24 handen,
747 1325 32 19 att
795 1323 69 21 denna
879 1322 63 21 hamn
958 1322 43 21 kan

172 1351 66 21 blifva
262 1351 23 21 af
304 1352 24 21 så
343 1352 42 26 god
401 1352 151 25 beskaffenhet,
568 1355 30 18 att
614 1352 40 21 den
671 1352 52 27 godt
737 1352 42 21 kan
796 1351 33 21 stå
843 1352 7 20 i
865 1350 136 22 konkurrens

170 1380 49 21 med
236 1380 74 21 Kaskö
326 1380 70 22 hamn.

240 1409 44 26 Jag
306 1409 35 20 vill
364 1409 56 21 sluta
436 1409 69 21 denna
520 1408 158 27 framställning
693 1408 50 21 med
758 1410 32 19 att
804 1408 32 21 till
852 1408 97 21 ståndets
964 1408 36 20 be-

170 1439 70 24 nägna
266 1437 120 21 beaktande
409 1437 89 27 uppläsa
521 1443 27 15 en
571 1437 87 27 mening
676 1443 26 15 ur
719 1437 41 21 den
777 1437 78 20 nämda
871 1438 58 19 stora
941 1436 59 26 järn-

170 1465 195 26 vägskommitténs
377 1466 104 27 objektivt
491 1466 70 21 hållna
572 1465 139 22 betänkande.
737 1465 44 21 Där
793 1465 60 21 heter
863 1465 44 20 det:
927 1463 74 22 >Dock

169 1493 71 22 blefve
265 1494 137 27 billighetens
425 1494 120 27 fordringar
565 1494 45 21 icke
626 1494 115 27 iakttagna,
757 1499 34 16 om
808 1499 26 15 en
851 1493 59 25 bana,
926 1492 74 21 afsedd
