1075 1739
60 115 28 17 22
100 120 19 15 p.
130 115 81 20 jouluk.
367 112 207 29 Tervehdyspuheet.
875 110 14 21 9

61 184 66 21 lätom
151 190 37 15 oss
211 184 82 27 hoppas
316 185 36 20 det
367 197 26 2 —
410 185 83 21 ostördt
515 191 55 20 egna
593 185 46 21 sina
662 185 80 21 krafter
763 185 22 21 ät
800 185 89 26 positivt

62 213 73 21 arbete
150 212 32 21 för
197 213 83 21 landets
295 212 192 22 framätskridande
503 213 38 21 och
557 213 115 22 förkofran.

132 241 42 21 Det
196 241 79 25 arbete,
298 247 47 16 som
366 241 91 22 förestär
473 242 83 21 landets
572 243 87 20 ständer
675 243 35 20 vid
726 243 69 20 denna
811 242 79 21 urtima

62 270 108 27 landtdag,
193 271 23 20 är
231 272 51 19 utan
305 269 73 22 tvifvel
401 271 54 20 bäde
478 270 138 22 ansvarsfullt
638 270 40 21 och
698 270 190 27 maktpäliggande.

64 298 104 21 Särskildt
184 300 23 19 är
222 298 72 27 frägan
319 305 34 14 om
369 299 254 26 folkrepresentationens
644 299 126 27 förändring
785 299 22 21 af
820 301 70 18 utom-

63 327 107 27 ordentlig
192 327 108 27 betydelse
323 327 39 21 och
385 327 89 22 hbärvidd
497 327 33 22 för
549 328 47 21 vårt
610 327 56 22 folks
682 327 93 22 framtid.
804 327 43 21 För
863 328 28 20 de

63 355 97 22 enskilda
184 356 89 21 ständen
294 356 65 27 gäller
375 357 36 20 det
425 358 32 19 att
471 356 56 22 afstä
541 356 46 21 frän
604 357 26 21 de
645 356 247 27 företrädesrättigheter

63 386 32 19 att
116 383 46 22 föra
178 385 36 21 det
234 384 69 22 finska
323 384 78 22 folkets
419 385 64 26 talan,
499 385 70 21 hvilka
585 385 47 21 dem
649 385 67 27 enligt
731 385 106 27 grundlag
852 386 39 19 äro

63 412 163 22 tillförsäkrade.
256 413 66 21 Detta
345 413 52 22 offer
421 413 60 22 skola
504 414 53 21 dock
576 414 90 21 stånden
682 413 92 22 förvisso
790 413 49 21 med
854 413 36 20 be-

64 441 134 27 redvillighet
221 442 81 21 skänka
316 442 6 21 i
339 442 39 21 den
402 442 55 21 fasta
472 442 147 27 öfvertygelse,
635 444 31 19 att
680 442 151 21 fosterlandets
847 441 43 22 väl-

64 469 46 22 färd
134 471 36 20 det
192 470 84 21 kräfver
299 470 39 21 och
361 473 31 19 att
415 471 122 27 därigenom
554 477 26 15 en
596 471 43 21 fast
654 471 39 21 och
709 471 96 26 varaktig
821 470 69 27 grund

65 499 75 21 varder
156 499 49 26 lagd
220 499 33 21 för
269 499 47 21 värt
332 499 135 22 samhällslifs
483 500 73 21 vidare
571 500 128 27 utveckling.

134 527 34 22 Dä
183 528 178 27 borgareständet
376 529 34 20 vid
426 529 69 20 denna
511 529 107 26 landtdag,
634 535 46 14 som
696 528 107 21 sannolikt
815 530 23 19 är
849 527 41 22 den

66 557 58 25 sista,
140 557 13 20 ä
168 557 85 20 hvilken
272 557 26 20 de
313 556 46 27 fyra
373 557 91 21 ständen
481 559 74 23 mötas,
570 564 29 14 nu
616 563 76 21 genom
709 563 36 15 oss
761 557 49 21 dess
825 557 66 26 depu-

65 585 73 21 terade
160 585 77 22 sänder
256 585 115 27 höglofliga
386 586 24 20 R.
429 592 19 15 o.
465 586 25 21 A.
507 586 32 21 sin
555 585 153 27 aktningsfulla
723 585 104 27 hälsning,
842 585 49 21 sker

66 614 36 21 det
115 614 7 20 i
138 613 38 22 full
191 613 115 22 förtröstan
323 615 33 25 pä,
366 616 31 19 att
412 615 35 20 det
463 615 63 26 eniga
542 615 120 21 samarbete
677 614 40 21 och
733 614 54 27 goda
803 613 88 22 samför-

66 642 68 25 stånd,
150 649 46 14 som
214 642 104 21 tillförene
334 645 37 24 egt
385 649 48 15 ruin
448 643 77 21 mellan
542 643 24 21 R.
580 649 19 15 o.
612 643 26 20 A.
654 643 39 21 och
710 642 182 27 borgareständet,

66 670 60 22 äfven
142 671 36 21 vid
194 671 69 21 denna
278 671 102 26 landtdag
395 671 53 22 skall
465 672 106 21 orubbadt
586 671 93 22 fortfara.
710 671 183 27 Borgareständet

65 699 95 22 anhåller
183 702 31 19 att
230 699 21 22 få
273 707 51 14 vara
346 700 117 21 inneslutet
479 701 6 20 i
501 701 24 20 hr
548 701 66 20 baron
631 700 39 21 och
685 699 207 22 landtmarskalkens

66 730 56 19 samt
136 728 115 27 höglofliga
266 729 25 21 R.
308 735 18 14 o.
344 729 37 21 A:s
397 729 95 27 vänskap
509 729 38 21 och
562 729 129 21 förtroende.

135 787 47 20 Hra
196 786 158 21 Rosendal
370 786 178 27 pappissäädylle:

67 872 186 21 Kunnianarvoisa
276 872 38 21 hra
336 873 130 26 arkkipiispa
491 873 22 27 ja
538 873 119 27 puhemies!
689 871 204 22 Kunnianarvoinen

407 908 137 26 pappissääty
550 908 4 20 !

136 964 161 27 Porvarissääty
323 966 76 25 pyytää
424 965 91 25 meidän,
541 964 145 27 lähetystönsä
712 964 79 25 kautta,
818 963 76 21 lausua

67 993 171 27 pappissäädylle
253 993 167 25 kunnioittavan,
436 993 116 27 veljellisen
569 993 186 27 tervehdyksensä.

136 1021 94 22 Raskaat
253 1022 73 21 huolet
349 1022 108 26 painoivat
480 1022 93 21 Suomen
594 1021 86 26 kansaa,
695 1021 43 21 kun
756 1020 139 27 valtiosäädyt

67 1050 63 21 viime
152 1050 96 21 keväällä
270 1050 112 27 hajosivat.
412 1051 134 26 Epätoivoon
570 1051 19 20 ei
612 1050 127 21 kuitenkaan
760 1051 57 20 tämä
832 1049 63 21 kovia

67 1079 96 20 kokenut
178 1079 66 21 kansa
259 1079 55 21 vielä
330 1079 125 21 silloinkaan
472 1081 105 23 sortunut,
594 1079 75 21 vaikka
684 1079 76 26 synkät
774 1078 67 26 pilvet
854 1077 42 27 yhä

67 1107 95 21 edelleen
186 1107 48 21 siltä
257 1107 101 21 salasivat
380 1107 84 21 kauvan
481 1108 99 20 kaivatun
596 1107 111 27 vapauden
724 1107 74 26 päivän
815 1106 80 21 koiton.

67 1136 106 20 Luottaen
189 1136 105 21 totuuden
307 1136 23 26 ja
346 1136 105 21 oikeuden
469 1136 124 26 lopulliseen
610 1136 102 22 voittoon,
729 1135 106 21 lausuivat
854 1134 41 21 val-

68 1164 106 27 tiosäädyt
189 1167 123 19 erotessaan
328 1164 105 22 toisilleen
450 1164 295 28 jäähyväistervehdyksensä.

136 1193 66 21 Toivo
218 1194 19 20 ei
256 1195 103 25 pettänyt.
388 1193 110 21 Taistelua
513 1193 82 21 seurasi
610 1193 73 25 voitto,
696 1193 47 27 jota
758 1192 72 21 tuskin
847 1192 48 20 roh-

68 1222 104 21 keinkaan
196 1221 28 21 oli
246 1222 114 20 odottanut
382 1222 44 20 niin
441 1222 51 26 pian
509 1228 103 15 saavansa
626 1221 76 21 nähdä.
732 1220 61 22 Isiltä
809 1220 86 27 peritty-

65 1250 37 27 jen
118 1250 96 22 lakiensa
236 1250 139 26 turvaamina,
391 1250 168 22 kokemustensa
581 1250 130 26 opettamina
723 1250 23 26 ja
761 1249 72 21 uuden
857 1249 39 20 toi-

69 1285 41 15 von
126 1279 150 27 elähyttäminä
292 1281 86 19 astuvat
393 1279 95 21 Suomen
504 1279 140 27 valtiosäädyt
659 1278 80 21 kansan
759 1281 60 18 eteen
832 1283 64 15 avau-

68 1310 79 18 tuneen
170 1308 72 20 uuden
264 1308 48 26 ajan
336 1307 139 27 kynnykselle
497 1308 153 20 suorittamaan
672 1307 41 21 sitä
729 1306 103 22 tehtävää.
845 1305 53 27 joka

68 1336 58 21 niille
141 1342 27 15 on
185 1336 95 21 uskottu.
310 1336 48 21 Ilon
374 1336 58 21 hetki
448 1342 28 15 on
493 1338 56 19 tämä
564 1336 62 25 hetki,
643 1338 68 18 mutta
727 1342 22 14 se
765 1341 28 15 on
809 1334 89 22 samalla

68 1365 89 26 painava
178 1364 23 27 ja
216 1364 81 22 vakava
320 1364 47 21 eikä
382 1364 105 22 suinkaan
503 1364 93 21 huolista
611 1370 72 21 vapaa.
714 1363 83 27 Syvästi
813 1362 84 22 tuntien

68 1399 63 15 oman
154 1393 246 26 vastuunalaisuutensa,
423 1393 66 21 tietää
511 1393 163 27 porvarissääty,
694 1394 43 19 että
756 1398 59 16 sama
831 1393 67 19 tunne

68 1422 84 26 pyhänä
171 1424 102 18 tunteena
288 1428 28 14 on
332 1422 176 20 velvoittamassa
523 1422 153 26 pappissäätyä,
690 1421 51 27 joka
760 1420 44 22 niin
820 1419 79 21 läheltä

68 1456 28 14 on
112 1450 101 25 kokenut,
228 1450 53 21 mitä
300 1450 93 21 Suomen
409 1450 83 21 kansan
509 1452 60 24 syvät
584 1450 54 25 rivit,
654 1450 52 20 mitä
721 1455 96 15 nouseva
833 1448 64 21 suku-

69 1478 63 27 polvi,
152 1478 54 27 jolle
221 1479 83 21 meidän
327 1478 86 21 lähinnä
430 1478 59 22 tulee
504 1480 82 20 vastata
601 1478 53 22 isien
670 1478 103 27 perinnön
793 1476 104 26 hoidosta,

69 1507 63 21 viime
148 1507 116 21 kuluneina
279 1507 78 21 kovina
373 1507 92 21 vuosina
481 1514 27 14 on
524 1507 95 27 kärsinyt
631 1506 23 27 ja
669 1507 52 20 mitä
735 1512 24 15 se
774 1506 79 20 toivoo.

712 1542 9 10 N
