1073 1748
202 111 44 37 534
442 124 91 16 Suomen
546 123 235 22 hypoteekkiyhdistys.
875 124 24 17 18
911 129 15 15 p
939 123 86 18 toukok.

204 190 34 21 On
253 191 83 21 erittäin
355 192 136 27 tarpeellista,
507 194 44 19 että
566 192 84 27 löytyisi
666 193 90 21 sellaisia
766 192 114 27 rahastoja,
888 193 66 26 joista
964 193 66 20 varsi-

203 219 71 21 naiset
289 219 164 27 pikkutilalliset,
466 221 54 27 joita
536 221 85 21 etenkin
638 227 104 16 maamme
757 221 93 27 pohjois-
859 221 22 27 ja
891 221 100 21 itäosissa
1001 227 27 15 on

204 251 76 18 suuret
296 250 85 25 määrät,
398 249 85 22 saisivat
499 249 178 28 pitempiaikaisia
692 249 185 28 kiinnityslainoja.
897 249 133 22 Varsinaiset

203 276 114 27 pikkutilat
339 279 50 19 ovat
411 279 104 20 nimittäin
532 279 44 20 niin
592 279 75 26 pieniä,
684 279 50 21 ettei
750 279 71 20 niiden
836 278 42 21 alin
894 285 52 14 arvo
961 284 68 15 nouse

203 305 65 26 4,000
290 305 121 22 markkaan.
441 307 28 22 Ja
483 307 83 27 kehitys
583 313 27 15 on
626 307 41 27 yhä
682 307 136 21 kulkemassa
834 307 67 21 siihen
917 309 113 23 suuntaan,

203 335 45 19 että
263 334 125 27 pikkutiloja
403 338 74 25 syntyy
493 336 79 21 entistä
582 337 152 20 runsaammin.
755 336 64 21 Juuri
837 335 109 22 tuollaiset
953 335 75 27 pikku-

203 362 102 27 tilalliset,
322 363 127 22 voidakseen
465 364 70 21 oikein
548 364 103 27 järjestää
666 365 186 22 toimeentulonsa,
863 366 113 25 etupäässä
986 365 42 20 tar-

203 391 108 21 vitsisivat
326 392 107 21 rahallista
449 399 61 21 apua,
525 393 180 27 pitempiaikaista
722 393 74 21 lainaa.
827 393 33 21 On
877 395 92 23 sanottu,
985 394 44 19 että

202 419 288 24 lainanhakukustannukset
505 424 105 19 nousevat
626 422 43 21 niin
681 421 112 26 korkealle,
804 422 51 21 ettei
865 421 70 28 pieniä
950 421 78 27 lainoja

202 447 95 22 kannata
312 449 95 22 lainkaan
424 452 63 19 ottaa.
509 451 40 21 Jos
566 451 43 20 niin
626 457 26 14 on
669 451 58 21 asian
743 450 55 26 laita,
814 451 43 20 niin
869 450 89 21 eiköhän
969 450 59 21 noita

200 476 162 23 kustannuksia
383 479 54 21 voisi
449 479 74 27 jollain
540 479 100 21 keinoilla
654 479 89 25 alentaa,
758 479 86 22 etenkin
860 479 86 27 pienten
961 479 66 21 laino-

199 505 39 27 jen
254 506 96 22 suhteen.

272 564 46 20 Hra
338 564 150 22 Alkunen:
504 565 124 21 Puolestani
644 565 140 27 mielihyvällä
800 567 124 23 tunnustan,
940 566 44 20 että
998 571 27 15 on

202 598 82 20 sangen
300 593 129 26 tarpeellista
444 594 85 27 käyttää
544 594 52 21 niitä
611 594 85 27 keinoja
710 594 230 26 maanviljelyksemme
951 593 75 21 kohot-

202 620 116 26 tamiseksi,
334 622 50 20 mitä
400 622 84 21 suinkin
501 623 89 21 voidaan
607 622 91 28 käyttää.
723 622 54 22 Olen
794 622 92 21 minäkin
898 622 41 21 sitä
949 622 76 25 mieltä,

202 651 44 19 että
262 651 56 19 tämä
333 650 41 21 alin
390 651 103 27 arvoraja,
502 651 59 27 josta
572 651 78 27 lainoja
660 651 119 21 maatilasta
789 653 111 23 annetaan,
911 650 47 22 olisi
969 650 56 22 alen-

202 680 92 19 nettava.
324 678 141 23 Maassamme
488 686 27 15 on
535 680 71 27 paljon
623 680 111 27 maatiloja,
747 680 62 27 jotka
824 680 115 20 vuosittain
956 679 69 27 siirty-

200 708 37 20 vät
260 709 88 19 suurten
366 707 107 27 yhtiöiden
489 708 68 22 käsiin
574 709 48 21 siitä
638 711 76 25 syystä,
730 708 50 22 ettei
796 708 70 21 niiden
883 708 141 27 viljeleminen

202 735 99 25 kannata,
316 736 42 21 kun
375 736 67 22 siihen
458 737 18 21 ei
492 744 37 14 saa
544 737 78 27 lainoja
636 737 107 21 sellaisilla
758 737 97 25 ehdoilla,
866 738 43 20 että
919 736 52 22 niitä
981 737 43 20 voi-

201 764 72 21 taisiin
296 764 88 27 hyväksi
406 765 91 27 käyttää.
529 766 111 21 Kannatan
656 766 37 21 siis
709 766 102 26 säädyssä
826 765 71 27 tehtyä
912 765 114 21 ehdotusta

202 792 100 22 alimman
319 794 111 26 arvorajan
446 794 159 22 alentamisesta
620 794 62 26 3,000
698 794 120 22 markkaan.

272 850 46 21 Hra
334 850 121 22 Ohman:
471 852 49 20 Med
535 852 116 26 anledning
666 851 22 21 af
699 852 25 20 de
739 851 115 28 yrkanden,
864 857 46 15 som
926 850 100 22 iständet

200 878 127 22 framställts
343 879 80 25 därom,
433 883 32 18 att
480 881 68 26 lägsta
563 881 157 26 värdegränsen
736 880 124 27 ytterligare
870 880 66 21 borde
947 879 77 22 sänkas

200 906 48 22 frän
264 907 64 25 4,000
343 908 31 21 till
389 909 62 25 3,000
466 909 66 25 mark,
543 909 95 21 anhäller
647 909 39 26 jag
695 909 20 21 fä
725 909 117 23 framhälla,
852 910 31 19 att
893 908 57 21 inom
962 911 62 18 stats-

201 935 107 22 utskottet
324 937 69 21 denna
407 937 60 27 fräga
482 938 55 21 varit
552 938 68 21 under
636 937 161 27 öfvervägande.
820 937 131 21 Densamma
960 936 64 22 fram-

200 964 90 22 ställdes
305 965 23 21 af
340 972 26 14 en
382 966 23 21 af
418 966 167 22 bondeständets
601 966 143 26 medlemmar,
760 972 48 15 men
825 966 52 21 efter
888 966 41 21 den
941 966 83 21 diskus-

200 993 55 24 sion,
279 1000 45 14 som
346 994 57 22 inom
427 996 106 20 utskottet
548 995 53 27 egde
616 1001 54 19 rum,
685 994 101 22 förenade
802 995 33 25 sig
850 994 61 21 äfven
927 994 98 26 samtliga

200 1022 169 22 bondeständets
385 1024 137 21 medlemmar
538 1030 34 15 om
588 1024 41 21 den
644 1024 90 25 äsikten,
744 1026 32 18 att
791 1023 46 21 skäl
852 1023 45 21 icke
909 1022 116 22 förefinnes

198 1053 34 18 att
255 1051 66 21 sänka
344 1053 90 25 gränsen
454 1052 58 27 lägre
527 1054 27 19 än
570 1052 31 21 till
616 1052 63 25 4000
694 1052 66 21 mark.
790 1052 43 20 Det
847 1058 37 14 var
899 1051 45 21 icke
959 1052 66 26 nägot

202 1085 47 15 som
272 1079 56 22 hälst
343 1080 128 27 principiellt
493 1081 51 25 skäl,
563 1087 46 15 som
625 1081 74 21 härvid
715 1080 76 28 gjorde
807 1080 33 27 sig
856 1080 102 27 gällande,
974 1083 50 18 utan

200 1114 90 14 snarare
305 1111 48 18 rent
368 1109 115 26 praktiska.
512 1110 50 20 Man
578 1110 72 26 ansäg,
666 1112 31 18 att
712 1110 26 20 de
754 1109 122 25 kostnader,
889 1114 46 15 som
951 1109 74 21 värde-

201 1136 55 27 ring,
271 1136 124 28 inteckning
409 1144 26 14 m.
452 1144 27 14 m.
494 1138 98 26 medtaga
607 1138 33 20 för
656 1138 122 21 erhällande
793 1137 23 21 af
828 1137 147 27 hypotekslän,
988 1139 37 19 äro

199 1165 25 20 sä
240 1165 125 27 betydande,
375 1168 32 19 att
421 1166 70 22 alltför
507 1167 47 20 små
569 1166 33 21 län
619 1166 31 21 till
664 1166 52 27 följd
732 1165 62 22 häraf
802 1166 45 20 icke
858 1165 64 21 blifva
932 1165 92 21 förmän-

199 1193 43 26 liga
258 1194 39 20 och
312 1196 32 19 att
358 1194 71 22 därtör
444 1195 83 21 mindre
543 1195 32 21 län
594 1197 25 19 än
632 1195 32 26 de,
675 1201 46 15 som
732 1194 74 22 kunna
816 1194 90 21 erhällas
916 1194 28 26 pä
953 1194 72 26 lägen-

200 1221 60 21 heter
284 1223 115 21 värderade
421 1224 32 20 till
475 1224 63 22 4,000
559 1224 65 25 mark,
644 1223 46 21 icke
705 1224 85 20 komme
805 1225 32 19 att
852 1228 50 15 vara
917 1222 109 27 begärliga

199 1249 33 22 för
255 1250 143 28 läntagarena.
429 1252 74 21 Säsom
527 1252 68 27 sagdt,
618 1252 36 21 det
675 1258 37 15 var
727 1251 137 21 uteslutande
880 1251 78 21 sädana
974 1251 51 25 skäl,

200 1285 47 14 som
270 1279 117 25 åstadkom,
402 1282 32 19 att
457 1280 105 22 utskottet
583 1280 45 22 icke
650 1280 95 26 föreslog
767 1286 26 15 en
813 1280 58 26 lägre
889 1280 136 26 värdegräns.

199 1307 66 21 Hvad
280 1308 46 21 äter
341 1308 132 22 vidkommer
488 1309 25 21 hr
524 1309 70 27 Hjelts
605 1309 94 27 yrkande
710 1309 80 25 därom,
801 1310 32 19 att
843 1308 68 26 tredje
919 1308 105 20 klämmen

199 1336 69 21 borde
282 1336 128 22 framställas
426 1338 71 21 såsom
513 1340 31 18 ett
558 1337 109 26 förbehåll,
678 1338 46 21 icke
735 1337 72 21 såsom
818 1339 31 19 ett
859 1336 167 27 önskningsmäl,

199 1364 24 21 så
247 1371 38 15 var
307 1365 61 21 äfven
392 1366 71 21 denna
483 1366 61 27 fråga
564 1366 58 21 inom
638 1366 105 21 utskottet
759 1365 68 21 under
842 1365 128 26 diskussion,
986 1365 40 21 och

199 1393 76 22 härvid
290 1393 109 22 framhölls
414 1395 33 21 för
463 1395 39 21 den
515 1394 112 27 affattning
643 1394 23 21 af
674 1395 113 25 klämmen,
798 1400 46 15 som
856 1393 106 22 utskottet
971 1393 55 22 före-

200 1421 70 28 slagit,
292 1425 36 23 att,
345 1423 72 21 därest
440 1423 137 27 nedsättning
592 1423 22 21 af
626 1424 159 25 värdegränsen
802 1422 132 27 uppställdes
953 1423 72 20 såsom

199 1449 104 22 förbehåll
319 1451 32 21 för
367 1452 158 27 statsgarantin,
542 1452 76 21 sådant
633 1452 84 21 komme
728 1454 32 19 att
769 1451 110 21 föranleda
894 1451 132 27 svårigheter

198 1478 34 22 för
247 1479 232 28 hypoteksföreningen
495 1481 129 26 därigenom,
636 1483 31 18 att
682 1480 45 21 icke
743 1480 71 26 någon
825 1479 34 22 del
869 1479 23 21 af
902 1479 57 21 lånet
969 1479 57 26 finge

199 1509 107 25 upptagas
321 1508 65 21 innan
401 1508 231 28 hypoteksföreningen
648 1509 89 21 beslutit
748 1507 158 28 framställning
915 1508 39 21 hos
966 1513 60 21 rege-
