1075 1742
169 116 13 20 6
417 123 112 16 Puhemies
539 123 24 20 ja
575 123 169 20 varapuhemies.
846 120 27 18 22
885 126 19 15 p.
915 120 81 20 jouluk.

240 196 63 27 Sääty
325 196 108 28 hajaantui
457 199 70 19 tämän
541 197 84 27 jälkeen
642 197 40 21 k:lo
703 198 39 24 9,45
757 203 18 14 e.
790 202 35 21 pp.
841 199 45 18 taas
901 195 95 21 kokoon-

168 225 105 21 tuakseen
290 225 40 21 k:lo
348 226 52 25 10,45
415 232 16 15 e.
444 232 35 20 pp.

793 282 22 17 In
829 281 63 18 fidem:

727 317 25 20 A.
775 316 21 21 V.
812 316 115 26 Lindberg.

204 540 185 35 Perjantaina
406 541 163 34 joulukuun
588 541 37 26 22
646 543 62 31 p:nä
727 540 55 26 kl:o
801 540 64 30 10,45
883 547 22 18 e.
924 547 43 26 pp.

238 621 121 22 Sittenkuin
382 622 79 27 säädyn
481 622 86 27 jäsenet
588 624 45 19 taas
649 622 65 21 olivat
729 621 165 24 kokoontuneet,
910 620 85 21 ilmoitti

168 650 38 21 hra
221 650 193 26 ikäesimies,
437 653 44 19 että
496 651 178 27 porvarissäädyn
690 649 184 29 puhemieheksi
891 649 28 21 oli
935 649 59 20 nimi-

169 681 54 25 tetty
238 679 161 27 pankinjohtaja
422 679 73 22 Karl
518 679 67 22 Elis
608 679 140 22 Leonard
770 685 56 15 von
847 677 107 22 Pfaler
973 677 22 27 ja

170 707 243 28 varapuhemieheksi
434 702 13 37 —
454 708 210 27 kaupunginlääkäri,
700 707 139 22 lääketieteen
870 706 125 21 lisensiaatti

167 735 119 22 Gustaf
327 737 90 20 Rudolf
455 737 63 21 Idman
556 737 51 21 sekä
622 739 43 19 että
680 736 110 27 kumpikin
806 735 68 22 hänen
891 735 104 27 ylhäisyy-

168 767 62 18 tensä
246 765 238 22 kenraalikuvernöörin
499 766 77 21 edessä
591 765 29 22 oli
635 765 73 27 tehnyt
725 765 100 26 säädetyn
842 763 70 22 valan:

236 833 48 21 Hra
299 840 56 14 von
373 834 105 21 Pfaler
501 835 78 20 asettui
594 836 71 19 tämän
678 834 85 27 jälkeen
780 832 140 28 puhemiehen
933 832 60 21 istui-

167 862 63 20 melle
243 862 24 26 ja
282 862 90 21 tervehti
389 865 72 25 säätyä
476 863 126 21 seuraavilla
618 863 99 20 sanoilla
708 858 14 37 :

326 960 124 26 Högtärade
466 960 137 21 medlemmar
618 960 22 21 af
654 959 186 27 borgareständet!

236 1027 84 22 Utsedd
343 1030 32 18 att
391 1028 33 21 vid
448 1028 69 22 denna
532 1028 102 27 landtdag
649 1028 71 21 säsom
737 1028 79 20 talman
832 1027 47 21 leda
895 1027 98 26 borgare-

165 1056 99 21 ständets
287 1055 165 28 förhandlingar,
468 1057 64 21 beder
548 1057 38 27 jag
606 1056 76 22 främst
697 1059 32 19 att
744 1056 12 21 å
772 1056 97 21 ständets
885 1055 38 21 och
939 1061 54 21 egna

165 1086 82 25 vägnar
262 1084 22 21 fä
299 1084 30 21 till
345 1084 38 22 vär
398 1086 63 20 ärade
476 1085 182 27 älderspresident
672 1084 108 22 frambära
794 1091 27 14 en
837 1084 86 27 hjärtlig
936 1084 57 21 tack-

165 1113 85 27 sägelse
272 1112 32 22 för
327 1114 26 20 de
377 1120 72 15 varma
471 1114 39 21 och
533 1114 84 26 vänliga
635 1114 45 26 ord,
695 1114 102 21 hvarmed
813 1113 41 21 han
871 1112 122 21 välkomnat

164 1142 93 21 ständet.

235 1170 48 20 Den
307 1170 90 27 uppgift,
421 1177 45 15 som
491 1171 33 21 vid
540 1169 65 23 detta
627 1171 146 21 ständermöte
795 1170 114 26 föreligger
924 1169 69 21 finska

164 1198 78 22 folkets
259 1201 178 24 representanter,
453 1201 23 19 är
491 1199 23 21 af
527 1200 167 26 utomordentlig
710 1199 113 27 betydelse,
840 1200 22 25 ty
877 1198 36 21 det
928 1198 65 26 gäller

164 1227 90 21 framför
276 1227 37 21 allt
335 1229 32 19 att
388 1227 33 21 för
443 1228 197 27 representationen
656 1228 66 26 skapa
737 1234 27 14 en
780 1234 28 20 ny
830 1227 61 25 form,
907 1233 46 15 som
969 1228 24 19 är

164 1256 70 26 egnad
258 1258 31 18 att
310 1255 130 22 tillförsäkra
462 1257 124 21 densamma
606 1256 47 22 hela
672 1256 78 21 folkets
766 1256 89 21 odelade
869 1255 124 21 förtroende

164 1284 40 21 och
220 1284 79 25 kärlek,
316 1284 36 21 det
375 1284 66 27 gäller
463 1287 31 19 att
509 1284 90 28 uppföra
614 1292 26 14 en
656 1285 106 27 byggnad,
778 1291 47 15 som
841 1284 68 21 hvilar
924 1284 27 26 pä
966 1290 26 14 en

163 1312 44 22 fast
222 1313 72 26 grund
315 1313 39 21 och
369 1313 28 27 pä
413 1320 81 14 samma
515 1314 57 26 gäng
586 1316 23 19 är
624 1314 75 26 tjänlig
714 1315 32 19 att
760 1313 79 21 bereda
855 1312 83 22 trefnad
954 1312 38 21 och

163 1341 61 27 lycka
239 1340 33 22 för
288 1340 65 22 födda
368 1341 39 21 och
423 1342 77 21 ofödda
515 1342 95 21 släktled.

234 1370 66 20 Detta
322 1369 49 22 värf
384 1370 73 21 ställer
479 1373 59 19 stora
558 1371 93 27 anspräk
666 1371 28 26 pä
709 1370 128 21 ständernas
853 1369 139 21 fosterlands-

163 1398 80 25 kärlek,
268 1398 147 26 osjälfviskhet
437 1399 40 21 och
499 1399 142 24 förutseende,
664 1399 39 21 och
726 1399 76 21 endast
821 1398 113 21 framtiden
951 1398 41 20 kan

164 1427 49 21 med
229 1426 100 22 säkerhet
344 1427 96 22 bedöma,
456 1434 34 14 om
506 1427 82 21 värfvet
603 1427 68 21 blifvit
687 1428 33 20 väl
735 1426 67 28 fylldt.

234 1454 49 21 Men
300 1457 31 18 ett
345 1455 87 21 redbart
447 1456 38 21 och
502 1458 172 25 samvetsgrannt
689 1456 74 21 arbete
778 1455 39 21 har
832 1455 60 21 alltid
905 1455 32 20 sin
949 1454 43 21 väl-

162 1483 96 26 signelse
274 1483 39 21 och
328 1483 190 27 borgareständets
534 1485 124 20 traditioner
674 1486 37 19 äro
727 1490 26 15 en
770 1484 81 26 borgen
867 1483 33 21 för
915 1485 32 19 att
957 1483 36 21 det

162 1511 47 21 icke
232 1511 54 22 skall
310 1512 65 26 svika,
398 1512 27 21 dä
449 1513 36 21 det
507 1513 65 26 gäller
594 1515 32 19 att
641 1513 47 20 med
704 1512 145 27 sakkunskap,
865 1511 73 21 kärlek
953 1511 39 21 och
