1073 1745
173 101 43 21 312
470 98 257 32 Rautatierakennuksia.
846 105 27 18 26
885 110 20 16 p.
917 104 82 18 huhtik.

242 175 43 27 Jag
304 175 94 21 anhäller
419 181 41 18 om,
482 177 32 20 att
529 175 86 22 ständet
637 175 49 21 ville
701 174 90 22 omfatta
805 174 36 21 det
856 173 23 22 af
892 174 25 21 hr
933 172 68 22 Wolff

174 210 27 15 m.
216 203 21 22 fl.
253 204 75 27 gjorda
342 203 101 28 förslaget
458 204 86 26 därhän,
559 206 32 19 att
598 203 242 28 anknytningspunkten
852 203 33 21 för
896 203 41 21 den
948 207 49 22 pro-
1018 215 2 2 -

171 232 111 27 jekterade
297 233 282 26 sammanbindningsbanan
596 232 69 22 skulle
680 232 107 26 förläggas
802 231 31 22 till
844 232 70 27 nägon
928 230 70 28 punkt

174 260 79 22 mellan
267 261 116 27 Jyväskylä
397 261 38 21 och
453 261 102 22 Suolahti.

244 307 47 21 Hra
311 307 157 26 Juselius,
492 307 132 21 Arthur:
655 305 257 28 Suolahti—-Suonenjoki
921 305 76 25 banan,

175 335 72 22 såsom
271 335 92 22 varande
385 335 138 28 regeringens
546 335 134 28 proposition
704 335 59 21 såväl
785 335 35 21 vid
842 336 86 20 senaste
950 339 46 16 som

175 364 70 21 denna
260 364 107 26 landtdag,
382 364 101 25 kommer,
498 363 44 22 ifall
555 364 41 21 den
618 370 29 15 nu
663 364 101 25 beslutes,
779 366 32 19 att
825 363 50 28 fylla
890 365 31 19 ett
936 362 63 27 länge

174 393 67 20 kändt
257 392 64 21 behof
334 392 23 21 af
370 393 269 26 sammanbindningsbana
661 393 48 21 med
725 393 95 20 kortaste
836 391 84 22 sträcka
934 391 65 21 emel-

175 420 34 21 lan
226 420 103 22 Savolaks
345 421 39 21 och
406 421 168 21 österbottniska
592 421 101 21 banorna.
723 420 51 21 Som
789 419 161 27 önskningsmäl
966 419 33 20 för

175 449 70 21 denna
268 449 65 22 banas
356 455 63 16 snara
440 449 172 27 förvärkligande
633 449 54 22 talar
707 449 111 21 dessutom
834 448 79 27 tydliga
928 447 71 22 siffror

175 478 31 21 uti
228 478 172 21 statsutskottets
424 478 134 21 betänkande
581 478 110 27 angäende
716 476 283 23 kommunikationsfonden.

175 506 33 21 Då
224 513 48 14 man
289 507 45 20 däri
349 513 41 19 ser,
405 509 31 19 att
450 506 32 22 för
493 507 81 26 ökning
589 506 23 21 af
625 507 66 27 rörlig
705 506 97 21 material
817 505 97 28 utgifvits
931 505 69 21 under

175 535 50 21 ären
243 535 141 21 1898—1900
407 535 123 26 18.400,000
553 535 60 22 mark
636 535 39 22 och
697 535 69 22 under
786 535 51 21 ären
859 534 140 21 1901—1904

176 563 125 26 19,437,000
325 564 66 25 mark,
416 564 23 21 sä
455 564 67 21 måste
544 564 64 21 dessa
627 567 58 18 stora
700 563 71 22 siffror
787 563 31 22 till
833 565 46 19 stor
897 563 33 21 del
948 563 51 20 bero

175 591 22 22 af
217 592 42 21 den
282 593 77 26 mängd
383 599 84 20 vagnar,
482 599 47 15 som
546 593 68 21 mäste
629 592 68 22 finnas
713 592 32 21 till
761 591 130 28 förfogande,
906 593 32 19 att
953 591 47 21 icke

175 620 72 22 alltför
271 621 112 27 ödesdigra
402 621 100 22 förluster
526 621 34 21 för
576 621 124 22 trafikanter
715 621 36 21 mä
765 621 79 26 uppstä
861 626 76 21 genom
958 619 40 21 den

175 651 57 19 ännu
254 649 93 22 rådande
370 652 137 25 permanenta
530 650 156 27 vagnsbristen.
728 650 11 21 I
763 649 143 22 betänkandet
931 650 69 25 säges,

175 680 32 19 att
221 677 107 22 afståndet
343 677 46 22 från
405 679 85 26 Kuopio
506 679 32 20 till
553 679 115 26 Jyväskylä
683 685 28 14 nu
728 684 39 21 per
779 678 91 27 järnväg
883 679 63 25 utgör
958 677 42 20 702

175 706 118 25 kilometer,
316 707 76 21 medan
414 707 35 21 det
472 713 77 21 genom
572 707 284 26 sammanbindningsbanan
872 705 70 22 blefve
959 705 41 21 174

175 735 118 26 kilometer,
314 735 39 22 och
376 735 79 28 följden
478 735 62 22 däraf
554 742 55 19 vore,
625 738 32 19 att
675 738 58 19 toma
749 741 80 21 vagnar
844 735 58 26 uppå
918 733 82 28 mycket

175 763 87 22 kortare
283 764 30 21 tid
335 764 27 21 då
377 764 54 21 efter
446 764 66 22 behof
524 764 72 21 kunde
611 764 71 27 flyttas
702 764 48 21 från
767 763 103 22 Savolaks
885 763 31 21 till
932 764 68 20 öster-

175 792 110 21 bottniska
307 793 75 25 banan,
405 795 31 19 att
458 793 79 27 rörliga
559 793 123 21 materielen
705 799 60 15 mera
779 792 71 21 kunde
866 791 86 22 komma
968 791 31 21 till

175 821 138 26 användning
327 821 40 22 och
382 824 32 19 att
423 821 130 27 följaktligen
569 821 46 22 icke
631 821 24 22 så
670 824 59 19 stora
745 821 87 27 utgifter
848 820 31 21 till
895 827 27 20 ny
934 819 67 27 rörlig

175 849 97 22 material
287 849 80 27 årligen
383 849 90 22 behöfde
487 850 78 21 anslås.

243 878 178 27 Jyväskylä—S:t
435 878 81 24 Michel,
532 878 71 22 såsom
620 878 92 22 varande
723 884 28 15 en
761 878 74 26 längre
845 876 40 22 och
895 876 105 22 kostsam-

175 912 59 15 mare
249 906 136 28 anläggning,
400 907 88 21 emedan
504 907 41 21 den
561 913 100 21 passerar
675 906 60 22 öfver
746 906 56 22 sund
813 912 27 14 m.
851 912 27 14 m.
890 904 39 22 och
940 905 59 21 dess-

175 937 60 19 utom
257 935 71 21 såsom
344 935 269 27 sammanbindningsbana
629 936 61 20 berör
705 941 26 15 en
748 934 45 22 helt
806 940 70 15 annan
892 933 58 21 trakt
960 933 40 21 och

175 963 62 27 fyller
253 964 66 20 andra
335 963 69 27 behof,
420 964 40 21 kan
473 964 25 26 ju
516 964 81 27 byggas
613 970 82 15 senare.

245 992 42 21 För
302 991 65 28 öfrigt
381 994 24 19 är
419 993 7 20 i
441 992 144 22 betänkandet
599 991 258 27 Suolahti—Suonenjoki
872 991 82 21 banans
965 990 34 21 be-

176 1019 103 28 höflighet
300 1020 33 22 väl
357 1021 122 26 motiverad,
501 1020 86 22 hvarför
607 1021 38 27 jag
659 1020 32 22 får
706 1020 28 28 på
749 1020 37 22 det
800 1022 107 19 varmaste
923 1018 78 22 under-

176 1049 62 21 stöda
261 1049 46 21 den.
336 1049 43 27 Jag
401 1050 95 21 ansluter
516 1050 44 26 mig
574 1049 31 21 till
622 1049 24 21 hr
661 1050 114 26 Hedbergs
791 1054 26 15 m.
833 1048 20 21 fl.
869 1048 131 21 reservation

176 1084 35 14 n:o
228 1078 10 20 1
257 1078 48 21 med
320 1077 38 21 des
373 1078 109 21 klämmar.

247 1118 47 20 Hra
316 1117 166 27 Reijonen:
509 1118 48 21 Hra
579 1118 84 21 Winter
678 1117 93 21 mainitsi
787 1116 123 22 todisteeksi
929 1115 73 26 siihen,

176 1147 43 20 että
239 1146 118 27 yhdysliike
378 1146 69 22 Savon
464 1146 65 22 radan
542 1146 23 27 ja
580 1146 145 27 Pohjanmaan
742 1145 66 21 radan
824 1144 71 22 välillä
909 1150 28 15 on
954 1150 47 15 san-

176 1180 40 21 gen
231 1174 112 26 vähäinen,
358 1180 44 20 sen,
418 1176 44 20 että
476 1175 123 21 ainoastaan
615 1174 43 22 300
673 1174 74 21 tonnia
762 1176 86 18 tavaraa
861 1179 27 15 on
900 1172 101 27 lähetetty

175 1202 56 22 koko
248 1202 70 22 Savon
342 1203 83 21 radalta
439 1203 145 27 Pohjanmaan
599 1202 86 22 radalle.
713 1202 68 22 Tämä
796 1202 34 21 voi
845 1204 63 18 antaa
923 1202 78 20 väärän

175 1231 71 21 kuvan
271 1231 111 21 liikkeestä
404 1232 71 21 Savon
496 1232 81 21 radalla
595 1232 24 26 ja
641 1231 102 21 läntisten
762 1230 68 22 ratain
846 1230 76 24 välillä,
934 1229 68 27 jonka

175 1260 78 21 vuoksi
268 1260 75 27 pyysin
359 1260 167 26 puheenvuoroa
536 1260 207 25 huomauttaakseni,
754 1261 45 19 että
808 1258 123 22 tavaraliike
942 1258 60 21 esim.

175 1294 88 15 vuonna
279 1288 55 21 1904
349 1288 28 21 oli
393 1288 274 27 Pieksämäen
544 1282 14 38 —
563 1288 102 27 Kajaanin
683 1288 98 21 väliseltä
797 1287 115 21 rataosalta
926 1286 74 22 Turun

176 1317 101 25 —Porin,
298 1311 165 37 Hämeenlinnan
480 1311 144 37 -Tampereen
640 1316 51 22 sekä
706 1317 93 23 Vaasan,
812 1315 72 22 Oulun
892 1315 24 26 ja
925 1315 76 26 Jyväs-

175 1345 62 27 kylän
254 1345 80 21 radalle
349 1345 63 26 2,353
427 1346 73 21 tonnia
512 1345 24 27 ja
551 1345 65 22 näiltä
631 1345 91 21 radoilta
737 1344 73 21 tuleva
820 1343 49 22 liike
880 1343 62 26 2,459
954 1346 48 18 ton-

175 1373 36 22 nia
225 1373 28 21 eli
269 1373 36 22 siis
320 1373 105 28 yhteensä
439 1374 62 25 4,812
516 1374 80 25 tonnia,
608 1373 53 28 joka
675 1373 43 22 teki
730 1373 27 21 13
768 1373 74 21 tonnia
851 1372 76 27 päivää
936 1371 67 22 kohti.

176 1402 89 21 Vaikkei
281 1404 57 19 tämä
353 1402 88 21 olekaan
458 1403 55 21 tosin
532 1403 60 20 suuri
607 1402 55 25 liike,
678 1402 94 21 todistaa
787 1407 23 15 se
826 1400 116 25 kuitenkin,
958 1401 44 20 että

175 1430 48 21 olisi
245 1433 87 24 tarpeen
349 1431 109 26 suorempi
473 1431 148 27 yhdistyslinja
636 1430 56 21 koko
707 1430 161 21 länsi-Suomen
880 1429 24 26 ja
919 1428 83 27 pohjoi-

176 1465 37 15 sen
230 1459 71 21 Savon
318 1459 66 21 radan
400 1459 76 26 välillä,
488 1459 67 28 jonka
569 1459 75 21 vuoksi
655 1459 93 21 minäkin
760 1458 107 21 kannatan
878 1457 125 22 ensimäistä

175 1487 154 22 vastalausetta
344 1487 63 22 täällä
423 1494 67 15 ennen
506 1488 113 27 esitetyillä
630 1487 131 28 perusteilla.
