1073 1742
189 102 26 20 16
499 104 208 30 Tervehdyspuheet.
862 108 27 16 22
902 112 19 16 p.
930 108 83 20 jouluk.

258 176 41 21 För
322 182 25 15 en
370 177 65 21 sådan
457 177 120 27 åskådning
599 178 82 26 hoppas
697 178 24 21 R.
737 184 18 14 o.
772 177 25 21 A.
812 179 31 19 att
858 177 39 21 hos
913 177 100 26 borgare-

187 204 92 26 ståndet,
294 205 64 21 hvars
374 206 136 21 medlemmar
525 206 93 21 förlänat
633 206 35 21 det
684 212 159 21 gemensamma
856 205 158 22 fosterländska

187 232 106 22 försvaret
315 236 29 19 ett
367 234 127 27 bepröfvadt
515 235 86 21 bistånd
624 235 39 21 och
685 235 64 21 bland
768 234 70 21 hvilka
859 233 115 22 återfinnas
990 234 24 21 så

187 262 79 26 många
283 262 142 27 framskjutna
439 263 102 21 målsmän
557 264 34 20 för
607 264 26 20 de
647 264 53 25 kraf,
716 270 46 15 som
779 263 33 21 vid
828 263 70 21 denna
913 262 101 27 tidpunkt

187 290 75 22 ställas
282 291 27 27 på
324 291 38 21 vår
377 291 220 28 folkrepresentation,
614 292 72 22 kunna
701 292 94 27 påräkna
810 292 41 20 den
867 291 91 27 sympati
974 291 38 21 och

187 319 37 21 det
239 319 149 27 samförstånd,
404 320 88 22 hvarom
508 321 91 26 tidigare
614 321 125 26 landtdagar
755 320 57 22 burit
826 320 74 21 vittne.

257 348 25 21 R.
301 354 18 15 0.
335 349 26 21 A.
377 349 61 21 utber
454 350 33 26 sig
502 349 88 21 härmed
605 352 32 18 att
652 349 21 22 få
688 356 51 14 vara
754 349 116 21 inneslutet
885 349 6 21 i
907 348 106 26 vällofliga

187 376 190 27 borgareständets
393 378 39 20 och
448 378 25 20 hr
488 378 135 21 talmannens
640 378 94 26 vänskap
751 378 38 21 och
805 378 129 20 förtroende.

258 451 45 21 Hra
326 452 142 26 puhemies
503 453 88 21 vastasi:
611 447 19 27 Ä
642 452 187 28 borgareständets
843 454 80 25 vägnar
934 452 32 21 fär
976 452 38 27 jag

187 478 108 23 frambära
303 480 96 22 ständets
407 481 99 27 hjärtliga
515 482 133 26 tacksägelse
656 481 33 21 för
697 482 40 20 den
747 481 119 27 broderliga
873 480 99 28 hälsning
978 481 36 21 det

187 508 116 27 höglofliga
323 509 24 21 R.
371 516 18 14 o.
412 510 37 21 Ä:s
474 510 137 21 medlemmar
627 517 28 14 nu
671 510 98 21 framfört
784 510 30 20 till
830 510 182 26 borgareständet.

187 536 44 22 Det
253 536 85 22 kräfves
361 538 91 21 förvisso
471 541 30 19 ett
516 538 172 22 förtroendefullt
703 539 39 21 och
758 538 121 27 endräktigt
894 538 120 21 samarbete

187 564 23 22 af
223 565 42 21 alla
280 566 67 26 ständ,
361 572 34 15 om
411 568 40 20 den
467 567 33 21 för
515 567 47 21 hela
578 568 47 20 värt
639 567 44 21 folk
699 568 39 21 och
754 567 49 21 dess
818 566 86 22 framtid
920 567 23 21 sä
955 567 58 26 bety-

188 593 112 22 delsefulla
315 594 73 28 frägan
405 602 34 14 om
451 596 254 27 folkrepresentationens
723 596 132 26 ombildning
872 595 52 21 skall
941 596 72 20 kunna

187 622 82 22 erhälla
284 629 25 15 en
326 623 195 23 tillfredsställande
533 624 92 27 lösning.
648 624 181 28 Borgareständet
839 624 81 27 hoppas
931 625 7 20 i
948 624 66 20 likhet

188 651 48 21 med
253 652 25 20 R.
293 658 18 15 o.
328 653 31 25 A.,
375 654 31 20 att
421 659 25 15 en
466 653 64 21 sådan
547 653 85 27 lösning
647 654 53 20 skall
716 654 73 21 kunna
803 653 82 23 vinnas,
899 653 38 21 och
949 652 65 22 beder

187 682 32 18 att
242 679 114 23 framdeles
376 681 89 22 likasom
484 682 105 21 härintills
604 682 21 21 få
640 689 51 14 vara
706 682 114 21 inneslutet
836 682 6 20 i
858 681 114 27 höglotliga
987 681 25 21 R.

188 714 19 15 0.
223 709 38 21 A's
277 709 89 27 välvilja,
383 710 94 28 vänskap
493 710 39 22 och
548 710 128 22 förtroende.

259 840 46 21 Hra
327 841 202 26 puhemiehen
553 843 161 21 kehoituksesta
736 842 51 22 lähti
806 844 70 20 tämän
890 837 84 41 jälkeen
988 848 27 26 se

188 867 111 28 lähetystö,
319 869 67 26 jonka
408 871 39 20 tuli
469 871 68 21 hänen
560 871 180 28 ylhäisyydeltään
762 870 253 22 kenraalikuvernööriltä

188 899 78 24 pyytää
280 897 47 27 ajan
343 900 149 21 määräämistä
506 900 148 27 valtiopäiväin
669 900 131 27 juhlallisille
814 899 120 27 avajaisille.

260 1011 120 22 Sittenkuin
403 1014 97 21 mainittu
523 1014 104 27 lähetystö
650 1015 76 21 hetken
750 1015 98 20 kuluttua
864 1014 27 21 oli
907 1014 107 27 palannut,

188 1039 86 22 ilmoitti
289 1040 39 21 hra
343 1041 165 27 puhemies,
529 1045 44 18 että
589 1043 68 21 hänen
673 1043 157 28 ylhäisyytensä
844 1043 171 20 kenraalikuver-

188 1068 62 21 nööri
267 1069 27 20 oli
309 1071 90 20 antanut
414 1071 95 26 tiedoksi,
525 1073 44 19 että
585 1072 173 27 valtiopäiväin
780 1071 150 28 juhlallinen
948 1077 66 16 avaa-

188 1097 84 21 minen
289 1097 27 21 oli
340 1099 117 26 tapahtuva
478 1100 121 21 huomenna
615 1101 139 20 keisarillisen
771 1100 70 21 linnan
858 1100 157 21 valtaistuinsa-

188 1125 52 21 lissä
263 1126 234 27 jumalanpalveluksen
523 1131 108 24 päätyttyä
656 1129 204 25 Nikolainkirkossa,
883 1129 51 26 joka
960 1129 55 21 alkoi

188 1153 57 21 kello
263 1155 46 25 !',
299 1149 13 37 2
325 1155 96 27 päivällä.

190 1285 4 3 N
260 1257 255 32 Talonpoikassäädyn
533 1261 256 27 tervehdyslähetystö
805 1262 73 26 saapui
895 1264 41 24 nyt.
946 1261 70 27 johta-

188 1291 50 20 jana
255 1286 180 27 valtiopäivämies
452 1288 111 27 Kallio,
575 1289 52 27 joka
643 1289 77 22 lausui:

212 1360 115 22 Korkeasti
343 1361 143 23 kunnioitettu
502 1363 117 27 puhemies!
654 1365 156 26 Hyvinarvoisa
827 1365 165 26 porvarissääty!

261 1411 92 22 Suomen
371 1413 201 28 talonpoikaissääty
588 1417 76 25 pyytää
679 1416 92 24 meidän,
786 1415 143 28 lähetystönsä
944 1416 75 21 kautta

189 1439 78 22 lausua
285 1440 214 24 kunnioittavimman
515 1444 187 27 tervehdyksensä.
733 1444 53 21 Tätä
802 1451 68 14 emme
886 1447 33 18 tee
935 1445 83 20 ainoas-

189 1470 50 19 taan
264 1471 62 19 tavan
349 1470 83 25 vuoksi,
454 1478 51 14 vaan
525 1472 218 22 esiintuodaksemme
759 1475 131 19 tunteemme
905 1473 53 25 siitä,
975 1475 44 18 että

189 1497 103 26 nykyisen
309 1499 135 27 murrosajan
461 1502 81 19 tuomat
558 1501 73 20 huolet
644 1501 23 26 ja
678 1503 77 20 suuret
768 1501 128 21 esiintulleet
909 1501 109 22 uudistus-
