1039 1773
221 164 41 20 244

194 225 128 23 derrättelse
342 233 34 14 om
395 226 27 21 de
441 225 108 22 särskilda
567 224 80 28 beslut,
663 224 63 23 hvari
745 225 87 22 ståndet
850 225 36 22 vid
905 226 36 21 be-

194 260 133 28 handlingen
342 261 24 20 af
378 260 59 21 detta
453 260 78 20 ärende
547 263 94 23 stannat,
657 260 71 21 skulle
743 260 140 21 medstånden
900 260 41 21 och

194 294 248 28 expeditionsutskottet
456 294 108 21 meddelas
579 302 79 21 genom
673 296 32 19 ett
720 294 25 22 så
758 294 94 28 lydande
867 298 75 25 proto-

193 328 147 30 kollsutdrag:

262 362 58 22 ”Vid
343 362 160 30 behandlingen
526 363 24 21 af
569 362 235 22 ekonomieutskottets
824 362 117 22 betänkan-

194 397 27 21 de
240 398 7 20 i
262 396 118 28 anledning
398 397 24 21 af
437 397 80 28 nädiga
535 397 166 28 propositionen
716 396 45 22 N:o
775 397 37 27 43,
832 396 108 30 angäende

194 431 105 28 utvidgad
315 430 100 22 handels-
430 431 41 21 och
486 431 166 28 näringsfrihet,
669 430 40 22 har
725 431 178 29 borgareständet
918 439 24 13 u-

195 470 36 17 tan
246 465 129 29 förändring
390 466 83 28 antagit
488 466 118 21 utskottets
622 465 137 22 betänkande
775 466 110 28 angäende
898 473 44 14 mo-

195 503 110 18 menterne
321 507 18 20 c,
355 500 10 21 f
378 499 42 22 och
434 508 26 21 g;
474 500 135 21 beträffande
624 506 64 15 mom.
699 499 14 22 b
729 503 71 18 ansett
812 503 40 24 att,
868 501 6 20 i
890 499 52 22 stäl-

195 533 31 22 let
240 534 34 21 för
288 534 120 29 uttrycket,
423 533 153 29 upphäfvande
593 534 37 21 ”af
644 534 29 21 all
691 533 128 30 godtycklig
839 535 104 28 begräns-

196 569 53 28 ning
268 567 90 22 emellan
378 568 157 29 slöjdeyrken”,
553 568 78 27 borde,
645 566 34 23 till
699 568 161 29 förtydligande
882 569 63 21 deraf

183 598 44 26 "att
241 603 165 28 upphäfvandet
420 603 24 21 af
456 602 163 29 ifrågavarande
637 601 149 30 begränsning
804 603 68 28 gäller
886 603 56 21 både

195 637 100 22 handels-
310 637 41 21 och
367 635 214 30 handtverksyrkenä
599 637 107 21 hvardera
724 637 60 21 inom
799 637 43 29 sig,
861 638 81 20 använ-

196 671 38 22 das
253 671 94 28 följande
365 671 110 27 lokution,
493 671 152 28 upphäfvande
664 671 37 21 ”af
717 671 29 21 all
764 671 128 28 godtycklig
906 671 37 22 be-

194 706 122 29 gränsning
337 705 89 22 emellan
450 705 107 22 särskilda
578 704 101 23 handels-
697 705 41 21 och
758 705 155 28 slöjdeyrken%;
935 705 8 21 i

196 740 102 21 afseende
319 740 6 21 å
339 747 64 14 mom.
419 736 24 30 d,
458 739 47 22 med
521 739 149 22 bibehållande
686 739 25 21 af
723 739 131 28 rättigheten
870 739 34 22 för
915 747 27 14 en

184 774 66 30 hvar
264 777 32 18 att
310 773 34 22 till
359 773 82 22 utrikes
457 777 34 18 ort
505 773 70 21 utföra
590 779 56 22 egna
660 773 121 28 produkter
793 773 41 22 och
847 774 95 21 tillverk-

197 808 83 29 ningar,
296 807 58 22 velat
364 807 81 22 föreslä
456 807 66 22 sädan
536 806 137 30 bestämning
689 807 111 28 angäende
812 808 131 28 rättigheten

197 845 31 18 att
247 842 47 21 frän
313 842 82 21 utrikes
415 845 35 18 ort
467 841 140 22 införskrifva
625 842 41 21 och
689 841 113 22 införtulla
823 842 65 28 gods,
912 845 32 18 att

197 877 124 21 densamma
343 876 80 28 skulle,
449 875 94 22 förutom
564 875 133 28 handlande,
723 874 120 23 tillkomma
865 876 78 22 endast

197 911 159 21 handtverkare
371 911 41 21 och
428 910 157 22 fabriksidkare
600 910 34 22 för
649 910 26 21 de
691 910 135 26 materialier,
842 910 101 28 redskap,

197 944 109 22 maskiner
324 944 41 22 och
383 944 68 22 andra
469 944 173 27 förnödenheter,
660 944 81 21 hvaraf
757 944 25 21 de
801 945 37 20 äro
854 944 7 21 i
877 944 69 22 behof

198 979 32 21 till
249 979 151 29 användning,
422 978 143 29 förbrukning
587 978 53 22 eller
661 978 153 22 förarbetande
832 978 37 21 vid
887 986 55 21 egen

197 1013 182 27 industrirörelse,
395 1013 89 21 emedan
499 1020 25 14 en
539 1012 136 29 obegränsad
689 1012 153 29 utsträckning
856 1012 24 22 af
893 1013 50 21 ifrä-

198 1047 122 29 gavarande
339 1047 106 28 rättighet
462 1047 111 29 lätteligen
591 1047 73 21 kunde
679 1046 50 22 leda
747 1046 91 28 derhän,
854 1049 40 25 att,
910 1047 33 21 till

198 1082 86 28 förfäng
308 1082 34 21 för
363 1081 239 27 minuthandlanderne,
620 1088 27 14 en
665 1084 48 18 stor
735 1079 36 23 del
792 1081 24 21 af
834 1081 109 29 importen

199 1116 69 22 skulle
288 1116 51 21 falla
354 1116 5 20 i
376 1115 164 29 utländningars
559 1115 88 27 händer,
667 1115 92 22 sälunda
777 1118 31 18 att
822 1115 62 22 desse
900 1124 43 13 me-

198 1150 58 22 delst
276 1150 92 22 utsände
390 1150 91 22 resande
502 1152 95 26 upptoge
620 1149 64 22 order
706 1150 13 20 å
736 1150 208 28 varuregvisitioner

198 1185 42 21 hos
266 1184 98 22 enskilde
389 1192 114 20 personer;
530 1184 166 21 vidkommande
722 1191 64 13 mom.
809 1191 11 13 e
846 1184 98 28 godkänt

198 1219 59 21 förra
272 1218 62 22 delen
349 1218 71 27 deraf,
436 1218 51 22 eller
502 1218 225 29 seglationsfrihetens
743 1218 151 21 utsträckande
910 1218 33 21 till

198 1252 222 30 landtmannafartyg,
435 1260 48 14 men
497 1252 47 22 icke
560 1252 83 28 antagit
658 1252 100 21 vilkoren
774 1259 34 13 om
823 1252 64 22 dessa
902 1253 42 21 far-

198 1289 50 26 tygs
266 1286 133 30 inskrifning
414 1286 36 22 vid
468 1288 107 20 närmaste
595 1287 59 21 stads
675 1286 137 28 sjömanshus
828 1286 40 21 och
884 1287 60 21 reda-

198 1328 63 14 renes
280 1320 7 22 i
306 1320 211 29 landtmannafartyg
540 1319 126 30 skyldighet
684 1322 33 19 att
731 1320 87 29 erlägga
833 1320 63 29 afgift
910 1320 34 22 till

182 1381 2 3 —
199 1355 87 22 stadens
302 1355 76 27 kassa,
396 1354 74 22 hvilka
489 1354 70 22 vilkor
577 1354 182 29 borgareständet
774 1357 80 25 ansett,
872 1355 72 21 såsom

199 1390 34 22 för
254 1388 277 30 landtmannaseglationen
553 1389 90 29 obilliga
665 1389 44 21 och
730 1388 136 29 betungande
889 1393 55 17 samt

199 1425 111 22 dessutom
325 1428 51 18 utan
392 1424 113 29 synnerlig
519 1424 48 29 vigt
581 1424 41 21 och
638 1423 133 29 betydenhet
785 1424 34 20 för
834 1423 110 27 städerna,

201 1460 52 21 böra
274 1457 111 28 bortfalla;
408 1458 56 22 dock
485 1458 40 21 har
547 1458 77 22 sådant
645 1457 153 29 medgifvande
817 1458 24 20 af
860 1458 85 21 ståndet
