1039 1773
221 149 27 21 42

260 210 88 23 Genom
370 212 205 28 protokollsutdrag
597 210 35 22 för
654 211 42 23 den
717 212 26 21 12
762 212 92 22 oktober
873 212 41 22 och
934 212 13 21 3

191 246 120 21 november
330 246 96 22 sistlidet
441 246 24 21 år
481 246 38 21 har
537 245 114 29 välloflige
669 246 183 28 borgareständet
870 247 42 21 fått
926 246 24 22 af

191 279 137 22 hedervärda
347 280 161 22 bondeståndet
526 283 99 25 mottaga
643 280 132 29 inbjudning
792 284 32 18 att
838 280 88 29 deltaga
940 281 8 21 i

192 321 27 13 en
235 314 115 21 derstädes
366 314 65 21 väckt
446 314 42 21 och
503 314 24 21 af
540 314 87 21 ståndet
641 317 94 26 antagen
750 314 93 28 petition
862 314 85 28 derom,

191 351 33 18 att
242 348 117 22 ständerne
382 348 70 22 skulle
471 348 32 22 till
522 348 137 29 granskning
681 348 124 29 föreläggas
821 351 32 19 ett
867 348 81 30 lagför-

191 382 49 28 slag
255 382 113 28 angående
384 382 26 21 de
425 382 69 22 medel
509 382 46 22 och.
567 383 42 21 den
627 383 105 28 ordning,
752 383 140 29 hvarigenom
908 383 40 21 fin-

191 416 41 21 ska
248 416 89 28 språket
355 416 73 23 kunde
446 417 59 22 inom
524 416 42 22 den
582 417 7 21 i
604 416 81 28 nådiga
703 417 158 29 förordningen
876 417 42 21 den
936 418 10 20 1

191 450 89 29 augusti
296 450 96 23 sistlidet
406 451 24 21 år
444 450 113 23 bestämda
572 451 32 21 tid
620 451 83 22 införas
721 451 72 22 såsom
808 451 139 29 kurialspråk

190 484 39 23 vid
247 484 151 23 domstolarne
418 485 41 22 och
478 485 71 29 öfriga
569 485 148 26 embetsverk;
740 485 40 21 och
801 486 67 21 sedan
887 486 60 21 detta

191 519 81 22 ärende
287 519 43 21 den
341 519 14 21 4
366 519 95 28 påföljde
477 519 114 23 december
603 519 73 22 blifvit
689 519 34 22 till
735 519 99 22 enskilda
846 519 101 22 besvärs-

191 553 111 23 utskottet
320 554 146 26 remitteradt,
485 553 39 22 har
539 553 88 23 ståndet
641 553 33 22 dit
689 553 122 29 hänskjutit
823 554 81 28 jemväl
920 561 26 15 en

191 588 25 22 af
232 587 139 30 högvördiga
394 588 163 28 prestaständet
579 588 30 21 uti
629 588 204 29 protokollsutdrag
852 588 34 21 för
904 588 42 21 den

192 621 26 23 17
234 621 8 24 i
257 622 110 29 sistsagde
382 622 78 23 mänad
472 622 40 21 och
526 622 26 21 22
565 622 116 22 nästvikne
694 622 85 28 januari
795 622 152 28 borgarestän-

190 655 38 23 det
250 656 114 22 meddelad
386 656 130 29 inbjudning
535 659 32 18 att
586 657 77 21 förena
681 657 35 28 sig
735 664 35 13 om
785 664 27 13 en
828 656 24 21 af
864 660 83 24 presta-

191 690 88 23 ständet
293 690 100 21 besluten
409 691 136 28 underdänig
560 691 103 27 petition,
680 690 112 29 angäende
804 690 71 21 finska
886 690 60 28 sprä-

190 725 50 20 kets
255 725 144 28 begagnande
414 724 37 21 vid
466 725 187 28 undervisningen
668 725 7 20 i
690 724 85 22 landets
786 724 160 27 läroanstalter,

190 762 58 18 samt
270 767 36 13 om
330 759 121 28 skärpning
470 759 23 21 af
509 759 152 28 fordringarne
681 759 12 21 &
711 759 101 28 kunskap
831 759 7 21 i
853 758 93 21 nämnde

191 793 67 28 spräk
277 793 41 21 hos
338 793 58 27 dem,
417 801 47 13 som
483 793 48 21 frän
550 794 152 21 universitetet
718 793 120 22 dimitteras
854 793 33 21 till
903 796 43 18 sta-

190 830 49 20 tens
255 827 53 21 eller
324 827 96 28 kyrkans
436 829 73 27 tjenst.

259 861 46 22 Det
319 861 71 23 finska
405 861 100 29 spräkets
525 861 152 29 berättigande
693 864 32 19 att
739 862 7 21 i
761 839 95 44 Finland
871 861 75 29 intaga

190 895 42 24 don
252 896 58 30 plats
329 896 7 21 i
352 896 37 23 det
407 896 115 30 offentliga
540 896 71 27 lifvet,
636 904 82 14 samma
737 896 67 28 spräk
822 896 49 21 med
889 897 57 20 rätta

189 930 140 27 tillkommer,
348 930 38 20 har
404 930 67 23 redan
490 930 64 29 länge
573 931 58 22 varit
646 931 24 21 sä
685 930 90 22 allmänt
792 930 102 28 erkändt,
914 932 32 19 att

190 965 20 27 ej
225 972 47 14 mer
289 966 28 19 än
336 972 27 13 en
382 965 88 29 mening
488 965 75 21 derom
582 972 89 14 numera
690 966 25 20 är
729 965 8 21 i
751 964 75 22 landet
843 964 101 22 rådande.

189 998 159 22 Erkännandet
367 999 24 23 af
407 999 59 21 detta
484 999 151 29 berättigande
655 999 39 21 har
709 1000 19 28 ej
745 999 67 21 heller
830 998 116 22 inskränkt

190 1033 36 28 sig
240 1033 35 21 till
291 1036 31 18 att
337 1033 57 21 blott
409 1034 7 20 i
430 1034 87 22 theorin
533 1034 111 28 medgifva
660 1037 86 18 satsens
763 1033 113 29 riktighet,
892 1036 52 18 utan

189 1075 52 13 man
256 1066 39 22 har
310 1068 124 26 efterhand,
454 1071 55 20 samt
528 1068 73 23 sävidt
619 1068 217 28 omständigheterna
855 1067 41 21 och
912 1075 34 14 sa-

189 1101 55 21 kens
264 1101 152 23 beskaffenhet
434 1102 37 22 det
486 1102 85 27 tillåtit,
590 1102 111 28 praktiskt
719 1102 109 28 tillämpat
846 1101 99 21 densam-

189 1143 45 19 ma,
255 1136 61 21 såväl
334 1144 80 20 genom
432 1136 98 23 finskans
549 1136 116 22 införande
684 1136 67 21 bland
767 1136 179 28 undervisnings-

190 1170 68 28 språk
277 1170 7 21 i
303 1170 114 27 skolorna,
440 1178 47 15 som
506 1170 43 23 ook
568 1171 7 21 i
590 1170 103 23 afseende
709 1171 12 21 å
736 1170 50 22 dess
802 1170 143 29 begagnande

188 1204 39 21 vid
246 1204 174 23 embetsverken.
456 1205 45 21 För
519 1205 60 22 detta
597 1205 99 22 ändamål
717 1204 174 22 sammanträdde
910 1211 35 14 om

188 1238 81 22 hösten
288 1238 24 22 år
329 1239 53 21 1862
402 1247 25 13 en
448 1240 23 21 af
487 1240 130 28 regeringen
640 1239 79 22 tillsatt
741 1239 92 26 komité,
856 1238 89 22 hvilken

189 1272 63 28 afgaf
271 1273 84 28 förslag
378 1274 135 22 beträffande
535 1274 72 22 finska
626 1274 100 28 språkets
746 1272 142 22 användande
907 1272 38 22 vid

188 1307 212 28 rättegångsverken
423 1308 41 21 och
487 1307 26 21 de
537 1308 174 22 administrativa
733 1307 183 29 myndigheterna
937 1307 7 21 i

189 1340 85 27 landet,
290 1341 40 22 och
347 1341 42 23 den
406 1342 10 20 1
433 1342 87 28 augusti
536 1342 89 21 förlidet
640 1342 24 20 år
679 1341 127 22 utfärdades
822 1341 42 21 den
880 1341 64 21 äfven

189 1374 7 21 i
212 1374 172 24 bondeståndets
400 1376 111 27 protokoll
527 1376 131 22 omnämnda
671 1376 157 28 förordningen
844 1375 7 21 i
866 1376 78 20 ämnet.

190 1408 98 29 Nyligen
304 1408 38 23 har
357 1409 24 21 af
394 1410 107 30 styrelsen
521 1410 101 29 utgifvits
639 1412 31 18 ett
685 1410 95 28 ”förslag
795 1409 34 21 till
844 1409 102 29 åtgärder

189 1443 41 21 och
248 1443 152 29 förfoganden,
418 1452 46 15 som
479 1444 66 22 borde
562 1444 101 30 vidtagas
678 1444 35 22 för
727 1448 30 18 att
773 1444 70 22 finska
858 1444 88 29 språket
