1039 1773
775 136 40 21 307

94 199 164 29 vederbörligen
276 198 118 22 bestämdt”
409 198 54 22 böra
477 198 58 28 utgå,
551 197 89 22 emedan
651 198 109 22 desamma
771 199 73 22 kunna

95 234 61 28 gifva
171 233 117 28 anledning
303 233 32 21 till
351 232 115 22 osäkerhet
480 232 37 20 vid
532 232 175 29 lagskipningen.

162 273 59 21 Herr
232 272 98 22 Mölsä:
354 271 281 29 Meningsskiljaktigheten
645 271 81 28 derom,
739 272 105 22 huruvida

95 308 109 21 urminnes
216 307 51 21 häfd
282 307 70 21 skulle
368 306 57 27 gälla
440 306 58 20 inom
511 313 26 14 en
548 306 39 20 och
600 313 80 14 samma
691 306 153 28 samfällighet,

95 342 52 22 eller
164 342 56 21 blott
234 341 34 21 till
282 341 124 26 fiskeställe,
421 347 46 14 som
483 340 39 21 har
536 340 38 21 sitt
589 340 48 28 läge
652 343 59 18 utom
726 340 118 28 samfällig-

95 376 72 27 heten,
189 376 62 21 torde
269 378 79 26 ytterst
370 375 52 21 bero
443 374 30 28 på
494 377 31 18 ett
545 374 156 21 missförstånd.
738 374 36 22 Då
794 382 51 14 man

95 412 70 28 säger,
181 413 31 19 att
226 409 108 22 urminnes
346 408 52 22 häfd
414 408 48 22 icke
477 408 68 28 gäller
559 408 8 21 i
582 408 106 22 oskiftade
699 415 61 22 egor,
771 408 23 22 så
805 408 39 22 har

96 445 36 21 väl
148 444 59 22 detta
221 444 7 21 i
244 443 116 22 allmänhet
374 443 34 21 sin
423 442 109 28 riktighet.
565 441 54 23 Men
634 442 63 22 deraf
709 443 64 28 följer
786 443 58 21 ännu

95 479 56 27 icke,
167 482 31 18 att
212 479 108 22 urminnes
332 477 52 22 häfd
399 477 18 28 ej
433 477 70 21 skulle
517 477 58 28 gälla
590 477 57 21 inom
663 478 180 27 samfälligheten.

98 512 77 23 Såsom
188 513 38 28 jag
240 513 66 21 redan
322 511 104 27 anmärkt,
442 511 95 21 kommer
553 511 66 21 saken
629 511 46 22 helt
686 511 41 22 och
738 511 66 22 hållet
817 519 28 14 an

96 547 66 29 uppå,
182 547 56 21 hvad
254 554 46 14 som
315 547 83 28 utgjort
412 545 198 29 delningsgrunden
625 545 58 22 inom
697 545 148 29 samfällighe-

96 584 43 19 ten.
176 580 48 22 Har
245 581 28 28 på
291 581 67 28 några
376 579 129 27 landsorter,
523 579 41 22 och
583 579 77 22 sådant
673 581 24 20 är
711 580 62 22 fallet
786 580 59 22 inom

97 615 71 28 södra,
184 615 108 21 mellersta
306 614 41 21 och
362 613 114 30 sydvestra
490 613 100 28 Finland,
609 614 80 21 funnits
708 621 27 15 en
749 614 45 21 viss
808 622 37 14 an-

97 656 42 14 nan
154 648 169 29 delningsgrund
338 649 7 20 i
365 647 54 22 både
433 647 32 22 in-
479 647 42 22 och
535 650 77 26 utegor
626 649 27 20 än
667 648 87 28 häfden,
765 649 24 21 så
799 649 47 28 gäl-

98 684 33 21 ler
147 683 106 22 urminnes
265 681 79 22 häfden
359 683 18 28 ej
393 683 7 20 i
411 682 56 28 skog
479 682 41 21 och
531 682 68 27 mark,
611 681 88 23 emedan
710 681 49 23 hela
769 682 77 29 skogs-

97 717 89 22 marken
202 718 23 20 är
240 724 122 21 gemensam
378 717 33 20 för
426 716 42 21 alla
483 723 121 22 grannarne
619 717 7 20 i
641 716 101 29 byalaget
754 716 40 22 och
805 717 41 21 bör

98 752 59 27 förty
175 751 77 21 skiftas
272 751 48 21 dem
339 750 91 22 emellan
448 751 54 20 efter
517 750 42 21 den
574 751 85 28 engång
674 751 112 21 bestämda
800 751 46 22 del-

98 785 169 30 ningsgrunden,
283 792 46 15 som
344 785 8 21 i
366 784 28 21 de
408 784 62 21 flesta
485 784 38 21 fall
537 784 84 29 utgjort
635 788 92 18 tomtens
742 785 81 22 storlek
837 785 9 22 i

98 819 51 29 byn.
182 819 53 21 Men
250 819 28 28 på
293 819 27 21 de
335 822 63 23 orter,
414 819 38 21 der
467 818 79 22 häfden
561 819 116 28 grundlagt
691 818 154 29 eganderätten

98 854 33 21 till
147 853 57 28 jord,
219 854 24 20 sä
257 854 7 20 i
279 853 51 22 åker
349 853 40 21 och
404 853 43 28 äng
461 859 46 15 som
523 853 55 28 skog
593 853 41 21 och
649 853 67 28 mark,
731 853 67 22 finnes
812 853 34 22 in-

98 896 43 20 gen
159 895 70 14 annan
249 887 171 29 delningsgrund
435 888 27 20 än
475 887 46 28 just
535 887 71 21 denna
620 887 59 27 häfd,
693 887 41 22 och
749 888 38 21 der
801 888 45 21 må-

99 926 32 18 ste
146 922 107 21 urminnes
264 922 79 20 häfden
356 921 64 22 alltså
431 921 58 29 gälla
500 921 58 21 inom
569 921 180 29 samfälligheten,
761 925 23 25 ty
794 928 52 22 ego-

99 956 145 28 blandningen
263 956 53 21 eller
334 955 214 29 egosamfälligheten
567 956 24 20 är
605 955 48 22 icke
667 956 61 27 total,
743 958 51 19 utan
808 963 38 14 en-

98 990 50 22 dast
163 990 83 28 partiel.
280 989 36 22 En
332 989 34 22 del
382 997 52 21 egor
449 990 37 20 äro
501 996 158 22 gemensamma
674 990 35 21 för
723 989 50 22 hela
790 996 56 15 sam-

98 1024 133 29 fälligheten,
246 1024 88 21 hvilken
348 1024 8 21 i
370 1023 116 29 provinsen
501 1022 108 23 Savolaks
623 1024 81 21 kunnat
719 1024 89 21 omfatta
819 1031 27 14 en

100 1059 35 21 hel
151 1058 86 22 socken.
271 1057 12 22 I
300 1057 100 22 afseende
415 1058 13 20 å
442 1057 63 22 dessa
519 1058 179 28 samfälligheters
713 1064 133 22 gemensam-

99 1100 36 14 ma
153 1100 52 20 egor
224 1093 42 20 kan
282 1099 49 14 man
348 1099 29 13 nu
396 1092 59 28 säga,
473 1094 32 18 att
519 1092 108 21 urminnes
643 1091 78 22 häfden
736 1092 19 28 ej
771 1092 75 28 gäller.

99 1126 54 22 Men
172 1127 37 20 det
226 1126 68 21 finnes
315 1126 109 21 dessutom
442 1132 60 22 egor,
517 1132 46 14 som
579 1129 30 18 ett
623 1126 79 28 byalag
718 1126 39 22 har
771 1125 75 22 häfdat

99 1160 96 22 enskildt
216 1160 41 21 och
279 1160 92 21 afskildt
393 1159 47 21 från
458 1159 27 22 de
503 1159 71 29 öfriga
588 1160 106 28 byalagen
709 1160 8 21 i
732 1160 41 21 den
787 1162 60 19 stora

99 1193 223 30 egosamfälligheten,
344 1194 92 21 likasom
458 1194 58 21 inom
535 1201 82 14 samma
635 1194 28 28 by
680 1195 77 20 nästan
771 1192 76 30 hvarje

100 1229 98 21 hemman
214 1228 46 21 haft
275 1228 49 21 sina
339 1228 98 21 enskilda
451 1228 125 28 häfdeegor,
591 1228 31 20 uti
637 1228 84 21 hvilkas
734 1227 74 29 odling
818 1227 28 22 de

99 1263 72 28 öfriga
185 1262 127 22 hemmanen
326 1262 8 21 i
349 1262 45 28 byn
409 1262 18 28 ej
443 1262 97 28 deltagit.
574 1261 11 21 I
601 1262 98 21 afseende
714 1262 13 20 å
741 1261 106 23 hvardera

99 1296 25 22 af
144 1296 63 22 dessa
224 1295 132 23 sistnämnde
374 1296 58 28 slags
451 1303 53 21 egor
523 1295 41 21 och
579 1295 37 21 vid
631 1295 108 22 desamma
754 1294 92 30 belägna

99 1330 145 22 fiskevattnen
262 1330 38 21 har
318 1330 108 21 urminnes
442 1329 79 21 häfden
536 1330 58 28 gjort
609 1329 34 28 sig
657 1328 107 29 gällande,
778 1328 68 22 ehuru

99 1364 71 28 dessa,
185 1371 47 15 som
247 1364 71 28 sagdt,
333 1364 42 21 alla
389 1364 59 28 ligga
463 1363 58 21 inom
533 1363 96 22 området
641 1364 23 20 af
673 1362 41 22 den
725 1366 59 18 stora
794 1370 52 21 ego-

99 1398 153 30 samfällighet,
271 1405 47 15 som
335 1398 124 28 inbegriper
474 1397 101 29 samtliga
589 1397 28 22 de
631 1398 80 20 smärre
725 1396 121 29 samfällig-

98 1432 96 23 heterna.
230 1432 154 29 Uppkomsten
398 1432 25 22 af
434 1431 60 23 detta
509 1431 134 23 förhållande
657 1431 96 29 grundar
767 1430 33 29 sig
815 1431 28 29 pä
