1039 1773
784 124 41 22 489

101 185 75 25 hvilka
194 186 66 23 hafva
276 186 107 23 föräldrar
398 188 41 21 och
456 186 66 22 andra
537 188 98 21 närmare
651 187 104 29 anhöriga
770 188 36 22 vid
822 188 33 28 lif,

102 224 23 19 är
147 222 37 21 det
203 223 24 20 af
243 222 47 28 vigt
308 225 32 18 att
355 222 71 28 någon
442 222 31 20 tid
490 222 23 21 af
526 222 46 21 året
587 222 22 21 få
624 222 87 21 tillfälle
727 226 30 17 att
774 223 81 21 besöka

103 256 40 21 och
163 257 155 21 sammanlefva
338 256 48 22 med
406 256 56 26 dem,
477 256 41 20 och
534 256 105 21 särskildt
654 256 65 21 hafva
735 257 120 27 qvinnorna

103 290 69 22 behof
184 291 24 21 af
222 291 66 28 några
303 291 79 28 dagars
399 290 102 28 ledighet,
517 290 34 21 för
566 294 32 18 att
613 291 120 27 förfärdiga
749 291 40 21 och
804 291 52 21 stäl-

103 325 21 21 la
142 325 6 21 i
168 325 92 29 ordning
280 326 46 20 sina
342 324 150 29 klädesplagg,
508 324 103 22 hvarmed
627 325 26 21 de
669 325 67 21 under
751 325 105 28 tjensteti-

103 359 42 21 den
167 359 47 22 icke
237 360 72 20 kunna
332 359 82 21 befatta
436 359 41 28 sig,
497 359 88 21 såframt
605 360 17 27 ej
642 359 126 21 husbonden
784 358 72 22 dertill

103 394 81 21 lemnar
200 393 104 21 tillstånd.
338 393 66 21 Hvad
420 393 26 21 de
462 393 93 28 manliga
571 393 158 28 tjenstehjonen
743 394 73 28 angår,
832 393 25 21 så

104 428 43 20 kan
169 435 48 13 man
240 428 35 20 väl
298 428 55 28 hysa
375 428 72 28 någon
470 427 151 29 betänklighet
638 428 7 20 i
665 431 30 17 att
715 428 77 29 bevilja
808 427 48 21 dem

104 462 166 28 ifrågavarande
287 462 102 29 ledighet,
404 462 89 21 emedan
509 462 27 21 de
552 462 45 21 ofta
613 462 72 21 kunna
701 462 98 21 använda
814 462 42 21 den

104 496 32 21 till
160 496 146 29 hvarjehanda
328 496 151 29 utsväfningar
499 497 39 20 och
559 497 49 20 icke
624 497 27 27 på
666 500 30 17 ett
712 497 81 27 nyttigt
808 497 50 26 sätt,

105 531 71 21 såsom
192 531 60 21 fallet
266 531 8 20 i
290 530 116 21 allmänhet
421 532 23 19 är
460 531 47 20 med
524 531 131 27 qvinnorna;
674 539 47 13 men
737 530 70 21 denna
822 530 36 21 be-

105 565 122 28 tänklighet
250 565 67 21 måste
341 565 57 26 vika,
418 565 89 21 emedan
526 565 131 21 missbruket
675 565 48 22 icke
740 566 38 20 bör
793 565 65 20 häfva

105 602 32 19 ett
153 599 61 28 bruk,
230 607 47 14 som
292 599 7 21 i
315 599 41 21 och
372 599 33 20 för
420 599 35 28 sig
470 599 51 28 sjelf
534 600 23 20 är
573 599 80 29 lofligt.
682 599 12 21 I
711 600 77 21 fordna
802 599 56 21 tider

106 634 51 29 gick
172 641 50 14 man
237 634 31 21 uti
284 633 166 29 ifrågavarande
465 633 101 22 afseende
582 634 55 20 ännu
654 634 81 29 längre.
765 633 48 21 Hos
824 640 35 13 ro-

106 676 84 13 marene
206 668 78 21 firades
300 675 26 14 en
342 667 58 29 gång
416 675 34 14 om
466 668 51 27 året,
536 668 4 21 i
552 668 114 21 december
677 668 84 27 månad,
773 675 25 14 en
811 667 48 27 fest,

106 701 84 22 kallad:
212 702 159 27 ”saturnalier”,
394 709 46 13 som
460 703 6 19 i
487 702 75 27 början
585 702 79 21 varade
683 702 56 21 blott
758 709 32 19 en,
811 709 48 13 men

107 736 122 22 sedermera
251 737 33 27 sju
307 736 73 28 dagar.
422 735 44 22 Det
487 743 47 14 som
557 737 146 28 synnerligast
727 735 131 22 betecknade

107 770 69 21 denna
192 771 48 26 fest,
255 778 39 13 var
310 770 41 21 den
368 770 63 21 frihet
447 770 108 21 slafvarne
571 771 89 27 ätnjöto.
697 770 69 21 Utom
782 770 78 27 många

108 805 67 21 andra
198 805 95 26 friheter,
316 804 79 21 hvaraf
411 804 27 21 de
459 805 68 20 under
542 805 70 20 denna
627 805 31 20 tid
674 804 72 21 kunde
763 804 98 28 begagna

107 839 41 29 sig,
171 839 93 28 plägade
286 839 27 21 de
336 839 36 20 vid
395 839 128 21 måltiderna
545 846 106 21 uppassas
674 839 23 20 af
715 839 47 20 sina
780 838 80 21 herrar.

109 873 29 21 Så
154 873 60 29 långt
229 873 38 21 vill
280 874 39 28 jag
334 873 57 21 dock
406 874 18 28 ej
442 873 109 22 utsträcka
567 873 164 29 tjenstehjonets
744 872 65 22 frihet
821 872 39 21 hos

107 915 44 20 oss,
166 908 88 21 emedan
271 908 36 20 det
322 915 52 13 vore
389 910 32 18 att
436 908 27 28 gå
478 908 33 20 till
523 916 26 13 en
561 911 89 18 motsatt
661 907 136 29 ytterlighet;
813 914 48 14 men

109 942 38 21 allt
169 942 47 21 skäl
238 949 65 21 synes
325 942 45 28 mig
389 950 52 13 vara
460 943 120 21 förhanden
597 945 31 18 att
643 942 6 20 i
665 942 63 28 lagen
744 942 118 20 bestämma

109 977 71 28 någon
196 977 45 21 viss
257 976 32 22 tid
305 977 24 21 af
342 976 51 27 året,
409 984 46 14 som
471 977 160 28 tjenstehjonet,
647 980 50 18 utan
715 979 30 18 att
760 983 51 14 vara
824 972 38 24 be-

108 1011 79 21 roende
204 1011 24 21 af
240 1011 32 21 sin
289 1012 71 27 tjenst,
377 1011 33 21 får
425 1011 99 21 använda
539 1011 54 21 efter
609 1014 48 25 eget
673 1010 76 29 behag.

177 1045 57 21 Herr
250 1044 146 22 Wesander
419 1045 114 21 förordade
550 1046 80 27 jemväl
651 1044 120 29 antagande
790 1044 24 21 af
826 1043 37 21 det

109 1087 75 13 senare
200 1080 143 26 alternativet,
359 1086 46 14 som
422 1080 64 21 äfven
502 1079 109 21 innehölle
627 1086 25 14 en
668 1079 90 28 lämplig
772 1079 91 21 bestäm-

109 1114 53 28 ning
177 1114 81 26 derom,
271 1117 31 17 att
317 1114 164 28 tjenstebjonets
498 1114 95 28 ledighet
605 1114 69 20 skulle
687 1113 105 21 beräknas
805 1112 59 21 olika

109 1148 40 21 och
169 1148 51 21 bero
236 1148 62 21 deraf
312 1155 34 14 om
361 1147 36 21 det
413 1148 84 28 antagit
512 1149 65 27 tjenst
593 1148 27 28 på
636 1148 45 20 helt
695 1147 54 21 eller
764 1146 55 21 halft
834 1146 28 20 år.

178 1180 73 23 Sedan
271 1182 49 21 herr
336 1182 151 21 talmannen
507 1182 71 21 såsom
598 1182 135 28 proposition
749 1180 116 22 framställt

108 1222 37 21 det
164 1222 58 20 förra
241 1224 55 18 samt
311 1222 71 20 såsom
399 1221 217 29 kontraproposition
631 1222 36 20 det
683 1228 74 14 senare
773 1220 91 21 alterna-

108 1256 53 20 tivet
184 1256 6 20 i
214 1256 116 20 utskottets
353 1256 138 21 betänkande
513 1256 132 21 beträffande
665 1263 63 13 mom.
749 1256 9 19 1
776 1255 6 20 i
802 1255 9 27 &
830 1255 35 26 45,

109 1290 47 21 blef
176 1290 36 20 det
236 1297 74 14 senare
330 1290 136 21 alternativet
482 1290 112 21 äfvensom
611 1291 93 20 derefter
720 1293 146 17 momenterne

109 1324 19 27 2,
145 1324 11 21 3
173 1324 40 21 och
230 1324 13 20 4
258 1324 24 20 af
296 1324 90 21 berörde
402 1325 12 27 &
431 1324 70 28 enligt
521 1319 145 27 betänkandet
685 1325 24 20 af
726 1323 85 21 ståndet
830 1331 36 13 en-

109 1358 79 29 hälligt
204 1358 121 28 godkända.

182 1424 5 6 N
406 1398 27 28 $$
448 1398 27 21 46
492 1399 41 21 och
549 1399 26 20 47

109 1432 74 22 blefvo
199 1436 52 18 utan
267 1432 123 22 diskussion
407 1433 41 20 och
464 1433 106 28 enhälligt
585 1432 123 28 godkände.
