1039 1773
781 138 41 24 297

99 200 66 22 redan
177 201 75 27 yttrat,
267 199 120 21 ändamålet
402 198 87 30 mycket
504 198 94 28 säkrare,
614 206 34 14 om
663 199 38 22 det
716 200 88 30 stadgas
820 204 32 22 att

100 234 161 28 presterskapet
279 234 30 20 uti
324 233 165 29 ifrågavarande
505 233 100 21 afseende
621 234 39 21 bör
675 234 82 22 erhålla
772 236 81 29 nödiga

100 268 158 28 upplysningar
278 268 46 20 från
344 268 127 26 domstolen,
488 268 107 20 hvarefter
611 268 36 20 det
662 268 41 21 blir
719 270 133 26 presterska-

101 305 48 25 pets
164 309 87 21 omsorg
266 305 31 17 att
312 302 99 28 uppsöka
426 302 41 20 den
483 301 77 21 dömde
572 302 40 20 och
626 302 99 21 använda
736 303 27 21 de
775 304 77 26 medel,

101 336 75 22 hvilka
198 336 147 29 kyrkotukten
364 336 67 22 också
450 335 127 22 härutinnan
596 336 46 28 lagt
658 336 7 21 i
680 337 172 29 presterskapets

102 370 88 22 händer.

170 410 58 22 Herr
243 410 87 22 Holm:
364 410 44 22 Det
430 410 24 23 är
475 417 26 14 en
523 410 74 29 gifven
620 410 39 22 sak
682 414 31 18 att
731 412 122 23 domstolen

101 444 122 27 framdeles,
239 444 91 22 likasom
347 444 91 27 bärtills,
453 444 97 22 kommer
566 448 31 18 att
611 445 99 22 meddela
720 447 133 27 presterska-

101 482 38 25 pet
161 479 136 28 förteckning
316 479 60 21 öfver
396 479 100 28 afgjorda
514 479 109 28 brottmål,
638 482 24 26 ty
677 483 51 18 utan
743 488 26 13 en
784 481 68 23 sådan

102 513 88 28 uppgift
206 513 70 21 blefve
292 513 162 28 presterskapet
468 514 18 27 ej
503 513 6 21 i
525 513 86 22 tillfälle
627 516 30 19 att
669 515 88 27 vidtaga
768 514 41 21 den
821 515 31 22 åt-

103 548 61 28 gärd,
180 555 46 14 som
242 547 6 21 i
264 548 12 27 &
293 548 12 20 2
320 548 24 20 är
359 548 129 27 föreslagen,
501 548 88 21 såframt
601 549 18 26 ej
631 547 41 22 den
685 548 106 21 sakfällde
804 549 52 28 sjelf

103 582 91 21 infinner
216 582 34 29 sig
273 582 38 21 hos
331 585 85 24 presten
435 581 47 22 med
503 581 131 22 domstolens
649 582 82 29 utslag;
754 590 47 14 men
817 590 35 14 om

103 616 133 22 domstolens
260 616 69 21 beslut
347 616 47 21 icke
413 615 116 22 innehåller
544 616 71 28 någon
631 617 115 27 anmaning
761 617 33 23 till
809 617 44 21 för-

104 651 101 28 brytaren
222 654 31 17 att
268 651 86 20 inställa
370 651 33 27 sig
420 650 32 21 till
467 650 76 21 samtal
559 650 48 23 med
622 651 32 20 sin
670 651 142 28 själasörjare,
828 651 25 21 så

103 685 97 21 kommer
222 685 59 21 detta
303 685 17 28 ej
341 684 66 21 heller
425 687 31 18 att
473 684 52 28 ingå
542 685 7 20 i
566 685 287 29 brottmålsförteckningen,

104 719 88 20 hvilken
207 719 40 21 bör
262 719 83 28 grunda
360 719 34 28 sig
409 719 27 27 på
452 718 99 27 beslutet,
567 719 41 20 och
624 722 86 24 presten
725 722 88 18 stannar
824 719 29 22 då

102 753 7 21 i
129 753 79 21 tvekan
229 753 108 21 huruvida
356 761 26 12 en
400 752 67 21 sådan
483 753 82 28 påföljd
581 753 24 21 af
619 753 80 22 brottet
714 754 23 20 är
753 754 33 20 för
801 754 52 21 han-

103 787 42 22 den
160 787 53 22 eller
226 787 55 21 icke.
310 787 44 28 Jag
368 787 40 21 har
423 786 66 21 redan
504 787 79 21 såsom”
591 787 96 28 exempel
703 787 68 28 härpå
782 787 72 21 anfört

103 822 54 27 dråp
177 822 23 21 af
216 821 106 26 vållande,
342 821 82 21 hvilket
444 821 57 21 brott
515 821 68 28 enligt
598 829 28 13 nu
642 821 101 28 gällande
757 821 97 29 lagstad-

103 856 85 28 ganden
215 856 85 21 medför
325 855 46 21 dels
397 856 111 27 uppenbar
530 855 137 28 kyrkoplikt,
690 855 47 21 dels
759 855 95 21 enskildt

104 890 139 26 skriftermål,
262 890 46 21 dels
324 890 88 21 alldeles
428 891 19 27 ej
463 889 38 21 har
516 890 71 28 någon
603 890 65 20 sådan
684 890 121 28 kyrkotukt
820 890 34 21 till

104 924 90 28 påföljd,
210 924 84 21 hvilket
308 918 39 27 allt
362 924 62 21 beror
440 924 23 20 af
477 924 90 20 brottets
584 931 44 13 mer
643 924 51 20 eller
709 924 82 21 mindre
806 924 49 21 svå-

104 966 24 13 ra
151 958 147 22 beskaffenhet
320 958 41 21 och
380 958 26 21 de
424 958 60 21 olika
503 958 138 28 gradationer
659 958 24 21 af
696 958 67 28 straff,
778 965 48 14 som
841 958 13 22 å

105 993 117 21 detsamma
238 992 115 28 tillämpas.

173 1032 57 27 Herr
246 1028 152 32 Öhrnberg:
434 1032 52 24 Det,
501 1033 142 21 förekommer
665 1032 44 29 mig
728 1033 7 21 i
755 1032 42 22 alla
815 1032 39 22 fall

105 1071 32 18 att
158 1068 148 27 förbrytarens
329 1067 101 21 väckelse
452 1067 34 21 till
506 1068 95 27 bättring
619 1067 28 28 på
665 1067 129 29 religionens
810 1068 44 27 väg

104 1102 70 28 ligger
190 1102 6 20 i
213 1101 49 21 vida
278 1101 87 21 säkrare
381 1101 86 26 händer,
485 1108 33 14 om
531 1101 58 21 detta
601 1102 107 20 anförtros
721 1101 133 22 omedelbart

104 1136 21 21 åt
141 1136 53 20 hans
210 1136 142 27 själasörjare,
368 1136 26 20 än
410 1143 35 13 om
460 1135 122 21 domstolen
598 1135 87 21 dermed
700 1139 61 25 tager
776 1136 78 20 befatt-

104 1171 58 27 ning.
192 1169 44 21 För
254 1170 68 28 öfrigt
341 1170 41 20 kan
398 1170 39 28 jag
452 1170 18 27 ej
487 1170 145 28 undertrycka
647 1170 40 20 den
704 1169 149 29 anmärkning,

103 1208 33 17 att
151 1204 36 20 det
191 1200 174 32 ifrågavarande
381 1204 134 28 stadgandet,
531 1212 35 12 om
581 1204 68 21 också
663 1204 37 20 det
715 1203 93 29 lindriga
820 1211 34 13 or-

103 1238 46 21 det:
164 1238 124 21 ”åtvarnas?
304 1238 38 21 här
358 1239 23 20 är
397 1238 128 28 begagnadt,
541 1238 48 21 icke
605 1238 41 21 kan
662 1244 61 14 anses
739 1238 115 20 annorlun-

103 1273 28 20 da
150 1274 27 19 än
196 1272 69 21 såsom
285 1272 108 28 grundadt
408 1272 28 28 på
450 1272 42 22 den
507 1272 78 28 gamla,
601 1280 86 13 numera
703 1272 24 20 af
739 1271 115 23 tidsandan

104 1306 124 22 förkastade
247 1306 91 28 åsigten,
358 1309 30 18 att
403 1314 25 13 en
445 1306 120 29 förbrytare
582 1306 55 21 skall
653 1306 27 28 på
695 1306 100 28 tvångets
810 1307 44 27 väg

104 1342 57 20 föras
177 1340 32 21 till
226 1340 112 28 försoning
352 1340 48 21 med
416 1339 59 23 Gud.

173 1374 57 22 Herr
245 1374 87 22 Holm:
362 1374 44 29 Jag
423 1375 37 21 ber
475 1378 32 18 att
521 1379 79 24 ytterst
612 1375 21 21 få
644 1375 98 28 tillägga,
754 1378 30 17 att
796 1374 57 22 hvad

100 1410 39 27 jag
162 1417 27 13 nu
213 1409 5 21 i
242 1409 65 21 saken
326 1413 67 24 yttrat
411 1409 76 21 endast
506 1410 38 21 bör
560 1410 58 28 gälla
633 1409 70 21 såsom
721 1410 84 20 försvar
821 1409 33 20 för

102 1444 154 28 lagutskottets
280 1443 142 21 betänkande.
460 1444 43 21 För
523 1445 42 20 min
586 1443 97 22 enskilda
703 1444 34 20 del
754 1444 101 24 omfattar
