1039 1773
207 136 41 20 452

180 204 89 21 orsakar
285 203 43 21 han
344 204 34 28 sig
394 203 125 29 derigenom
535 204 40 20 den
592 204 79 20 största
687 202 68 22 skada
770 202 40 22 och
825 203 67 22 vållar
904 205 32 19 att

181 238 41 20 han
239 238 48 20 med
302 241 46 17 stor
363 238 110 28 svårighet
489 238 41 20 kan
542 238 82 20 erhålla
636 238 123 27 tjenstefolk
771 238 41 20 och
824 238 109 21 dessutom

182 272 32 21 får
234 272 76 21 endast
330 272 104 28 odugligt.
473 271 50 21 Han
544 272 37 20 har
598 271 75 21 härvid
689 272 6 20 i
711 272 37 20 det
763 280 55 20 egna
834 272 102 21 intresset

182 306 41 22 den
240 306 61 22 bästa
319 306 132 22 lärmästare.
489 306 157 21 Erfarenheten
665 306 27 27 på
711 306 26 20 de
756 306 128 26 landsorter,
897 307 40 27 jag

182 341 98 21 närmare
296 340 89 27 känner,
400 341 58 20 visar
474 343 30 18 att
520 340 71 28 någon
607 340 82 28 husaga
703 347 88 14 numera
807 341 18 27 ej
842 340 39 22 alls
894 340 43 21 kan

183 374 87 22 komma
288 375 7 20 i
314 375 68 28 fråga,
402 374 41 22 och
463 374 64 22 bland
543 374 47 21 vårt
605 374 63 20 lands
683 374 94 28 allmoge
792 374 38 21 har
846 375 58 21 detta
919 375 18 20 i-

184 408 117 28 synnerhet
320 408 101 27 inträffat,
444 408 89 22 emedan
553 408 112 21 husbonde
685 408 40 20 och
741 409 124 27 tjenstefolk
881 409 55 21 stå
924 404 15 36 i

184 442 78 21 sådant
278 442 134 22 förhållande
427 443 34 21 till
476 442 128 27 hvarandra,
621 446 30 17 att
667 442 82 29 husaga
765 443 17 28 ej
799 443 43 21 kan
858 443 79 21 tilläm-

184 484 47 21 pas.
268 472 33 25 Är
323 477 37 21 det
382 480 70 24 sannt,
475 477 55 21 hvad
547 477 38 28 jag
604 477 49 20 hört
673 477 100 26 berättas,
793 480 31 18 att
839 477 97 28 husagan

185 512 56 21 ännu
260 511 56 21 skall
332 511 110 22 användas
458 511 13 21 å
486 511 66 28 några
568 511 141 28 herregårdar
724 511 5 20 i
746 511 73 21 landet
834 512 49 21 med
899 512 39 20 tal-

185 545 45 21 rikt
248 546 57 20 antal
321 545 152 29 dagsverkare,
488 546 24 20 så
527 547 36 19 äro
579 545 64 21 dessa
658 545 76 21 ställen
751 545 92 28 troligen
860 546 25 20 de
902 553 36 13 en-

186 579 34 26 da,
236 579 38 21 der
293 579 82 29 husaga
394 580 55 20 ännu
468 580 93 20 utöfvas.
601 577 31 23 Så
647 579 62 28 länge
725 579 42 21 den
782 583 97 24 tvungna
895 581 43 19 för-

187 614 116 27 pligtelsen
325 617 31 17 att
378 617 50 24 taga
451 614 71 27 tjenst,
541 613 84 21 således
645 614 62 21 äfven
727 614 40 21 hos
783 621 25 14 en
824 614 49 21 elak
889 614 49 20 hus-

188 648 77 27 bonde,
280 649 56 20 ännu
352 648 127 27 existerade,
494 648 71 21 kunde
582 648 97 27 husagan
694 647 106 22 måhända
812 655 50 14 vara
875 648 63 27 prak-

187 682 54 21 tiskt
259 682 85 28 möjlig;
360 689 48 14 men
427 682 48 21 med
491 681 69 22 denna
576 682 147 28 förpligtelses
739 683 140 26 upphörande
895 683 43 20 må-

188 720 31 17 ste
242 717 63 20 äfven
326 716 96 28 husagan
441 715 104 29 upphöra.
583 715 66 22 Detta
669 717 38 20 har
726 717 41 20 ock
783 717 55 20 visat
853 717 33 28 sig
902 717 37 20 vid

188 750 50 21 dess
258 750 140 21 användande
415 750 64 21 bland
495 751 238 28 fartygsbesättningar.
771 750 45 29 Jag
831 751 81 20 känner
927 751 12 20 å

189 785 41 20 den
254 788 34 17 ort
309 784 37 21 der
362 785 38 27 jag
419 785 66 20 vistas
505 793 25 12 en
546 785 240 28 fartygsbefälhafvare,
803 792 53 19 som,
872 785 66 21 ehuru

190 819 76 28 duglig
286 819 6 20 i
312 819 37 20 sitt
368 819 59 28 yrke,
450 819 64 27 tidigt
533 819 66 20 måste
615 819 56 20 sluta
687 819 48 21 med
751 822 31 17 att
797 820 47 19 föra
861 819 78 28 fartyg,

190 853 89 20 emedan
295 853 71 27 någon
383 853 122 28 besättning
521 853 18 28 ej
556 853 71 20 kunde
643 853 80 21 förmås
739 857 30 17 att
784 853 53 28 följa
854 853 86 27 honom,

191 888 23 20 af
234 887 36 21 det
292 887 54 26 skäl,
370 890 30 18 att
423 887 41 21 han
487 888 58 27 gjort
567 888 34 28 sig
622 887 104 28 beryktad
746 888 33 20 för
795 892 31 16 att
842 888 98 21 använda

192 922 114 28 kroppslig
322 921 147 29 bestraffning.
507 922 49 21 Den
579 921 194 28 omständigheten,
794 925 30 17 att
845 922 95 28 husagan

192 956 89 20 sålunda
300 963 87 13 numera
403 956 110 28 förbjuder
528 956 33 28 sig
577 956 55 27 sjelf,
649 956 122 20 förhindrar
786 956 66 20 likväl
869 957 17 27 ej
903 960 37 22 att,

192 990 27 20 då
242 998 47 12 man
310 990 70 20 stiftar
400 990 35 28 lag
451 990 6 20 i
473 990 77 26 ämnet,
566 998 25 12 en
608 990 67 28 riktig
689 990 85 27 princip
790 990 6 20 i
812 990 59 20 detta
887 990 54 20 afse-

192 1024 52 21 ende
269 1024 38 21 bör
331 1024 109 28 uttryckas
460 1024 40 21 och
521 1025 144 27 genomföras.
702 1024 105 28 Husagan
824 1026 29 25 är,
870 1025 70 20 såsom

190 1059 38 27 jag
244 1058 64 21 redan
326 1058 83 28 antydt,
422 1058 54 22 blott
488 1065 24 14 en
525 1061 90 25 yttersta
628 1058 137 28 konsegvens
777 1058 24 20 af
811 1058 41 20 den
865 1062 77 24 tvung-

192 1100 28 13 na
235 1092 225 28 tjenstskyldigheten;
477 1095 22 25 ty
515 1092 36 21 det
567 1092 70 21 blefve
653 1092 122 22 illusoriskt
786 1096 31 16 att
828 1093 75 27 tvinga
915 1100 25 13 en

193 1134 78 20 person
294 1129 31 18 att
347 1127 51 27 ingå
417 1126 7 21 i
443 1127 71 27 tjenst,
530 1134 33 13 om
580 1126 87 22 dermed
683 1128 18 27 ej
718 1134 51 14 vore
785 1126 88 21 förenad
890 1127 52 27 möj-

193 1160 94 28 ligheten
308 1163 30 18 att
353 1161 63 21 äfven
431 1161 75 27 tvinga
521 1164 31 18 ett
567 1161 76 20 sådant
658 1160 129 29 tjenstehjon
804 1164 30 18 att
849 1161 94 28 fullgöra

194 1195 46 20 sina
263 1195 137 27 åligganden,
419 1194 88 22 emedan
528 1195 33 20 för
576 1195 118 21 detsamma
709 1195 111 27 påföljden
836 1198 31 18 att
882 1195 61 28 eljest

195 1229 67 21 blifva
284 1229 46 21 från
354 1230 90 27 tjensten
467 1229 55 21 skild
547 1229 46 21 icke
617 1230 41 20 kan
682 1229 65 21 hafva
766 1229 70 27 någon
856 1230 86 20 verkan.

194 1262 36 22 Då
248 1270 28 14 nu
296 1264 112 27 principen
424 1271 34 13 om
474 1266 94 25 tvungen
585 1264 135 27 tjenstepligt
736 1263 72 21 blifvit
823 1263 7 21 i
845 1263 36 21 det
896 1264 47 20 när-

195 1300 67 18 maste
278 1298 118 27 frånträdd,
412 1305 77 21 genom
505 1297 40 21 den
562 1298 24 20 af
598 1298 128 27 regeringen
742 1297 33 21 till
790 1297 69 21 denna
874 1297 70 21 landt-

195 1330 43 28 dag
254 1331 160 21 öfverlemnade
430 1332 133 27 proposition
581 1339 33 13 om
631 1332 144 20 försvarslösa
791 1339 100 20 personer
904 1332 40 20 och

195 1364 63 22 deras
274 1364 138 29 behandling,
431 1366 23 20 så
470 1373 64 21 synes
551 1365 47 27 ock,
614 1366 69 20 såsom
701 1374 26 12 en
743 1366 52 28 följd
812 1366 66 26 deraf,
895 1366 49 20 hus-

196 1407 55 20 agan
267 1399 64 21 hafva
347 1399 64 21 bordt
426 1400 103 20 uteslutas
546 1407 23 13 ur
581 1400 240 28 tjenstebjonsstadgan.
851 1399 40 21 Att
902 1400 41 21 den

196 1433 66 21 likväl
280 1433 128 28 bibehållits,
423 1434 39 21 har
477 1434 91 28 troligen
585 1434 56 21 skett
657 1435 27 27 på
699 1434 70 28 grund
785 1434 67 27 deraf,
868 1437 30 17 att
912 1441 32 15 re-
