1039 1773
797 142 27 21 73

95 206 69 28 ansåg
182 205 36 21 det
236 212 53 14 vara
307 205 85 29 vådligt
412 207 32 19 att
462 204 113 22 utsträcka
594 204 150 22 förfallotiden
759 205 35 22 för
809 206 46 23 dis-

96 239 142 29 konteringar
254 239 61 21 öfver
330 240 34 26 sju
379 238 111 22 månader.

164 273 58 21 Herr
236 274 155 20 talmannen
409 272 124 28 anmärkte,
549 276 32 18 att
596 274 52 20 enär
663 273 72 29 någon
751 275 103 27 proposi-

96 308 48 20 tion
159 308 47 20 icke
222 315 52 14 vore
294 307 121 22 framställd
435 307 112 29 angående
567 307 93 28 ändring
675 308 25 20 af
713 307 28 21 33
757 308 12 28 &
785 308 8 20 i
808 308 45 28 kej-

96 341 81 29 serliga
191 342 157 28 förordningen
363 341 42 22 den
422 342 26 20 13
464 342 56 28 april
537 341 62 27 1859,
614 344 52 18 utan
682 341 77 29 frågan
775 342 79 22 endast

97 376 84 28 gällde,
194 375 106 22 huruvida
313 376 196 28 bankfullmäktige
521 375 116 22 framdeles
649 375 70 22 skulle
730 376 76 22 utöfva
817 376 37 21 det

96 410 104 22 inseende
218 410 62 21 öfver
298 410 138 21 merberörde
456 410 84 26 fonder,
556 410 86 21 hvilket
659 410 110 22 härintills
785 410 68 22 hand-

96 444 59 22 hafts
170 444 24 21 af
211 444 116 29 kejserliga
342 447 103 19 senatens
465 444 276 29 ekonomie-departement
760 445 41 22 och
816 445 38 22 be-

97 479 62 26 stätt,
178 478 66 22 bland
264 482 75 23 annat,
359 479 7 21 i
382 479 26 22 de
424 479 24 20 af
462 478 167 22 bankutskottet
643 479 92 21 medelst
751 480 33 27 sju
800 480 53 21 cita-

96 515 34 18 ter
147 520 27 14 ur
191 513 101 28 gällande
312 513 155 28 författningar
491 513 135 21 framställde
649 513 157 29 tillgöranden,
829 514 25 21 sä

97 550 75 25 syntes
188 547 153 22 diskussionen
360 547 65 21 hafva
440 547 48 28 gätt
502 551 61 18 utom
579 548 82 26 ämnet,
681 547 27 21 dä
723 547 41 22 den
780 548 74 21 inlätit

97 582 35 27 sig
147 581 8 21 i
169 581 67 22 kritik
255 582 112 29 angäende
385 582 139 28 lämpligaste
543 581 149 22 förfallotiden
712 582 34 21 för
761 582 90 21 diskon-

96 618 40 18 ter.
173 615 49 22 Och
244 616 74 21 anhöll
341 616 50 21 herr
413 616 125 21 talmannen
560 615 59 29 förty
638 618 32 19 att
689 616 88 21 ständet
800 617 52 21 ville

97 649 75 29 ätergä
190 649 34 22 till
242 650 163 27 hufvudsaken,
428 650 59 21 helst
505 649 37 22 det
561 650 111 21 sannolikt
691 650 48 21 icke
758 650 44 22 läte
818 651 35 28 sig

97 685 54 27 göra
166 687 31 18 att
212 685 28 28 pä
254 685 71 21 denna
343 685 44 28 väg
406 684 152 22 ästadkomma
576 685 72 28 nägon
667 684 94 29 ändring
777 684 25 22 af
815 685 38 22 sti-

98 718 151 27 pulationerne
264 719 7 20 i
286 719 27 20 de
328 718 35 21 för
379 718 97 22 bankens
496 719 139 28 operationer
653 719 115 22 utfärdade
783 719 70 30 regle-

96 755 98 24 menten,
210 761 36 14 om
261 753 42 22 ock
318 753 65 22 dessa
401 753 9 22 i
428 753 60 22 vissa
507 753 61 22 delar
585 753 72 22 kunde
676 753 107 22 erkännas
799 761 54 15 vara

97 787 125 28 olämpliga.

166 821 58 22 Herr
239 821 132 23 Sundman
390 822 86 29 yttrade
495 822 62 27 härä,
577 825 32 18 att
623 822 7 21 i
645 822 103 22 händelse
765 823 88 22 ständet

96 855 52 22 ville
166 855 85 22 besluta
271 857 71 28 nägon
362 856 94 29 ändring
474 857 7 20 i
501 857 145 21 förevarande
662 858 32 27 sju
711 857 101 28 punkter,
828 857 24 22 sä

96 889 69 23 borde
176 890 36 21 väl
224 890 71 22 denna
306 890 59 30 gälla
376 891 72 21 såsom
461 891 133 21 instruktion
607 892 34 20 för
649 891 203 29 bankfullmäktige.

165 924 60 22 Herr
243 924 169 30 Tengström:
434 926 46 21 För
499 926 45 21 min
563 926 36 21 del
617 925 70 22 finner
703 926 39 28 jag
761 926 41 21 här
816 934 37 14 en-

97 958 50 22 dast
161 966 52 14 vara
231 959 62 29 fräga
311 960 85 26 derom,
418 960 109 21 huruvida
546 960 27 21 de
588 960 108 29 göromäl,
717 968 48 14 som
780 960 73 29 älegat

98 992 298 29 ekonomie-departementet
410 994 8 21 i
433 994 27 21 de
479 994 24 21 af
520 994 109 22 utskottet
647 994 142 28 uppräknade
808 996 44 20 äm-

97 1034 52 20 nen,
173 1027 63 22 skola
257 1027 13 21 å
291 1028 196 28 bankfullmäktige
511 1028 136 28 öfverflyttas
670 1028 53 21 eller
739 1029 26 27 ej.
802 1028 50 22 Och

97 1069 49 14 som
158 1062 37 28 jag
211 1062 37 21 vid
264 1062 174 28 genomgäendet
453 1062 24 21 af
490 1063 27 21 de
533 1063 33 27 sju
582 1063 123 27 punkterna
721 1062 48 21 icke
780 1063 74 21 funnit

96 1096 68 28 nägot
179 1096 125 28 äliggande,
320 1096 84 22 hvilket
419 1104 49 14 man
484 1096 73 22 kunde
573 1096 65 22 tveka
653 1100 32 18 att
700 1097 28 28 pä
743 1096 109 22 bankfull-

96 1130 96 28 mäktige
212 1130 134 29 öfverflytta,
367 1130 24 22 sä
410 1130 123 29 tillstyrker
549 1131 39 28 jag
607 1131 62 21 bifall
684 1131 33 22 till
733 1131 119 21 utskottets

96 1164 138 22 betänkande
256 1164 8 22 i
286 1165 59 21 detta
366 1167 103 19 moment.
508 1164 43 22 Om
573 1165 47 21 åter
642 1165 72 29 någon
738 1172 64 14 anser
822 1168 31 18 att

95 1198 75 22 ibland
186 1198 26 22 de
228 1199 7 21 i
250 1199 137 21 merberörde
403 1200 33 28 sju
452 1199 95 28 punkter
562 1199 142 28 uppräknade
719 1199 135 29 omständig-

97 1232 62 22 heter
173 1232 70 22 finnes
258 1232 77 29 något,
355 1240 47 14 som
418 1234 19 27 ej
452 1233 69 22 borde
537 1233 123 22 tillkomma
675 1232 178 22 bankfullmäkti-

96 1274 39 21 ge,
151 1266 24 22 sä
190 1266 34 21 mä
239 1266 43 22 han
297 1266 75 22 derom
387 1268 55 27 göra
457 1267 152 29 anmärkning.

164 1300 60 22 Herr
238 1300 110 22 Hildén:
364 1300 43 23 Om
420 1302 39 28 jag
474 1302 19 28 ej
506 1302 117 28 misstager
633 1302 55 28 mig,
704 1301 73 29 åsyfta
788 1301 65 22 dessa

97 1336 34 26 sju
147 1334 101 29 punkter,
264 1334 75 22 hvilka
353 1335 122 21 framställa
490 1336 119 21 innehället
623 1336 25 21 af
660 1336 109 22 särskilda
784 1336 70 28 speci-

96 1369 43 21 ella
155 1369 160 29 författningar,
331 1369 78 22 endast
424 1372 32 19 att
470 1370 59 27 visa,
545 1370 76 22 hvilka
639 1370 132 29 åligganden
786 1370 68 21 bark-

96 1403 138 29 fullmäktige
257 1404 86 21 komma
364 1407 32 18 att
418 1404 25 21 af
462 1404 298 29 ekonomie-departementet
782 1404 72 22 öfver-

96 1441 62 25 taga;
176 1437 41 23 och
238 1437 68 22 finner
322 1439 38 28 jag
380 1438 36 22 vid
433 1438 78 22 sädant
529 1439 137 22 förhällande
682 1438 28 22 all
725 1437 128 23 diskussion
