1039 1773
779 148 39 22 191

91 210 68 28 gång,
182 213 52 18 utan
253 209 58 28 köpa
330 209 48 22 sina
399 208 172 23 förnödenheter
585 209 39 21 allt
639 209 55 22 efter
709 217 47 15 som
772 211 77 23 behof-

93 247 37 18 vet
146 243 77 22 sådant
238 243 91 21 fordrar.
359 243 59 22 Herr
433 242 72 23 Wolff
521 243 40 21 har
576 244 105 27 anmärkt,
697 247 33 18 att
744 248 31 18 ett
790 246 59 21 stad-

92 278 71 29 gande
178 278 7 20 i
200 277 142 22 omförmälda
357 277 103 22 afseende
471 285 54 13 vore
540 278 99 28 onödigt,
655 278 89 22 såframt
759 279 41 21 den
812 288 38 13 en-

93 312 71 21 skilde
179 312 47 21 icke
242 312 85 20 komme
343 314 31 18 att
390 312 64 21 deraf
470 311 103 29 begagna
588 312 41 28 sig.
665 312 77 22 Ehuru
755 314 39 28 jag
808 314 42 21 fin-

93 354 38 14 ner
146 345 37 22 det
198 346 105 28 naturligt
318 345 41 21 och
375 345 77 29 gifvet,
468 348 33 18 att
517 353 26 13 en
559 341 54 26 livar
627 346 8 20 i
650 346 119 22 allmänhet
784 348 65 27 skall,

93 380 93 22 likasom
210 380 68 26 förut,
301 382 51 26 taga
374 380 48 21 sina
442 379 171 22 förnödenheter
635 380 41 22 hos
699 381 149 29 köpmannen,

93 413 73 22 kunde
181 416 32 19 ett
228 414 53 21 slikt
296 413 120 29 stadgande
432 413 59 22 dock
505 414 80 21 bereda
600 414 86 22 tillfälle
701 415 23 22 åt
739 416 47 27 den,
801 424 48 15 som

94 448 129 21 återvänder
238 448 48 21 från
302 455 26 14 en
343 448 105 21 utländsk
462 455 60 20 resa,
538 450 33 19 ätt
585 448 34 21 för
634 448 73 29 någön
723 450 32 21 tid
770 450 79 23 framåt

93 482 59 23 förse
168 483 35 28 sig
217 482 49 21 med
282 481 148 29 hvarjehanda
445 483 35 20 för
495 482 82 21 honom
593 482 80 29 nödiga
689 479 95 32 artiklär,
805 493 45 13 me-

95 516 42 22 dan
153 517 42 20 han
210 524 28 13 nu
254 516 48 21 icke
320 516 33 21 får
371 516 99 21 medföra
492 519 67 18 annat
577 518 27 20 än
619 517 60 22 hvad
699 513 42 26 khan
756 518 35 21 för
806 519 44 21 till-

94 550 62 22 fället
170 550 106 22 behöfver
295 551 41 20 och
356 550 116 29 begagnar.
510 551 49 20 Den
578 551 115 29 rättighet,
713 552 91 21 hvarom
820 560 29 14 nu

95 586 24 20 är
138 585 71 28 fråga,
232 592 63 14 anser
314 585 39 28 jag
372 584 113 21 dessutom
504 592 53 13 vara
575 585 24 21 så
618 585 96 29 naturlig
735 586 40 21 och
791 587 59 28 sjelf-

95 619 107 27 skrifven,
226 622 32 18 att
274 620 38 27 jag
331 618 56 21 blott
406 618 87 21 derföre
509 619 51 20 ville
575 619 89 21 förorda
684 620 166 28 medgifvandet

95 653 24 22 af
131 653 131 28 densamma,
278 661 35 13 om
329 653 43 21 ock
386 653 74 28 någon
475 652 97 22 särdeles
587 653 70 22 fördel
670 654 35 21 för
718 654 132 23 konsumen-

95 690 37 19 ten
147 687 63 22 deraf
222 687 48 21 icke
286 694 52 14 vore
354 689 32 19 att
400 687 109 21 förvänta.

163 721 59 22 Herr
237 721 138 22 Thermén:
390 721 45 29 Jag
452 721 38 22 ber
505 724 32 18 att
552 721 21 22 få
589 722 80 28 erinra,
685 725 33 19 att
732 723 117 22 utländske

95 755 205 28 handelsexpediter
322 755 48 21 icke
392 756 38 21 äro
453 755 136 29 berättigade
609 759 31 18 att
657 756 42 22 hos
719 764 37 15 oss
778 757 72 22 drifva

95 790 78 21 handel
190 789 40 22 och
246 792 32 18 att
292 789 37 21 det
343 789 166 29 ifrågavarande
525 790 131 29 stadgandet
672 791 18 28 ej
705 791 70 22 skulle
790 791 60 22 med-

97 823 61 29 gifva
173 823 49 22 dem
237 831 27 14 en
280 823 66 22 sådan
361 823 91 22 förmån.

164 857 83 22 Vidare
263 857 125 22 diskussion
403 857 90 22 föreföll
508 857 58 28 icke;
579 857 52 22 derå
642 859 24 21 af
678 859 51 21 herr
740 859 110 22 talmän-

96 900 50 14 nen
162 892 146 21 framställdes
324 892 95 28 följande
435 892 175 28 propositioner:

166 927 33 21 1:0
220 925 134 23 Godkänner
369 926 87 21 ståndet
471 926 120 22 utskottets
606 927 7 21 i
629 922 71 26 dennä
715 923 35 26 del
765 925 85 32 afgifna

97 960 146 27 betänkande,
264 960 72 22 sävidt
351 958 45 23 deri
411 960 102 22 förordas
534 961 105 29 rättighet
653 958 34 24 för
702 962 76 28 hväije
792 962 58 22 finsk

97 994 141 28 medborgare
254 997 31 18 att
300 994 51 28 sjelf
367 994 41 22 och
429 997 52 19 utan
501 994 133 23 handlandes
652 995 133 22 medverkan
801 996 49 21 från

97 1029 83 21 utrikes
200 1032 34 18 ort
252 1028 142 22 införskrifva
416 1028 42 22 och
481 1029 113 21 införtulla
611 1029 57 29 gods
686 1030 34 20 till
739 1030 35 22 sin
794 1038 56 20 egen

97 1063 145 28 förbrukning
257 1062 53 22 eller
324 1062 154 22 förarbetande
493 1062 37 22 vid
545 1069 56 23 egen
616 1064 191 21 industrirörelse?

98 1100 56 19 samt
168 1098 73 21 såsom
256 1090 230 35 kontraproposition:

165 1131 73 22 Anser
257 1130 86 23 ståndet
361 1131 134 29 rättigheten
517 1133 32 19 att
567 1130 48 23 från
635 1131 83 22 utrikes
734 1132 35 21 ort
782 1127 69 27 inför-

99 1165 83 22 skrifva
196 1166 41 21 och
253 1165 111 21 införtulla
383 1166 56 28 gods
458 1165 63 27 böra;
540 1162 96 25 förutom
655 1165 133 27 händlände,
806 1166 45 20 till-

98 1200 86 20 komma
199 1200 77 21 endast
290 1199 160 21 handtverkare
465 1199 42 21 och
522 1196 159 25 fäbiiksidkare
695 1198 35 22 för
745 1199 28 21 de
783 1202 68 19 mate-

97 1234 80 26 rialier,
193 1234 103 27 redskap,
318 1233 110 21 maskiner
444 1234 41 20 och
501 1233 68 21 ändra
583 1233 176 27 förnödenheter;
774 1233 79 22 hvaraf

99 1266 26 23 de
141 1268 37 20 äro
193 1268 7 20 i
215 1267 68 21 behof
295 1267 34 21 till
348 1268 152 28 användning,
519 1264 146 32 förbrukning
683 1267 54 22 eller
753 1267 97 23 förarbe-

98 1301 65 21 tande
178 1302 38 20 vid
231 1307 54 23 egen
300 1301 193 22 industrirörelse?

167 1336 35 21 De
217 1343 47 14 som
283 1335 69 21 önska
370 1335 38 21 det
425 1335 70 28 förra;
519 1331 70 26 skulle
608 1338 63 19 svara
687 1331 105 33 jakatide;
808 1336 42 22 och

99 1369 26 22 de
141 1377 48 14 som
203 1369 51 22 ville
270 1369 36 22 det
322 1374 87 23 senare;
426 1376 65 15 svara
505 1370 106 21 tiekatide:

167 1404 148 28 Besvarades,
338 1404 54 21 efter
411 1403 96 23 änställd
524 1404 112 29 votering;
657 1399 51 27 ined
728 1403 26 21 13
770 1404 24 27 ja
808 1399 42 26 och

101 1437 24 21 17
142 1438 42 28 nej.
