1039 1773
778 134 42 20 425

105 196 87 21 hvilken
210 196 39 28 gaf
264 196 112 27 tillkänna,
392 199 30 19 att
438 195 95 21 bemälde
549 196 63 21 stånd
627 196 66 22 under
708 196 82 28 dagens
805 204 44 15 ses-

105 230 47 21 sion
174 230 83 21 förenat
278 230 33 28 sig
330 230 7 21 i
356 229 166 23 bondeståndets
541 230 134 28 inbjudning,
690 233 32 19 att
736 230 112 23 Kuusamo

106 264 132 21 sockneboer
252 264 75 22 endast
342 264 32 21 till
389 264 81 22 hälften
485 266 58 19 emot
557 264 68 21 andra
639 264 128 22 innevånare
782 266 7 20 i
803 266 45 21 lan-

107 298 35 21 det
160 298 68 22 skulle
247 298 87 28 erlägga
348 298 222 28 mantalspenningar;
592 298 40 21 och
648 298 66 22 sedan
729 299 120 28 deputatio-

106 339 41 14 nen
162 332 71 22 blifvit
248 332 105 22 betackad
369 332 40 21 och
424 332 87 27 afträdt,
526 332 112 28 föredrogs

446 378 13 28 8
474 378 33 20 21.

175 412 57 22 Herr
246 412 96 22 Mölsä:
375 407 166 33 Ärekränkning
560 412 24 21 af
600 412 41 21 den
660 415 32 19 art
707 414 42 21 och
764 414 85 22 beskaf-

108 446 72 22 fenhet
194 450 31 18 att
240 454 68 15 annan
324 446 123 28 derigenom
462 446 89 22 tillvitas
567 447 64 26 brott,
647 454 45 15 som
704 448 84 22 straffas
800 448 48 22 med

107 481 72 21 lifvets
198 481 82 27 förlust,
302 481 84 21 medför
404 481 68 28 enligt
490 489 29 13 nu
534 481 100 28 gällande
649 481 43 29 lag,
707 483 54 20 efter
775 483 74 21 veder-

109 515 184 29 gällningsrätten,
312 522 77 14 ansvar
406 515 34 20 till
455 515 68 21 lifvet.
560 515 53 21 Med
628 515 101 22 afseende
743 516 52 21 härä
810 516 41 21 och

109 550 27 27 på
154 549 36 22 det
204 552 31 19 att
250 549 68 21 denna
333 549 127 28 författning
474 549 34 21 må
522 549 88 22 komma
625 552 30 19 att
670 551 33 20 stå
718 550 7 21 i
741 551 110 20 öfverens-

109 584 119 21 stämmelse
250 583 49 22 med
322 583 57 21 hvad
401 583 84 21 ståndet
507 583 58 22 förut
583 584 7 21 i
610 583 73 29 dylika
702 585 39 21 fall
756 585 94 26 beslutit,

109 625 62 14 anser
191 619 38 28 jag
251 618 38 21 här
311 617 51 22 böra
384 617 95 28 stadgas,
498 620 31 19 att
547 618 161 29 författningen,
723 619 71 21 såvidt
808 619 42 21 den

109 653 34 20 rör
168 651 150 22 dödsstraffets
343 654 55 18 samt
419 652 49 27 spö-
491 651 40 22 och
554 652 129 22 risstraffens
705 653 145 27 afskaffande,

109 687 69 20 skulle
192 686 61 21 träda
267 686 8 21 i
290 685 136 22 verksamhet
440 685 65 22 redan
519 686 41 21 den
577 686 10 20 1
601 687 84 27 januari
701 687 62 21 1865.

176 720 63 21 Efter
258 720 73 21 derom
351 720 24 21 af
390 720 48 21 herr
453 720 150 21 talmannen
618 721 120 22 framställd
752 722 99 27 proposi-

109 755 44 20 tion
176 755 81 21 beslöts
280 757 37 24 att,
339 754 28 28 på
389 755 43 20 sätt
450 754 85 21 ståndet
553 755 7 20 i
577 755 128 28 föregående
721 755 38 21 fall
771 756 80 28 jemväl

110 791 66 26 yttrat
194 789 39 28 sig,
252 789 155 28 författningen
425 789 7 20 i
451 789 70 20 ämnet
536 789 71 21 skulle
622 789 46 21 från
683 789 42 22 den
742 791 10 20 1
767 790 85 28 januari

110 823 174 21 nästkommande
300 823 22 21 år
337 822 64 21 lända
416 823 32 20 till
464 823 141 21 efterrättelse
621 823 7 21 i
643 823 101 22 afseende
759 823 12 22 å
785 824 67 21 sådan

110 857 142 28 brottslighet,
274 864 46 14 som
342 857 68 28 enligt
431 864 28 13 nu
481 857 101 28 gällande
604 857 37 28 lag
663 858 23 20 är
707 857 79 29 belagd
803 858 49 21 med

111 891 122 27 dödsstraff,
254 892 39 27 spö
311 891 52 21 eller
382 891 36 27 ris,
432 898 47 14 men
495 892 7 20 i
517 892 67 28 öfrigt
599 892 24 21 af
635 892 105 28 styrelsen
755 892 51 22 bero
822 895 31 19 att

111 926 117 21 bestämma
242 925 65 27 tiden,
319 925 28 21 då
357 925 165 29 författningens
534 926 135 28 tillämpning
681 926 66 22 borde
758 926 95 29 vidtaga,

178 959 102 21 Härefter
295 960 88 25 beslöts,
398 962 31 18 att
439 960 139 21 medstånden
589 960 70 21 skulle
672 960 134 22 underrättas
818 968 34 14 om

110 994 94 22 ståndets
217 994 7 20 i
235 994 69 21 denna
315 994 61 28 fråga
387 994 80 20 fattade
479 994 108 21 särskilda
598 994 69 21 beslut
678 994 41 21 och
731 994 121 22 kännedom

110 1028 72 22 derom
205 1028 107 21 meddelas
334 1027 241 29 expeditionsutskottet
592 1028 6 20 i
617 1028 99 22 afseende
734 1028 13 22 å
764 1028 41 22 den
824 1029 28 28 på

111 1062 90 22 nämnde
224 1062 82 21 utskott
329 1062 154 21 ankommande
507 1062 74 21 vidare
599 1062 76 28 åtgärd
693 1062 7 21 i
717 1062 65 22 saken
798 1066 55 18 samt

109 1097 34 21 för
164 1096 76 22 sådant
262 1096 97 22 ändamål
382 1096 96 21 utfärdas
497 1099 31 19 ett
548 1096 23 21 så
590 1096 93 28 lydande
697 1096 155 28 protokollsut-

111 1131 63 29 drag:

176 1165 57 21 ”Vid
248 1165 36 21 det
299 1164 175 29 borgareståndet
489 1165 7 21 i
511 1165 42 28 dag
568 1165 33 21 till
616 1164 75 29 åtgärd
703 1165 93 21 förehaft
807 1165 46 28 lag-

109 1200 115 20 utskottets
246 1199 133 21 betänkande
398 1199 7 21 i
425 1199 116 28 anledning
560 1199 25 21 af
597 1198 78 29 nådiga
690 1199 163 28 propositionen

108 1233 43 21 N:o
162 1234 32 26 18,
205 1241 34 13 om
251 1234 119 28 antagande
383 1234 23 20 af
416 1241 25 13 en
454 1233 127 28 förordning
593 1232 109 29 angående
715 1232 57 22 falsk
783 1234 69 27 angif-

109 1268 59 22 velse
186 1268 40 20 och
248 1275 68 13 annan
332 1267 165 28 ärekränkning,
513 1267 39 21 har
567 1267 176 29 borgareståndet
758 1267 97 29 godkänt

109 1302 116 21 utskottets
241 1301 133 21 betänkande
389 1301 132 21 beträffande
536 1302 27 28 $$
578 1302 19 26 2,
611 1302 19 26 3,
642 1302 55 20 6—9
710 1301 40 22 och
765 1302 89 26 12—20,

109 1336 111 21 hvaremot
238 1334 86 22 ståndet
342 1336 7 20 i
368 1335 99 21 afseende
483 1335 12 21 å
510 1336 71 28 öfriga
596 1336 27 28 $$
637 1338 86 18 stannat
737 1336 7 20 i
760 1336 95 28 följande

109 1370 80 21 beslut:
204 1372 32 19 att
250 1369 55 22 ifrån
320 1376 74 14 senare
409 1376 63 14 mom.
489 1370 8 20 i
512 1370 9 28 &
533 1370 8 20 1
555 1370 70 21 ordet:
640 1370 145 27 ”uppenbart”
796 1370 59 20 skul-

109 1404 20 22 le
142 1404 59 28 utgå,
216 1404 70 21 såsom
301 1404 119 28 utgörande
435 1411 26 13 en
477 1403 130 29 öfverflödig
621 1403 41 21 och
677 1403 103 29 möjligen
795 1404 61 20 miss-

109 1438 91 21 ledande
212 1438 141 28 bestämning,
368 1440 56 18 samt
438 1440 127 19 momentets
581 1437 82 28 lydelse
678 1437 85 22 således
778 1437 77 22 blifva:
