1039 1773
780 146 45 23 363

172 208 58 22 Herr
244 207 99 24 Mölsä;
376 207 34 22 Af
425 207 49 23 herr
489 206 67 22 Holm
572 207 41 21 har
627 210 84 26 yttrats,
727 210 32 20 att
774 208 81 29 lägers-

104 242 72 26 målet,
198 242 76 21 såvida
296 241 37 21 det
350 241 49 22 icke
418 242 64 27 utgör
500 241 67 28 något
587 241 57 21 brott
659 245 57 18 emot
731 243 124 21 samhällets

105 276 107 27 säkerhet,
230 276 18 28 ej
265 276 68 22 heller
348 275 67 22 borde
431 276 25 20 af
467 274 41 23 den
527 275 122 29 borgerliga
664 276 62 28 lagen
743 277 112 21 bestraffas

105 310 42 22 och
164 310 8 21 i
192 310 127 28 strafflagen
339 309 57 28 ingå.
433 308 45 29 Jag
493 309 38 21 vill
547 309 72 21 dertill
635 316 69 20 svara,
719 314 32 17 att
765 310 36 22 det
816 311 40 21 fin-

105 352 38 14 nes
158 352 27 14 en
200 344 78 29 mängd
294 343 82 24 sådana
391 343 136 28 handlingar,
543 343 75 22 hvilka
633 343 47 22 icke
695 345 78 27 utgöra
784 344 72 22 direk-

105 382 23 18 ta
143 378 112 24 rättsbrott
270 378 52 21 eller
336 377 210 29 rättskränkningar,
565 386 48 13 men
629 378 56 21 dock
700 378 71 22 såsom
785 378 71 22 straff-

105 413 53 22 bara
176 414 38 20 äro
229 413 7 23 i
252 412 277 28 brottmälslagstiftningen
546 416 117 24 upptagna.
700 412 156 30 Lägersmälet,

107 447 67 24 ehuru
193 447 37 24 det
249 446 123 29 egentligen
388 445 76 23 endast
479 446 59 22 rörer
553 446 27 21 de
596 454 108 21 personer,
719 447 74 22 hvilka
808 447 48 22 der-

106 481 49 24 med
170 482 78 23 försett
262 481 41 29 sig,
319 480 41 22 och
375 480 48 21 icke
438 480 96 29 ingriper
549 481 6 20 i
572 481 70 28 någon
658 489 81 14 annans
751 483 50 26 rätt,
814 482 42 21 kan

107 515 57 24 dock
179 523 77 21 genom
272 515 142 28 handlingens
429 515 122 28 osedlighet
562 515 89 21 inverka
662 516 90 28 menligt
763 517 27 26 på
801 523 56 14 sam-

107 550 79 21 hällets
204 549 92 28 trefnad,
316 549 40 22 och
376 549 38 21 har
430 549 24 22 af
466 549 66 23 sådan
549 549 65 22 orsak
629 549 63 22 äfven
708 553 80 18 ansetts
804 549 53 22 böra

109 585 24 21 af
145 584 113 23 samhället
273 583 119 22 bestraffas.
422 583 63 23 Dock
501 591 63 14 anser
576 584 39 27 jag
630 583 94 28 qvinnan
740 584 33 21 för
789 584 67 21 första

108 619 85 28 gången
208 617 116 29 lägersmål
338 617 48 22 icke
402 617 53 21 böra
470 618 25 22 af
507 618 62 27 lagen
583 617 117 28 bestraffas,
711 618 89 21 emedan
814 619 42 20 för-

108 653 83 22 seelsen
207 653 24 21 af
243 653 68 23 henne
328 651 81 23 kunnat
424 651 65 29 begås
505 652 68 21 under
588 652 156 27 förhållanden,
755 659 46 14 som
814 653 44 20 tala

109 687 35 22 för
165 687 81 22 hennes
261 685 129 29 'fritagande
408 686 47 21 från
475 686 50 28 laga
543 693 85 19 ansvar,
643 690 58 17 utom
717 686 36 21 det
769 690 31 17 att
815 686 43 21 hon

109 722 35 21 för
161 721 124 22 densamma
304 721 61 22 torde
381 727 51 14 vara
447 720 130 29 tillräckligt
591 720 88 23 straffad
694 728 78 21 genom
788 721 70 21 blotta

109 755 150 24 medvetandet
281 755 25 20 af
324 755 33 23 sin
381 754 140 29 brottslighet
539 755 41 20 och
600 762 76 21 genom
691 755 40 20 den
748 755 110 26 inverkan,

109 790 80 21 bennes
210 789 79 28 felsteg
307 789 42 22 kan
369 789 75 21 utöfva
460 789 27 28 på
503 789 48 21 hela
567 788 79 22 hennes
663 788 194 29 lefnadsställning.

110 825 44 21 Om
176 824 96 23 deremot
294 823 93 28 gvinnan
410 830 26 13 en
456 830 69 13 aonan
545 823 58 28 gång
620 823 52 21 eller
687 823 68 20 oftare
769 824 40 27 gör
824 823 35 28 sig

110 858 88 29 skyldig
220 858 33 23 till
272 858 67 21 sådan
358 857 109 26 förseelse,
485 857 68 23 finner
565 857 39 28 jag
619 857 36 21 det
670 857 59 28 ligga
744 857 7 21 i
767 857 93 21 samhäl-

110 893 42 22 lets
170 892 149 23 välförstådda
334 892 90 23 intresse
440 896 31 17 att
486 899 78 16 ansvar
579 892 73 21 derför
667 900 50 20 eger
731 899 53 13 rum.
818 885 41 28 Åt-

110 928 106 21 minstone
235 926 62 24 torde
315 926 37 21 det
369 926 6 21 i
396 926 47 22 vårt
458 926 49 22 land
523 926 44 22 tills
584 926 73 21 vidare
673 933 50 14 vara
739 926 121 28 betänkligt

111 965 32 18 att
164 961 45 21 helt
231 960 40 22 och
291 960 66 24 hållet
375 960 92 23 afskaffa
482 968 78 15 ansvar
576 961 33 20 för
625 960 120 28 lägersmål.
781 960 79 28 Enligt

110 996 45 21 min
174 995 57 28 åsigt
248 1002 53 14 vore
319 994 85 23 derföre
419 994 40 21 den
476 995 24 21 af
513 994 49 23 herr
578 993 123 23 Grotenfelt
715 995 32 21 uti
762 994 50 22 dess
828 1001 32 14 re-

111 1030 107 21 servation
238 1028 123 29 föreslagna
377 1028 114 22 redaktion
507 1029 25 21 af
545 1028 163 29 ifrågavarande
723 1029 12 28 &
750 1028 48 27 den,
814 1035 47 15 som

111 1064 49 22 bäst
178 1064 83 28 lämpar
276 1063 34 28 sig
324 1063 54 21 efter
393 1063 53 21 våra
462 1062 156 27 förhållanden,
634 1063 40 22 och
687 1064 39 27 jag
740 1062 122 29 tillstyrker

111 1102 32 18 att
156 1098 93 21 nämnde
264 1097 112 23 redaktion
393 1097 64 21 måtte
472 1097 25 21 af
509 1097 86 23 ståndet
609 1097 134 29 godkännas.

179 1137 57 22 Herr
252 1137 88 23 Holm:
370 1136 78 22 Under
462 1136 150 22 diskussionen
629 1136 38 23 har
682 1139 85 26 yttrats,
778 1139 39 24 att,
829 1136 34 21 så-

111 1180 46 14 som
180 1172 50 21 herr
246 1170 124 24 Grotenfelt
388 1171 7 21 i
414 1171 33 21 sin
463 1171 133 21 reservation
612 1171 63 22 äfven
691 1170 125 27 framhällit,
832 1170 31 21 lä-

111 1206 120 30 gersmålen
248 1206 6 20 i
270 1206 116 22 allmänbet
401 1205 49 21 icke
465 1205 70 21 skulle
546 1205 36 22 vid
594 1205 53 23 våra
658 1204 119 24 domstolar
788 1204 75 27 åtalas,

111 1242 91 20 såframt
220 1240 18 28 ej
255 1240 93 27 qvinnan
360 1240 67 22 föder
443 1240 51 22 barn
511 1239 41 22 och
567 1239 51 30 sjelf
631 1238 117 32 uppträder
763 1238 47 21 med
827 1246 37 13 an-

111 1276 66 27 språk
199 1274 28 28 på
250 1273 76 29 bidrag
348 1274 25 21 af
392 1274 165 28 lägerswmannen
580 1274 32 21 till
636 1274 85 22 barnets
743 1272 120 23 underhåll,

110 1309 80 22 Denna
211 1307 159 29 framställning
389 1308 24 21 är
431 1308 48 23 icke
498 1308 58 28 enlig
571 1308 48 23 med
635 1307 98 29 verkliga
748 1306 117 23 förbållan-

111 1344 44 21 det.
191 1342 12 22 I
225 1342 33 28 sju
282 1342 25 23 af
322 1341 84 23 landets
426 1342 123 28 domsagor,
569 1341 38 22 der
623 1342 38 28 jag
675 1342 85 30 vistats,
776 1340 38 22 har
826 1341 39 28 jag

111 1378 82 26 erfarit,
216 1380 32 21 att
270 1376 108 23 allmänna
397 1376 138 28 åklagarene,
551 1376 28 28 på
593 1375 70 29 grund
679 1377 24 20 af
716 1375 87 30 uppgift
818 1375 47 22 från

111 1411 163 30 presterskapet
288 1417 34 17 om
338 1410 101 28 qvinnor,
456 1410 74 22 hvilka
545 1410 47 22 födt
607 1409 64 22 oäkta
685 1409 61 27 barn,
757 1409 36 21 vid
805 1409 61 21 dom-

113 1446 70 25 stolen
200 1444 87 24 tilltalat
302 1444 48 22 dem
367 1445 33 20 för
412 1444 123 30 lägersmål,
545 1444 69 23 ehuru
625 1443 26 24 de
660 1444 81 30 sjelfva
753 1442 47 24 icke
812 1450 54 23 upp.
