1039 1773
772 163 38 22 161

87 224 93 22 tnsende
196 223 71 28 rubel,
283 222 75 23 medan
375 221 57 25 dock
447 224 51 20 dess
509 221 139 24 kommunala
659 222 69 24 behof
737 224 103 24 förblifva

89 259 120 25 desamma,
226 258 40 22 och
284 258 90 22 sålunda
389 258 67 21 måste
472 258 41 20 den
531 258 103 28 slutligen
649 258 52 22 eller
717 259 56 22 inom
789 261 51 21 kort

89 293 29 28 gå
132 292 86 22 under.
215 288 11 38 .
230 292 32 21 På
277 292 63 21 desse
356 292 95 28 grunder
466 292 69 21 skulle
549 292 38 29 jag
602 292 60 28 yrka,
678 296 31 18 att
725 294 115 28 skeppsre-

89 327 47 21 deri
155 327 72 21 blefve
247 327 27 27 på
292 326 74 20 landet
381 326 79 20 tillåtet
479 325 76 22 endast
571 326 48 20 med
635 326 105 22 förbehåll
756 331 30 18 att
802 328 37 28 de,

91 368 47 14 som
154 361 71 21 drifva
240 360 67 22 sådan
322 360 91 26 rörelse,
430 360 43 21 låta
489 360 106 21 inskrifva
611 361 33 27 sig
660 361 72 21 såsom
749 362 91 29 borgare

90 396 7 20 i
113 396 107 20 närmaste
239 394 48 22 stad
306 394 40 21 och
365 394 87 28 deltaga
470 394 7 21 i
496 394 141 28 utskylderne
657 395 33 21 till
709 395 130 22 densamma.

91 430 44 27 Jag
151 429 37 21 vill
203 427 118 30 ingalunda
336 428 63 29 påstå
414 431 31 18 att
460 428 102 21 städerna
580 428 54 22 böra
648 429 127 28 uppehållas
790 431 50 21 med

90 463 144 28 uppoffrande
257 462 23 21 af
299 460 163 32 landsbygdens
485 462 72 27 bästa,
584 470 49 13 men
655 464 100 21 städerne
777 465 63 21 torde

91 497 57 22 dock
163 498 7 21 i
185 498 78 27 många
282 497 116 21 afseenden
417 503 53 14 vara
489 497 148 28 nödvändiga,
660 497 112 22 äfvensom
790 501 50 25 nyt-

91 532 42 28 tigt
149 533 23 19 är
187 534 31 18 att
233 532 7 20 i
256 531 47 21 dem
318 531 70 20 finnes
404 533 31 18 ett
451 530 125 21 välmående
592 531 144 28 borgerskap;
752 535 24 24 ty
790 532 7 21 i
813 532 27 21 de

67 573 3 4 *
91 566 77 27 många
183 565 47 26 fall,
246 565 27 21 då
288 565 187 28 penningebidrag
491 565 32 20 till
535 572 46 14 mer
593 565 52 21 eller
656 565 83 22 mindre
751 566 89 21 allmän-

92 608 28 13 na
135 599 97 22 ändamål
248 599 40 22 hos
305 607 37 13 oss
358 599 55 20 varit
428 599 121 28 behöfliga,
565 598 38 21 har
619 599 167 28 borgerskapets
802 600 38 21 fri-

91 633 112 29 kostighet
218 629 59 25 alltid
294 633 82 20 kunnat
391 633 114 27 päräknas.
535 632 44 22 Om
593 633 20 28 ej
629 636 30 18 ett
671 633 107 28 förmöget
790 633 50 22 bor-

92 668 94 29 gerskap
197 667 79 26 finnes,
289 667 24 20 sä
325 666 62 21 torde
400 667 74 28 dylika
488 667 75 28 bidrag
575 667 75 20 utfalla
657 667 84 28 ganska
749 667 89 28 knappt.

92 702 106 21 Enskilde
216 708 104 21 personer
339 701 27 28 pä
384 699 83 28 landet,
490 709 34 12 om
545 701 41 20 ock
601 701 7 21 i
623 701 58 28 goda
698 701 142 22 ekonomiska

93 735 192 29 omständigheter,
301 736 37 20 äro
354 735 66 20 likväl
435 735 7 20 i
458 735 79 21 sädana
552 735 38 21 fall
602 735 83 28 ganska
700 743 139 20 sparsamma.

93 770 76 22 Säsom
188 769 80 22 ombud
284 769 34 21 för
333 769 41 20 den
393 769 60 21 stads
473 769 144 28 borgerskap,
633 771 39 27 jag
688 769 38 22 har
741 771 49 20 äran
807 778 33 13 re-

93 807 135 25 presentera,
251 803 67 22 mäste
334 804 39 27 jag
391 803 86 21 derföre
495 805 104 20 motsätta
617 804 43 28 mig
676 804 27 21 all
719 804 73 21 vidare
808 805 32 20 in-

94 837 134 29 skränkning
246 838 8 20 i
272 837 169 29 borgerskapets
460 837 128 29 rättigheter
605 837 34 22 till
654 837 82 22 förmån
753 838 35 21 för
802 839 38 20 nä-

93 872 162 28 ringsiriheten.

162 906 57 21 Herr
234 905 94 23 Wolff:
344 906 43 29 Jag
402 906 42 21 kan
461 906 117 28 omöjligen
590 906 109 28 medgifva
711 909 40 23 att,
767 906 73 22 säsom

94 939 49 22 herr
151 939 130 29 Tengström
297 943 77 25 yttrat,
390 940 106 29 styrelsen
512 940 37 21 vid
565 940 26 21 de
606 940 107 29 ätgärder,
729 948 45 13 som
790 940 50 21 blif-

93 975 33 21 vit
145 974 103 28 vidtagna
266 974 6 21 i
292 974 56 28 syfte
368 977 31 18 att
420 974 112 21 utsträcka
553 974 194 28 näringsfriheten,
770 974 70 22 skulle

93 1009 86 20 förfarit
196 1012 95 18 varsamt
309 1008 41 21 och
368 1008 49 22 med
432 1008 106 28 tillbörlig
557 1008 90 28 aktning
662 1008 34 21 för
711 1008 129 28 borgerska-

94 1046 49 24 pets
158 1043 131 27 privilegier.
318 1042 44 29 Jag
378 1042 38 21 har
430 1045 94 18 tvertom
539 1042 6 20 i
562 1042 47 21 mitt
624 1042 83 28 afgifna
721 1042 119 28 andragan-

93 1076 27 22 de
139 1076 125 27 framhällit,
285 1076 115 21 huruledes
416 1076 129 28 regeringen
563 1076 29 28 pä
611 1083 74 14 senare
707 1076 56 21 tider
782 1080 58 17 emot

93 1110 169 29 borgerskäpets
277 1110 92 21 intresse
382 1110 111 28 tillskapat
504 1110 111 28 ätskilliga
626 1110 142 28 monopolier,
780 1110 64 21 deraf

93 1146 19 26 ej
128 1145 67 21 heller
214 1145 66 28 några
299 1145 67 20 andra
384 1146 27 19 än
429 1144 169 22 innehafvarene
613 1144 24 21 af
649 1144 109 22 desamma
773 1144 67 28 draga

94 1178 76 22 fördel.
199 1179 45 28 Jag
258 1179 51 21 ville
324 1178 68 22 likväl
410 1178 48 22 icke
473 1178 86 22 derföre
575 1178 73 28 påstå,
665 1181 31 18 att
711 1178 129 29 regeringen

93 1212 122 28 uppsätligt
234 1212 68 22 skulle
318 1213 58 21 velat
391 1213 109 21 förnärma
518 1212 169 28 borgerskapets
706 1212 134 28 privilegier,

93 1246 52 21 eller
160 1250 31 18 att
206 1246 181 29 författningarne
406 1247 7 21 i
432 1248 72 20 ämnet
522 1247 71 21 skulle
613 1246 72 22 blifvit
705 1246 113 21 utfärdade
833 1246 7 21 i

93 1288 70 14 annan
180 1280 66 29 afsigt
260 1282 28 20 än
303 1283 32 19 att
349 1280 101 22 befordra
465 1280 84 22 landets
566 1288 67 14 sanna
649 1281 72 25 bästa;
740 1287 48 14 men
802 1281 39 27 jag

93 1322 63 14 anser
172 1318 31 17 att
218 1314 106 28 styrelsen
343 1315 48 21 icke
408 1315 33 21 väl
457 1314 90 22 betänkt
566 1315 45 28 sig,
633 1319 52 16 utan
704 1314 55 28 tagit
777 1314 63 21 miste

93 1356 78 21 genom
190 1351 32 19 att
240 1348 104 29 befrämja
361 1348 134 22 tillkomsten
512 1349 24 20 af
549 1349 78 21 sädane
647 1348 194 28 skyddsnäringar.

93 1383 45 21 För
153 1383 67 28 öfrigt
238 1383 125 21 instämmer
376 1384 37 27 jag
428 1384 6 19 i
451 1384 49 20 herr
516 1382 87 22 Kranks
619 1383 66 28 äsigt,
705 1385 32 18 att
752 1384 89 26 uppstä-

94 1417 37 21 der
147 1418 6 20 i
169 1417 100 21 afseende
285 1417 13 21 å
313 1418 76 27 sjöfart
404 1417 40 21 och
463 1416 76 22 handel
558 1416 68 22 borde
645 1416 80 21 erhålla
740 1416 44 20 lika
799 1417 42 19 rät-

93 1451 94 28 tigheter
210 1451 47 21 med
280 1450 150 30 stapelstäder,
456 1452 72 20 såsom
551 1450 41 22 ock
614 1450 111 28 angående
748 1449 93 29 upphät-

119 1490 63 22 Vällofi.
194 1491 140 23 lorgareständets
343 1491 81 22 protokoll
437 1491 98 21 landtdagen
549 1490 127 16 1863—1864.
688 1490 29 17 3:e
729 1490 20 16 B.
786 1484 23 20 11
