1039 1773
782 148 42 26 275

98 210 93 26 nämnde
214 214 170 29 ursprungligen
406 209 90 27 tillhöra
514 208 75 28 landet
607 210 41 26 och
667 214 103 30 vanligen
785 223 67 22 uppe-

99 246 58 23 hålla
172 248 35 29 sig
221 248 7 22 i
244 256 27 14 en
286 248 46 22 viss
348 248 59 22 trakt
421 248 71 27 deraf,
511 250 80 27 utgöra
610 249 129 28 Zigenarene
754 250 98 22 deremot

98 288 28 16 en
141 280 121 24 invandrad
276 282 111 27 folkstam;
403 290 47 14 som
466 282 95 22 ströfvär
576 283 101 29 omkring
692 286 53 19 titan
757 286 31 19 att
800 288 52 18 vara

98 316 150 29 nägonstädes
263 316 83 28 bosatt,
362 316 42 22 och
420 316 74 22 kunna
509 317 18 27 ej
543 316 80 22 räknäs
638 317 33 21 till
686 317 142 29 medborgare
844 318 7 21 i

97 350 81 22 landet.
208 347 34 25 En
261 356 70 16 äntiän
351 350 61 29 fråga
432 352 30 26 är,
485 350 107 22 huruvida
610 351 58 21 dock
683 352 7 21 i
706 348 49 30 fall,
771 352 80 22 sädane

99 392 48 14 som
162 385 66 27 detta,
244 392 25 14 en
286 384 144 29 exceptionell
446 384 140 29 lagstiftning
601 385 34 21 för
650 386 129 28 zigenärene
794 387 24 21 är
830 386 24 21 af

98 419 83 27 nöden;
200 419 74 21 derom
290 420 38 28 jag
345 419 44 21 blir
408 419 7 21 i
434 414 85 26 tillfälle
535 422 32 18 att
582 419 37 21 vid
635 420 129 29 voteritgen
782 420 69 22 uttala

97 453 46 22 min
158 454 64 29 äsigt,
237 456 52 19 utan
305 456 32 19 att
352 461 28 14 nu
396 453 74 22 vidare
486 453 7 21 i
509 454 73 21 ämnet
596 456 59 26 ytträ
669 454 52 29 mig:

166 487 58 22 Herr
240 486 26 23 O.
281 488 25 21 F.
322 487 150 29 Grönberg:
492 488 45 28 Jag
551 488 88 21 förenar
653 485 45 32 mig
713 489 50 22 med
777 485 27 25 de
819 491 32 19 ta-

97 517 56 32 lore,
171 522 76 22 hvilka
264 522 99 22 förordat
382 522 141 29 zigenarenes
542 522 139 22 likställande
699 523 50 22 med
765 523 85 22 landets

98 556 71 29 Ofrige
187 557 137 21 innevånare.
360 555 43 23 Om
418 563 60 20 man,
499 556 72 22 såsom
587 557 84 22 härtills
687 557 70 27 skett,
772 557 79 22 fortfar

97 593 32 18 att
144 589 107 22 behandla
269 591 127 28 zigenarene
415 590 50 21 med
479 590 103 29 grymhet
597 591 42 22 och
654 591 91 22 härdhet
761 591 41 22 och
818 594 32 19 att

97 624 55 21 söka
166 625 110 27 uppspära
290 625 63 21 deras
368 623 81 22 tillhåll
464 624 42 21 och
521 625 182 28 förehafvanden,
715 625 73 22 såsom
799 633 50 14 man

95 659 63 28 jagar
180 659 54 21 efter
257 654 60 26 vilda
339 659 55 28 djur,
416 658 43 21 kän
479 666 49 14 man
548 658 71 29 aldrig
637 659 66 22 vänta
717 659 68 28 något
799 655 49 25 när-

96 692 79 22 mande
197 692 91 22 emellan
311 693 71 21 denna
400 692 112 29 olyckliga
530 693 105 21 folkstam
653 693 41 22 och
713 693 85 22 landets
813 701 36 14 ur-

97 726 129 30 sprängliga
244 727 158 28 innebyggare,
425 727 54 21 eller
498 727 86 28 hoppas
606 729 31 19 att
655 727 27 22 de
701 727 63 22 skola
781 727 69 22 inför-

96 761 55 21 lifva
166 761 34 28 sig
215 761 48 22 med
278 761 85 22 landets
380 760 62 23 seder
458 761 42 21 och
515 761 157 28 förhållanden;
687 761 89 22 hvartill
791 769 57 23 man,

96 795 70 29 enligt
183 795 44 21 min
242 795 68 28 åsigt,
325 795 57 22 dock
396 795 68 21 borde
480 795 92 25 sträfva;
591 797 25 26 ty
631 795 26 22 de
672 796 112 28 zigenare,
800 803 48 14 som

95 829 70 22 vistas
184 830 7 21 i
210 829 84 27 landet,
315 829 76 22 kunna
409 830 19 27 ej
448 837 67 20 gernå
532 829 111 22 betraktas
666 829 135 22 annorlunda
819 831 28 20 än

97 863 73 22 såsom
191 863 71 22 finska
283 863 152 29 medborgäre,
458 864 53 21 enär
529 863 26 22 de
575 863 72 22 blifvit
665 864 40 21 här
724 864 66 21 födde
805 863 42 22 och

96 898 40 21 här
153 898 109 28 uppvuxit
279 900 56 19 samt
353 898 62 22 deras
435 898 98 21 förfäder
551 898 7 21 i
577 898 52 22 flere
649 898 151 29 generationer
814 898 33 22 vi-

97 934 55 20 stats
168 932 6 20 i
189 932 79 21 landet.
302 932 76 28 Några
392 932 75 22 vidare
482 931 152 29 inflyttningar
649 932 24 21 af
684 932 92 22 berörde
791 932 56 22 folk-

96 968 56 20 stam
167 966 61 21 torde
243 966 48 21 icke
308 966 66 22 sedan
389 966 75 29 längre
480 966 57 22 tider
552 966 91 22 tillbaka
658 966 65 22 skett.

164 999 58 22 Herr
232 1000 159 22 Wesander:
409 1000 99 22 Emedan
520 1001 39 28 jag
574 1001 7 21 i
597 1000 110 29 egenskap
722 1000 25 22 af
758 1000 88 28 supple-

95 1037 38 19 ant
149 1034 100 22 öfvervar
264 1034 37 22 det
316 1035 157 21 sammanträde
488 1036 8 20 i
511 1037 154 19 sammansatta
679 1034 46 29 lag-
740 1034 41 22 och
794 1034 52 22 eko-

95 1067 192 29 nomieutskottét,
303 1069 27 21 då
344 1068 145 22 förevarande
503 1069 13 28 &
531 1068 38 22 der
583 1068 158 28 behandlades,
756 1068 38 22 vill
807 1069 39 28 jag

95 1102 101 29 upplysa,
212 1105 31 19 att
255 1102 119 22 iitskottets
387 1102 136 22 betänkande
539 1102 134 22 beträffande
689 1110 81 14 samma
775 1098 13 37 &
812 1102 34 22 till

95 1136 72 29 någon
186 1136 34 22 del
240 1137 94 28 grundar
354 1137 34 28 sig
402 1136 29 28 på
446 1136 26 21 de
488 1137 24 21 af
524 1136 170 22 bondeståndets
713 1136 131 29 deputerade

93 1171 8 20 i
117 1170 107 22 utskottet
242 1170 98 22 lemnade
356 1170 160 29 upplysningar
531 1178 36 14 om
581 1170 130 22 hithörande
727 1170 118 22 förhållan-

93 1204 50 22 den.
178 1200 46 26 Det
246 1206 93 27 uppgafs
362 1204 119 30 nemligen,
505 1208 32 18 att
558 1205 128 29 zigenarene
709 1204 69 22 under
796 1204 48 22 sina

94 1239 93 29 ströftäg
206 1239 66 28 kring
291 1239 73 21 landet
382 1239 56 29 begä
456 1239 79 29 mänga
553 1239 159 22 väldsamheter
727 1238 42 22 och
784 1238 60 28 olag-

92 1272 100 29 ligheter,
214 1272 113 22 deribland
350 1276 32 18 att
403 1272 37 28 de,
463 1273 28 27 pä
513 1274 44 21 sätt
575 1273 50 22 herr
644 1272 113 22 Sundman
778 1273 66 21 äfven

93 1307 128 27 framhällit,
236 1307 8 21 i
260 1308 69 20 större
345 1307 68 28 hopar
428 1307 87 21 komma
529 1308 33 20 till
577 1310 32 19 ett
623 1307 99 22 hemman
738 1307 51 27 och,
804 1314 39 14 un-

93 1340 40 22 der
147 1341 95 22 hotelser
257 1349 35 13 om
311 1341 90 27 hämnd,
421 1342 77 28 tvinga
515 1341 70 22 folket
603 1344 32 19 att
653 1342 59 21 förse
731 1341 47 21 dem
793 1341 50 21 med

92 1374 146 29 hvarjehanda
256 1376 176 26 förnödenheter,
448 1376 101 21 stundom
565 1376 74 26 äfven,
655 1379 52 17 utan
722 1378 31 19 att
767 1375 75 21 derom

93 1409 93 27 anhälla,
201 1409 99 29 tillgripa
315 1412 31 18 ett
361 1410 41 21 och
417 1413 75 23 annat,
509 1410 82 21 hvilket
605 1410 134 22 hemmanets
754 1410 89 20 innevi-

92 1450 63 21 nare,
174 1443 24 21 af
213 1443 88 22 fruktan
316 1444 36 21 för
366 1444 63 22 deras
446 1444 109 29 obändiga
573 1444 66 29 lynne
654 1444 19 28 ej
690 1444 55 29 väga
759 1443 83 21 förhin-
