1039 1773
787 150 27 24 99

91 208 105 27 fonderad
211 214 13 21 &
239 207 129 35 fullständig
383 207 104 29 säkerhet
497 212 86 22 konime
595 215 32 19 att
637 214 8 20 i
656 214 126 29 väsendtlig
792 216 51 22 män

91 245 77 24 föröka
178 248 64 21 deras
254 247 83 23 sedlars
349 247 72 22 kredit
432 247 41 22 och
485 247 127 28 derigenom
622 248 113 21 motverka
743 248 27 22 de
778 249 64 22 rubb-

91 282 77 28 ningar
182 282 8 21 i
205 282 121 21 bankernas
343 280 231 28 affärsförhällanden;
590 282 111 21 bristände
716 282 127 23 förtroende

93 316 34 21 till
141 316 49 21 dem
206 316 113 28 lätteligen
334 315 42 21 kan
392 316 120 21 framkalla.

158 350 58 22 Herr
234 350 168 22 talmannens
421 350 52 21 härä
489 349 134 22 framställda
638 345 150 33 proposition,
803 344 40 28 häs

90 384 76 22 ruvida
185 384 86 22 ståndet
290 384 50 21 ville
360 387 79 25 antaga
457 384 120 21 utskottets
597 384 136 22 betänkande
749 385 7 21 i
771 385 72 22 denna

90 418 23 28 8,
132 418 46 22 blef
190 418 24 22 af
226 418 87 22 ståndet
327 418 49 22 med
395 417 161 29 öfvervägande
572 417 111 29 pluralitet
695 419 95 28 jakande
805 420 37 21 bes

92 453 84 22 svarad.

158 487 25 28 $$
200 487 82 21 12—22
298 486 73 21 blefvo
383 489 52 18 utan
448 486 129 21 diskussion
589 486 24 21 af
621 486 86 21 ståndet
718 487 123 28 godkände.

157 521 47 21 Vid
218 521 37 21 det
270 520 87 21 ståndet
368 516 95 25 härefter
475 520 35 21 till
521 520 127 22 diskussion
658 522 86 27 upptog
756 521 85 22 utskot-

90 557 42 19 tets
147 555 8 21 i
168 555 78 28 början
261 555 25 21 af
298 555 50 20 dess
359 554 111 22 utlätande
483 554 84 29 afgifna
579 554 152 29 tillstyrkande
743 557 44 20 ”att
798 555 43 22 den

89 589 79 28 nådiga
182 589 167 28 propositionen
364 589 8 20 i
387 589 35 21 sin
436 589 119 21 allmänhet
568 589 66 21 måtte
647 589 24 21 af
680 589 116 22 ständerne
808 589 34 22 bi-

89 619 81 31 fallas”;
185 623 85 29 yttrade
286 624 35 28 sig
336 623 95 28 följände
446 623 25 22 af
483 623 98 21 ständets
596 623 149 22 medlemmar:

156 657 59 22 Herr
232 653 91 26 Malm:
343 657 44 29 Jag
402 657 80 22 tillåter
497 657 44 29 mig
556 659 32 19 att
602 657 77 21 härvid
690 657 96 29 åberopa
796 658 44 22 den

89 691 143 28 reservation,
246 693 38 27 jag
299 691 87 28 afgifvit
398 694 58 19 emot
467 686 119 27 utskottets
599 691 142 28 betänkände,
753 691 41 22 och
805 692 35 21 till

90 725 49 21 stöd
154 726 89 21 hvarför
256 726 37 29 jag
308 725 62 29 laggt
384 725 26 22 de
426 725 161 27 förhällafiden,
603 732 48 14 som
665 725 83 29 främgä
760 733 25 14 ur
796 725 44 23 den

91 759 177 22 bankutskottets
287 759 136 22 betänkande
442 759 113 29 angående
570 759 108 29 styrelsön
693 760 42 21 och
749 760 90 21 förvalt-

89 794 80 28 ningen
185 794 24 21 af
221 793 105 22 Finlands
342 793 57 22 bank
418 793 117 29 vidfogade
550 793 94 22 tabellen
658 793 42 28 IV;
720 801 47 15 som
781 795 59 20 utvi-

89 835 36 14 sar
139 830 31 19 att
185 828 71 21 denna
271 827 57 22 bank
344 827 38 22 har
396 827 99 29 förmäga
505 830 33 19 att
548 835 75 14 ensam
635 827 58 22 förse
705 827 73 22 landet
788 828 51 22 med

89 861 36 22 det
143 861 164 29 rörelsekapital
325 862 119 21 detsamma
461 862 110 21 erfordrar
590 865 57 18 samt
661 865 32 18 att
710 863 8 20 i
733 863 59 21 detta
806 863 33 21 af-

89 896 78 22 seende
186 896 68 29 något
272 896 119 22 understöd
410 896 24 21 af
450 896 157 28 privatbanker
621 896 48 22 icke
683 898 24 20 är
722 896 115 30 behöfligt:

88 930 55 21 Man
157 930 40 22 har
213 930 130 29 visserligen
358 930 34 21 till
410 930 71 28 grund
496 930 34 21 för
545 938 28 13 en
587 933 90 19 motsatt
691 930 58 29 äsigt
764 931 74 22 säsom

88 965 97 27 exempel
200 964 116 22 framställt
331 964 67 22 andra
412 964 83 28 länder,
511 964 113 22 deribland
635 964 112 29 England,
763 964 75 23 Skott-

87 993 52 27 land
154 998 41 22 och
210 999 100 28 Sverige;
325 1006 49 13 men
388 1001 60 19 utom
463 999 37 21 det
514 1001 32 19 att
561 998 97 29 exempel
669 999 46 21 ofta
726 1007 45 21 nog
782 999 55 21 kuns

87 1040 28 13 na
129 1036 52 18 varä
196 1032 148 22 vilseledande
359 1032 41 22 och
412 1032 85 22 derföre
509 1033 8 20 i
529 1032 118 22 allmänhet
657 1033 52 21 böra
721 1034 49 20 med
780 1034 56 21 stör-

88 1069 33 19 sta
136 1066 122 22 varsamhet
272 1066 120 29 begagnas;
408 1067 62 21 torde
486 1067 73 29 någon
571 1067 124 28 jemförelse
710 1067 126 29 isynnerhet

87 1100 47 22 icke
152 1100 74 22 kunna
244 1100 124 29 uppdragas
388 1101 91 21 emellan
497 1101 26 21 de
539 1101 70 28 begge
624 1101 151 22 förstnämnda
789 1101 47 21 län-

86 1134 67 22 derria
170 1134 42 22 och
230 1135 48 21 vårt
295 1134 51 21 land
364 1134 49 22 med
431 1135 50 22 dess
500 1135 64 28 ringa
584 1135 127 29 befolkning
726 1136 42 21 och
783 1136 53 28 föga

85 1168 129 22 utvecklade
229 1168 105 27 industri,
349 1169 34 21 för
398 1168 65 22 hvars
479 1168 69 22 behof
560 1169 25 21 af
597 1170 132 28 omsättning
744 1170 41 20 den
802 1174 33 16 se-

86 1202 139 22 delemission
243 1202 107 22 Finlands
369 1202 58 22 bank
445 1203 42 21 kan
503 1202 86 29 besörja
605 1204 24 20 är
643 1203 50 21 fullt
707 1203 127 29 tillräcklig.

86 1236 43 22 Om
147 1244 49 14 man
214 1237 82 27 dertill;
315 1237 72 21 såsom
406 1237 34 29 sig
454 1237 48 27 bör,
521 1237 58 21 afser
599 1240 32 18 att
644 1237 104 21 Finlands
764 1236 70 23 banks

85 1270 117 30 tillgångar
220 1271 73 21 blifvit
311 1266 103 26 anvisade
434 1271 33 21 till
485 1271 148 28 hvarjehanda
651 1271 58 22 olika
724 1271 110 27 ändamål,

86 1305 24 21 så
125 1308 31 18 att
170 1305 37 21 vid
222 1304 42 22 den
280 1307 73 19 senast
368 1305 91 21 emellan
474 1305 87 22 banken
577 1306 40 20 och
634 1305 131 22 statsverket
778 1312 56 22 upp-

84 1340 84 21 rättade
183 1339 68 29 ligvid
266 1339 42 22 den
323 1340 58 20 förra
396 1340 55 28 egde
467 1343 31 18 ett
513 1340 204 28 tillgodohafvande
729 1340 25 21 af
765 1340 69 28 något

84 1381 45 13 mer
147 1374 27 20 än
190 1372 90 28 747,000
295 1374 71 26 rubel;
384 1378 60 17 utom
464 1374 41 21 den
521 1374 56 21 ifrån
592 1374 85 21 banken
691 1374 67 22 redan
774 1374 60 20 bort-

84 1410 67 26 tagna
165 1407 153 29 grundfonden
333 1408 24 20 af
370 1408 92 27 285,000
477 1408 72 26 rubel,
565 1410 56 19 samt
635 1411 42 24 att,
693 1408 68 29 enligt
775 1408 59 22 hvad

83 1442 25 21 af
126 1442 130 29 regeringen
275 1442 136 30 föreslagits,
430 1442 65 22 äfven
514 1442 109 30 framgent
639 1443 78 27 44,000
734 1442 62 22 rubel
810 1442 26 22 af
