1039 1773
794 154 27 21 55

94 217 26 21 af
131 224 29 14 en
177 216 74 29 hastig
266 216 126 22 realisation
408 217 24 21 af
445 216 116 22 desamma.
591 216 35 22 En
640 216 47 23 kris
701 216 44 22 kan
760 216 90 23 inträffa

95 250 40 22 här
153 251 72 21 såsom
244 250 153 27 annorstädes,
417 250 91 22 hvilken
527 251 79 21 sänker
625 251 64 21 deras
704 250 67 22 värde
786 251 63 21 tiotal

95 287 101 26 procent,
212 288 16 18 t.
242 292 33 14 ex.
291 284 69 22 under
374 284 61 30 krig,
452 285 24 21 så
493 288 41 25 att,
549 286 29 20 då
592 285 27 21 de
634 286 59 21 förut
709 286 53 20 stått
772 285 34 21 till
822 286 26 20 95

95 322 101 25 procent,
211 319 26 21 de
250 319 78 28 sjunka
340 319 34 21 till
385 319 27 21 70
425 322 98 25 procent.
553 320 46 21 Det
609 319 62 22 heter
682 320 8 20 i
701 319 149 21 betänkandet

96 356 31 18 att
138 353 54 21 efter
203 353 58 21 hand
273 361 47 13 som
331 353 113 28 primitiva
455 354 94 21 fondens
561 354 118 28 tillgångar
686 353 88 29 inflyta,
786 354 62 21 skola

93 386 29 22 de
137 387 140 21 konverteras
291 387 35 21 till
357 387 88 22 Finlands
461 388 240 28 hypotheksförenings
714 388 55 22 eller
778 388 70 22 andra

94 421 67 21 säkra
175 422 157 21 räntebärande
348 421 153 29 obligationer.
531 422 44 29 Jag
595 422 69 22 skulle
683 422 96 22 derifrån
792 422 55 29 vilja

93 456 97 21 utesluta
208 456 78 22 orden:
303 456 118 22 ”Finlands
440 456 239 29 hypotheksförenings
699 457 53 21 eller
767 457 79 21 andra?

94 490 44 21 och
156 491 115 28 inbegripa
289 491 65 21 äfven
372 491 66 21 dessa
460 490 147 30 obligationer
624 490 69 22 under
712 486 86 38 samma,
807 498 39 18 ru-

96 524 49 22 brik
160 532 47 14 som
222 525 26 21 de
264 525 73 21 andra.

164 570 58 22 Herr
236 570 165 22 Dahlström:
422 570 79 22 Under
513 571 81 21 sådana
604 571 187 28 omständigheter
800 571 46 22 kan

91 606 41 27 jag
147 606 18 27 cj
181 605 69 22 förstå
264 608 75 24 annat,
354 606 28 20 än
398 607 32 19 att
443 605 87 22 banken
544 605 9 21 i
567 605 102 22 afseende
685 605 12 21 å
709 605 60 22 såväl
780 605 65 22 dessa

94 647 50 14 som
162 640 67 21 andra
245 640 148 28 obligationer
412 639 40 22 bör
469 639 98 29 iakttaga
586 639 41 22 den
645 639 152 29 försigtighet,
813 643 33 18 att

95 676 79 26 genast
188 674 115 21 förvandla
318 673 48 22 dem
381 673 34 22 till
431 674 76 21 silfver
521 674 43 21 och
578 673 87 22 förvara
680 673 60 22 detta
753 673 9 21 i
776 673 69 22 hvalf-
868 696 2 6 ,

95 715 50 14 ven.
176 707 57 22 Man
253 707 70 22 skulle
342 707 126 29 derigenom
486 708 122 28 förebygga
625 707 42 22 den
685 707 101 22 befarade
801 707 45 22 för-

95 741 81 28 lusten,
188 749 48 14 men
246 742 104 28 derjemte
363 741 101 29 uppofira
473 742 44 21 den
528 743 72 26 ränta,
613 749 46 14 som
671 741 173 29 obligationerne

94 775 60 22 bära.
191 776 45 21 För
252 776 70 28 öfrigt
339 776 42 21 kan
400 776 37 21 det
455 777 152 27 supponerade
624 775 115 22 kursfallet
755 776 90 21 inträffa

93 810 46 21 Tika
150 811 36 21 väl
196 811 48 20 med
256 810 125 27 utländska,
394 817 47 14 som
452 810 50 21 med
512 810 268 29 hypotheksföreningens
790 810 54 22 obli-

92 845 112 28 gationer;
219 845 26 20 de
258 846 40 20 äro
311 845 24 27 ju
351 844 43 21 alla
408 844 160 22 underkastade
583 852 81 14 samma
678 845 49 21 öde.

160 890 62 21 Herr
239 890 90 21 Malm:
356 890 50 22 Den
425 890 24 21 af
464 890 50 22 herr
536 890 74 23 Wolff
626 890 130 22 omnämnda
771 891 73 21 vädan

95 924 41 22 bör
153 924 48 21 icke
220 924 138 27 förutsättas,
378 927 27 25 ty
424 924 173 29 obligationerne
615 924 91 22 kursera
723 924 120 29 vanligtvis

93 958 28 22 sä
133 960 71 27 jemnt
223 958 27 28 pä
269 958 113 27 börserne,
405 961 32 18 att
457 958 28 22 de
505 958 48 22 icke
571 958 103 22 differera
693 958 28 29 pä
737 966 59 14 mera
816 960 28 20 än

95 1000 28 14 en
138 992 48 22 half
197 996 99 24 procent.
325 992 79 21 Under
418 1000 27 14 en
461 992 45 22 kris
522 993 46 21 äter
582 993 83 28 hjelpes
677 993 68 21 saken
756 992 88 22 dermed

95 1029 32 19 att
140 1034 50 14 man
205 1026 54 22 läter
274 1027 172 28 obligationerne
457 1026 70 28 hvila,
543 1027 44 21 tills
601 1028 71 20 krisen
688 1028 23 20 är
723 1026 121 22 öfverstän-

93 1060 44 22 den
152 1060 42 22 och
208 1060 26 21 de
250 1060 46 21 äter
307 1061 93 27 uppgätt
410 1061 34 21 till
460 1062 39 20 sitt
509 1062 57 20 rätta
581 1061 76 27 värde;
669 1073 28 4 —
709 1061 26 21 de
750 1060 94 22 behöfva

91 1096 26 27 ju
129 1096 19 27 ej
160 1094 136 29 nödvändigt
306 1095 102 28 försäljas
417 1095 36 21 till
463 1095 124 29 underpris.
613 1096 44 28 Jag
668 1095 106 22 vidhäller
784 1096 59 29 förty

94 1130 46 20 min
154 1129 66 21 redan
235 1129 95 21 uttalade
344 1129 95 29 mening.

162 1174 60 22 Herr
237 1174 93 22 Wolff:
352 1174 113 22 Måhända
480 1182 39 14 var
534 1175 49 21 mitt
597 1175 100 28 yttrande
713 1176 18 27 ej
747 1175 97 21 tillräck-

94 1209 42 28 ligt
150 1208 64 22 klart.
241 1208 47 29 Jag
303 1209 50 21 ville
368 1209 49 21 icke
433 1210 92 21 allenast
540 1210 119 27 medgifva,
675 1213 52 17 utan
743 1209 42 21 ock
800 1210 43 21 för-

93 1243 56 21 orda
165 1243 112 28 primitiva
295 1243 93 21 fondens
404 1243 155 29 konvertering
575 1244 33 20 till
623 1243 221 28 hypotheksförenin-

93 1284 54 21 gens
163 1277 151 28 obligationer.
343 1278 45 20 Det
400 1278 24 20 är
434 1277 79 21 endast
525 1278 163 28 bestämningen
701 1280 32 18 att
741 1277 29 21 de
782 1277 62 22 skola

91 1311 115 21 användas
224 1311 33 21 till
276 1311 90 29 uppköp
386 1311 24 21 af
426 1312 81 26 silfver,
527 1319 47 14 som
592 1312 42 21 hos
653 1312 45 28 mig
713 1311 80 21 väcker
808 1312 35 20 be-

92 1345 154 28 tänkligheter.
283 1345 50 21 Kan
352 1346 86 21 banken
460 1346 86 21 behålla
563 1346 65 21 dessa
647 1346 145 28 obligationer
810 1346 33 21 till

92 1379 87 21 hvilket
196 1379 82 29 belopp
294 1387 49 14 som
362 1380 67 27 helst,
449 1380 24 21 sä
490 1381 25 20 är
530 1380 37 21 det
583 1380 140 29 naturligtvis
742 1388 26 14 en
783 1381 60 20 vinst

91 1414 37 20 för
142 1413 96 26 banken;
251 1421 50 13 men
317 1414 63 21 skola
395 1414 26 21 de
438 1414 159 29 ögonblickligt
612 1415 125 21 förvandlas
752 1414 34 21 till
796 1415 48 21 silf-

92 1455 47 19 ver,
153 1448 26 21 sä
192 1448 44 21 kan
248 1448 66 21 deraf
326 1448 53 28 följa
391 1456 29 13 en
436 1452 47 18 stor
497 1448 85 22 förlust.
