1039 1773
213 142 26 20 52

184 205 64 21 hafva
264 205 49 21 dess
331 205 34 21 län
382 205 112 29 upptagits
511 205 57 20 inom
585 204 82 26 landet,
688 204 40 22 och
745 204 27 22 de
788 204 68 29 derpä
872 205 67 21 atfär-

184 240 54 20 dade
258 240 145 28 obligationer
422 240 74 20 kunna
515 238 46 22 allr?
570 239 67 21 minst
652 239 72 27 lämpa
740 239 34 28 sig
789 239 34 21 för
838 240 102 20 ändamä-

184 274 36 21 let.
253 274 66 20 Helst
338 274 71 20 skulle
426 275 38 27 jag
483 281 22 13 se
522 276 31 18 att
569 273 71 21 dertill
658 273 111 21 användas
786 274 153 28 obligationer,

184 316 48 13 som
248 308 75 20 lättast
338 308 73 20 kunna
426 308 142 20 konverteras
585 307 31 21 till
630 307 75 21 siltver
718 307 52 21 eller
782 308 108 21 metallisk
903 316 37 13 va-

184 342 46 20 luta
246 342 5 21 i
268 342 123 21 allmänhet.

253 376 58 20 Herr
323 376 148 21 Hackman:
491 376 44 28 Jag
546 376 37 21 vill
596 376 101 28 tillägga,
710 379 32 17 att
757 376 3 20 i
772 376 102 22 händelse
888 377 50 20 våra

185 410 212 28 myntförhällanden
415 410 68 21 blifva
503 410 121 28 reglerade,
646 410 24 20 sä
689 410 88 21 komma
792 411 35 20 väl
843 411 41 21 ock
900 411 39 27 hy-

185 444 235 29 putheksföreningens
437 444 27 28 på
479 444 67 21 finskt
558 448 62 24 mynt
633 444 104 21 utställda
749 444 145 29 obligationer
907 448 32 18 att

186 479 27 28 gå
232 479 5 20 i
258 478 98 22 utlandet
376 479 40 21 och
436 479 38 20 der
489 478 74 21 kunna
582 479 65 27 säljas
663 479 49 20 med
728 479 77 21 fördel.
839 479 44 28 Jag
899 480 40 20 har

186 516 42 19 sett
247 513 64 21 dessa
330 513 145 28 obligationer
493 512 66 21 redan
580 513 69 20 under
668 513 102 21 sistlidne
786 520 94 15 sommar
895 514 43 21 för-

185 551 70 24 yttras
270 548 8 20 i
294 547 121 28 Hamburg.

253 581 58 22 Herr
326 581 89 22 Malin:
440 581 43 28 Jag
499 581 67 21 måste
582 581 127 28 ytterligare
725 581 113 22 framhålla
853 582 36 21 det
902 589 36 14 oe-

186 616 97 28 gentliga
298 616 55 27 deri,
373 618 32 18 att
419 615 268 28 hypotheksföreningens
703 615 153 28 obligationer,
872 624 68 19 grun-

186 649 54 22 dade
256 649 28 28 pä
299 649 103 22 säkerhet
416 650 8 20 i
439 649 41 21 den
495 649 70 21 finska
578 649 88 28 jorden,
682 649 50 21 icke
747 649 68 22 skulle
828 658 63 13 anses
903 651 37 20 för

186 691 37 14 oss
243 684 67 21 hafva
325 684 45 21 lika
386 686 56 19 stort
456 683 77 27 värde,
553 691 47 14 som
616 683 76 27 andra,
712 684 124 21 utomlands
853 685 84 27 utgifna

186 718 152 28 obligationer.
367 717 274 29 Hypotleksföreningens
654 718 146 28 obligationer
815 719 79 26 måste,
910 719 28 21 dä

186 752 26 21 de
228 752 86 29 engång
329 753 86 20 komma
430 755 31 18 att
476 752 89 20 kursera
577 752 28 27 på
617 751 116 22 utländska
745 752 82 27 börser,
843 753 95 21 ovilkor-

185 786 60 29 ligen
253 786 89 28 erbjuda
351 794 36 13 oss
396 793 27 14 en
431 786 69 21 bättre
510 785 111 27 säkerhet,
629 787 28 19 än
666 786 117 21 utländska
791 789 146 26 statspapper.

254 820 58 21 Herr
327 820 132 21 Juselius:
479 819 110 27 Orsaken,
601 819 103 22 hvarföre
717 819 218 29 bypotheksförenin-

186 862 54 21 gens
256 855 145 28 obligationer
417 855 18 26 ej
452 855 37 20 äro
505 853 48 21 fullt
569 853 139 21 användbara
723 854 35 21 för
772 854 164 29 ifrågavarande

186 889 108 27 ändamål,
314 889 71 29 ligger
404 889 56 26 deri,
480 891 31 18 att
530 888 26 20 de
575 889 19 27 ej
614 888 73 20 kunna
707 888 49 21 med
775 888 100 27 säkerhet
893 889 44 21 för-

187 924 90 20 vandlas
293 924 33 20 till
338 923 120 28 penningar
470 922 45 21 förr
527 923 26 20 än
566 922 54 21 efter
633 922 26 20 43
673 922 31 21 år.
735 922 119 22 Dessutom
866 924 24 20 är
901 923 37 21 det

187 958 95 26 osäkert,
302 957 106 21 huruvida
426 956 139 28 föreningens
586 956 111 21 tilltänkta
716 956 116 22 utländska
850 957 35 21 lån
900 958 39 20 nå-

186 992 80 28 gonsin
282 992 96 20 kommer
394 993 31 19 att
441 991 184 27 uppnegocieras,
642 998 49 14 men
708 990 26 22 de
746 992 125 20 nuvarande
884 992 55 20 obli-

186 1026 126 28 gationerne
329 1025 61 21 skola
405 1025 59 21 dock
479 1025 133 21 fortfarande
627 1025 88 21 befinna
731 1026 34 28 sig
780 1026 7 20 i
803 1026 88 20 rörelse.

254 1060 59 20 Herr
328 1054 149 33 Öhrnberg:
500 1059 45 28 Jag
560 1059 39 21 vill
614 1059 7 21 i
634 1059 118 29 anledning
765 1060 23 20 af
798 1060 48 20 herr
858 1060 80 21 Juselii

186 1094 111 28 yttrande,
318 1093 102 21 anmärka
439 1093 104 21 hurusom
559 1093 42 21 alla
617 1094 158 21 räntebärande
794 1094 145 28 obligationer

186 1129 37 19 äro
242 1128 24 20 af
283 1128 41 21 den
339 1127 162 28 beskaffenhet,
521 1130 31 18 att
570 1135 49 13 man
639 1128 19 28 ej
678 1128 43 20 kan
737 1128 34 21 för
786 1128 49 21 dem
850 1132 88 24 prompt

186 1162 82 21 erhålla
283 1161 109 21 metallisk
407 1162 82 25 valuta;
505 1161 56 21 blott
575 1169 80 21 genom
670 1165 33 18 att
713 1162 55 28 sälja
780 1162 41 21 och
833 1163 106 21 öfverlåta

186 1196 59 27 dem,
262 1196 38 21 allt
316 1196 102 21 eftersom
434 1196 26 20 de
475 1196 83 28 åtnjuta
573 1196 136 26 förtroende,
730 1196 44 21 kan
788 1196 34 21 för
838 1197 48 21 dem
902 1204 36 14 va-

186 1230 46 21 luta
245 1230 122 22 realiseras.
396 1229 106 22 Hvarken
518 1230 116 21 utländska
649 1232 140 26 statspapper
804 1230 53 22 eller
869 1230 71 29 hypo-

186 1264 205 28 theksföreningens
411 1264 145 28 obligationer
574 1264 74 21 kunna
667 1265 41 19 när
724 1272 47 14 som
786 1264 58 22 helst
858 1264 81 28 produ-

186 1305 60 14 ceras
262 1298 40 21 hos
319 1298 126 21 utställaren
460 1297 49 22 med
522 1298 96 28 anspräk
629 1301 32 17 att
674 1298 25 20 af
707 1298 81 21 honom
800 1298 138 22 utbekomma

186 1332 62 21 deras
264 1332 66 21 värde
342 1332 7 20 i
362 1332 82 21 silfver.
473 1332 50 28 Mig
535 1339 66 21 synes
615 1332 50 21 herr
676 1331 71 22 Malm
758 1332 66 21 hafva
835 1332 104 22 tillfreds-

186 1366 107 21 ställande
305 1366 105 21 förklarat
422 1368 32 18 att
465 1365 268 29 hypotheksföreningens
742 1366 146 29 obligationer
895 1367 44 21 mä-

186 1403 32 18 ste
237 1400 87 21 komma
343 1400 7 20 i
369 1399 126 28 ätnjutande
514 1399 24 21 af
559 1400 112 21 enahanda
691 1399 125 22 förtroende
836 1408 48 14 som
905 1404 34 18 ut-

185 1434 93 21 ländska
296 1437 145 25 statspapper,
457 1433 24 22 sä
497 1436 60 19 snart
572 1433 258 31 hypotheksföreningen
842 1434 97 23 kommer
