1039 1773
785 146 43 22 243

175 207 72 23 Anser
266 206 86 23 ståndet
370 214 27 15 en
415 205 161 31 framställning
594 207 7 21 i
620 206 92 24 nämnde
730 208 57 29 syfte
802 208 54 23 böra

107 241 29 30 på
150 245 65 19 annat
230 243 44 20 sätt
287 242 144 22 formuleras?

176 276 34 21 De
226 284 46 14 som
287 275 70 23 önska
371 276 37 22 det
423 276 71 27 förra,
512 282 65 15 svara
589 273 104 31 jakande,
709 276 42 22 och
766 276 27 23 de
808 284 49 15 som

107 310 52 29 vilja
173 310 37 21 det
225 317 85 20 senare,
326 318 64 14 svara
404 310 106 21 nekande.

176 344 136 22 Besvarades
328 344 49 21 med
395 343 163 29 öfvervägande
577 343 160 29 röstpluralitet
752 343 106 29 jakande;

108 378 43 22 och
164 378 48 22 blef
224 378 83 22 således
324 378 118 22 utskottets
458 378 135 22 betänkande
609 378 7 21 i
631 378 70 22 denna
715 378 36 22 del
762 379 24 21 af
798 379 59 21 stån-

109 412 38 22 det
160 411 119 31 godkändt.

176 446 58 23 Herr
248 446 167 30 Tengström,
431 454 48 15 som
494 446 53 22 härå
557 446 94 29 begärde
663 446 73 30 ordet,
751 447 107 23 återhem-

109 481 49 22 tade
174 482 34 21 sin
222 482 60 21 förut
295 481 77 29 gjorda
385 481 163 28 framställning
563 481 80 27 derom,
659 484 32 19 att
701 482 87 22 ståndet
798 483 8 20 i
818 483 40 21 sitt

110 515 110 22 utlåtande
235 516 7 21 i
257 516 89 21 ärendet
364 515 69 22 skulle
449 515 69 22 uttala
532 515 42 22 den
589 515 67 29 åsigt,
671 518 32 19 att
717 516 141 22 oftaberörde

111 550 79 29 nådiga
208 550 129 29 förordning
355 551 26 20 af
396 550 42 21 den
455 549 26 22 12
497 549 113 22 december
625 550 56 21 1859
697 550 68 22 borde
780 550 34 21 till
828 550 30 21 all

109 583 59 23 kraft
182 583 42 22 och
239 583 80 23 verkan
338 583 134 30 upphäfvas,
492 586 55 19 samt
565 584 103 28 derjemte
686 586 59 26 yttra
760 584 34 29 sig
808 583 50 22 der-

111 618 49 28 hän,
176 621 31 19 att
222 619 85 21 ståndet
322 617 6 22 i
344 617 26 22 de
384 618 67 27 delar,
463 617 63 22 hvari
541 617 42 22 den
597 617 78 30 nådiga
690 618 168 29 propositionen

111 651 47 23 icke
173 652 73 22 blifvit
260 652 94 27 bifallen,
370 651 72 22 såvidt
456 652 69 29 angår
539 651 169 30 borgerskapets
723 653 135 28 privilegier,

111 687 36 22 för
159 687 49 21 dem
223 687 107 28 påräknar
343 685 65 30 helgd
424 685 24 22 af
460 686 115 29 grundlag.

179 718 58 24 Herr
251 720 98 22 Mölsä:
364 719 45 23 För
423 720 45 22 min
483 719 36 22 del
533 720 76 29 tycker
621 721 45 28 jag,
681 722 32 19 att
723 720 87 23 ståndet
821 728 38 22 ge-

112 763 51 14 nom
182 755 38 21 sitt
238 757 86 19 senaste
346 754 72 22 beslut
440 754 85 29 ganska
545 754 82 29 tydligt
649 754 77 22 uttalat
744 755 34 28 sig
795 755 8 21 i
820 755 38 22 det

111 789 68 28 syfte,
201 791 32 19 att
254 789 86 22 ståndet
361 796 63 14 anser
442 795 28 15 en
488 788 129 29 författning
639 789 31 20 uti
692 789 166 29 ifrågavarande

112 824 72 27 ämne,
203 823 75 22 såvida
296 822 41 23 den
355 823 97 22 kommer
467 825 32 19 att
514 822 70 21 delvis
599 822 110 29 upphäfva
728 822 130 31 borgerska-

113 860 48 26 pets
183 857 131 28 privilegier,
336 857 48 21 icke
402 857 53 21 böra
474 857 25 21 af
514 859 103 26 regenten
635 857 95 28 ensidigt
748 857 110 28 utfärdas,

113 892 101 21 hvarföre
229 891 72 29 någon
316 890 73 22 vidare
408 891 132 29 utläggning
555 890 24 22 af
591 891 91 22 nämnde
697 892 162 29 omständighet

112 925 48 22 icke
174 924 63 23 torde
252 932 52 15 vara
319 924 23 22 af
355 925 77 21 nöden.

180 959 60 22 Herr
254 959 168 29 Tengström:
444 959 12 21 I
471 958 39 23 fall
526 958 85 23 ståndet
625 959 48 22 icke
687 959 39 22 vill
741 960 119 30 godkänna

114 994 49 22 mitt
176 993 94 29 förslag,
284 994 43 21 kan
340 995 38 27 jag
391 994 142 28 naturligtvis
549 993 75 22 dervid
635 994 54 21 intet
699 994 98 29 tillgöra,
809 1003 51 14 men

111 1029 39 29 jag
166 1028 96 22 anbåller
280 1028 57 22 dock
356 1030 31 20 att
402 1028 139 28 proposition
556 1028 8 21 i
579 1028 118 29 anledning
715 1028 63 23 deraf
792 1029 68 22 måtte

113 1062 138 22 framställas.

182 1096 58 22 Herr
254 1096 148 22 talmannen
418 1095 135 24 framställde
568 1095 53 23 härå
631 1103 28 15 en
669 1096 25 23 så
703 1096 95 30 lydande
809 1105 51 21 pro-

115 1131 107 28 position:

183 1163 47 23 Vill
246 1163 86 23 ståndet
346 1164 33 22 till
395 1165 39 21 sitt
448 1164 111 23 utlåtande
573 1165 8 21 i
596 1164 89 23 ärendet
699 1165 75 22 vidare
787 1165 74 29 tilläg-

114 1207 38 21 ga,
170 1202 32 18 att
223 1200 51 20 enär
293 1198 85 22 ståndet
396 1206 80 21 genom
495 1200 48 20 sina
561 1199 72 22 beslut
646 1200 8 21 i
669 1199 67 22 saken
750 1198 111 30 uppoffrat

115 1235 81 21 största
214 1233 62 22 delen
292 1233 23 21 af
328 1233 48 21 sina
393 1233 134 29 privilegier,
549 1233 87 23 ståndet
654 1234 24 22 så
695 1233 88 29 mycket
802 1240 60 16 mera

113 1268 108 28 påräknar
236 1270 32 18 att
282 1267 41 21 den
338 1267 36 21 del
388 1267 24 21 af
424 1268 121 26 desamma,
559 1268 90 21 hvilken
665 1267 86 22 ståndet
767 1275 29 14 nu
811 1267 50 22 icke

113 1302 83 22 kunnat
214 1301 76 30 afsäga
304 1302 34 28 sig
356 1304 52 19 utan
426 1302 59 21 velat
504 1302 45 22 tills
564 1302 75 22 vidare
657 1309 120 20 reservera,
794 1302 68 22 måtte

113 1336 136 28 respekteras
264 1336 42 21 och
321 1335 103 22 förblifva
438 1336 39 21 vid
493 1336 34 21 sin
541 1336 67 29 helgd
622 1336 24 22 af
658 1336 120 28 grundlag?

180 1370 137 22 Besvarades
332 1370 48 21 med
396 1370 162 29 öfvervägande
576 1370 158 28 röstpluralitet
751 1370 109 27 nekande;

95 1405 27 21 "i
136 1404 54 29 följd
204 1404 80 22 hvaraf
298 1404 50 22 herr
362 1404 144 29 Tengströms
522 1405 7 21 i
545 1404 140 22 omförmälde
699 1404 68 22 måtto
782 1404 80 23 väckta

113 1439 83 28 förslag
211 1438 24 22 af
247 1438 86 22 ståndet
346 1438 149 26 förkastades;
512 1439 41 21 och
567 1438 84 23 beslöts
667 1439 102 29 slutligen
780 1440 32 20 att
823 1447 39 15 un-
