1039 1773
792 149 40 21 391

113 211 111 28 spanande
239 211 40 21 och.
296 214 64 17 annat
375 210 78 29 dylikt,
469 210 88 22 hvarom
574 211 39 21 allt
628 211 138 29 magistraten
775 212 89 28 lämpli-

113 249 49 25 gast
182 245 40 21 kan
242 244 128 22 undersöka.
407 244 32 22 På
458 244 69 28 grund
543 244 64 22 häraf
620 252 63 14 anser
694 246 45 28 jag,
756 250 31 18 att
802 246 60 22 såväl

114 280 31 22 in-
160 286 45 14 som
222 279 166 27 afmönstringar
404 279 51 21 böra
471 280 25 20 af
508 279 161 28 magistraterne
685 280 108 22 förrättas.

182 318 57 23 Herr
255 318 141 22 Sundman:
419 318 11 23 I
446 318 116 29 anledning
577 320 24 20 af
613 319 40 21 den
669 323 86 18 senaste
769 320 93 22 talarens

115 353 100 29 yttrande
230 354 37 20 vill
280 354 38 26 jag
334 353 6 20 i
356 352 101 22 afseende
472 352 12 21 å
499 352 38 28 på-
552 353 41 21 och
605 353 169 29 afmönstringen
786 354 78 21 erkän-

115 396 35 19 na,
165 391 31 19 att
211 388 49 21 dess
276 387 158 21 verkställande
449 387 56 21 inför
521 387 112 28 magistrat
647 388 18 28 ej
681 388 70 22 skulle
767 388 97 22 medföra

115 423 70 28 någon
204 422 120 28 olägenhet,
340 422 6 20 i
363 421 103 22 händelse
481 421 106 28 skeppare
602 421 54 28 egde
671 425 31 17 att
717 422 87 29 påkalla
819 430 45 14 ma-

115 457 115 28 gistratens
246 456 82 21 biträde
344 456 82 25 dervid,
443 456 38 20 när
495 455 37 22 det
547 463 51 14 vore
614 457 33 20 för
662 456 78 22 honom
753 457 110 29 lämpligt;

115 499 47 14 men
178 491 27 20 då
220 490 58 21 detta
293 491 18 27 ej
328 490 60 21 torde
405 490 66 21 blifva
487 489 123 28 händelsen,
626 493 49 18 utan
689 491 75 21 dervid
776 491 86 22 komma

116 528 31 19 att
165 525 61 28 tillgå
241 525 27 28 på
284 531 79 14 samma
379 525 41 20 sätt
436 531 45 14 som
497 523 115 28 härintills,
628 524 23 21 så
666 525 97 27 qvarstår
778 525 85 28 derige-

115 567 50 14 nom
180 559 41 21 den
236 559 91 22 nämnda
342 557 148 29 olägenheten.
525 557 12 21 I
552 557 27 22 de
595 558 81 21 mindre
691 558 99 21 städerne
806 565 56 14 sam-

116 593 111 22 manträda
245 593 161 28 magistraterne
421 599 26 14 en
463 592 52 22 eller
529 592 43 27 två,
588 592 7 21 i
611 592 138 29 Helsingfors
764 596 31 17 tre
811 593 52 28 gån-

116 635 39 21 ger
172 627 6 21 i
198 627 88 26 veckan,
305 626 39 21 och
361 627 67 20 oftare
444 626 71 21 kunna
531 626 83 21 således
630 626 62 21 dessa
708 627 156 28 förrättningar

116 662 47 22 icke
181 669 41 20 ega
240 668 53 20 rum,
316 660 74 21 medan
410 660 66 21 likväl
492 660 40 21 den
549 660 180 29 mellanliggande
744 661 58 21 tiden
818 661 44 21 kan

116 703 51 14 vara
189 695 80 29 dyrbar
290 695 33 20 för
345 698 31 18 ett
396 694 82 29 fartygs
498 694 108 29 afsegling
625 695 52 22 eller
692 695 105 28 lossning.
826 694 38 21 In-

115 730 41 21 och
178 729 247 28 afmönstringsdagarne
445 729 109 21 betraktas
573 728 108 22 dessutom
701 730 22 20 af
738 729 125 28 sjömännen

115 765 70 21 såsow
208 763 132 28 sjelfskrifna
363 762 101 29 fridagar,
487 763 28 28 på
538 763 73 21 hvilka
634 763 67 28 något
720 763 72 22 arbete
814 763 49 22 icke

115 799 109 26 förrättas,
246 797 40 22 och
309 797 45 23 ofta
376 805 43 20 nog
438 798 37 20 äro
494 797 26 21 de
539 797 6 20 i
565 797 104 29 följderne
687 797 64 22 deraf
763 798 57 21 ännu
835 805 27 14 en

114 833 52 21 eller
188 832 50 21 flere
260 831 66 28 dagar
349 831 137 23 förbindrade
506 835 31 17 att
555 831 83 21 inträda
657 831 7 24 i
684 832 65 28 tjenst
764 832 98 21 ombord.

115 867 45 23 För
174 867 67 27 öfrigt
255 867 37 20 äro
308 865 62 21 dessa
386 865 30 22 in-
432 865 39 20 och
488 865 167 29 afmönstringar
671 869 50 19 utan
736 865 29 22 all
777 866 85 28 verklig

115 905 61 25 nytta
194 900 41 22 och
254 900 116 29 betydelse,
389 903 23 25 ty
428 900 65 20 sedan
509 900 124 20 kontraktet
647 900 78 20 mellan
741 900 121 28 skepparen

115 936 41 21 och
172 934 102 30 sjöfolket
288 934 72 22 blifvit
374 934 101 22 affattadt
491 935 24 19 af
527 934 40 20 den
581 941 84 20 person,
678 941 45 14 som
735 934 67 28 enligt
814 934 49 21 kof-

116 969 194 28 ferdireglementet
328 968 23 20 är
366 968 70 21 dertill
454 968 95 27 behörig,
565 969 23 19 så
604 968 74 28 tyckes
693 968 37 21 det
745 976 51 13 vara
812 968 50 22 full-

115 1004 110 27 komligen
244 1002 138 28 öfverflödigt
398 1005 30 17 att
444 1002 133 21 kontraktets
593 1002 101 28 giltighet
710 1002 55 22 skall
781 1002 24 21 af
818 1010 44 13 ma-

115 1038 103 28 gistraten
233 1036 125 31 ytterligare
375 1036 113 21 bekräftas.
521 1036 110 28 Derjemte
647 1036 37 23 vill
697 1037 38 29 jag
751 1036 63 22 äfven
830 1044 32 13 er-

115 1072 54 26 inra,
188 1073 31 19 att
234 1069 230 28 kofferdireglementet
479 1070 40 21 och
535 1070 66 22 andra
617 1070 153 28 författningar
784 1070 79 28 stadga

116 1106 84 27 strängt
214 1112 76 14 ansvar
307 1104 33 20 för
355 1103 41 21 den
411 1104 144 24 waterschout
571 1104 51 20 eller
634 1104 228 28 skeppsombudsman,

116 1148 46 13 som
180 1138 79 22 tillåter
277 1138 71 21 dertill
366 1137 136 29 oberättigad
522 1146 77 20 person
618 1142 32 18 att
665 1138 86 29 begifva
766 1138 34 28 sig
816 1138 46 21 från

115 1174 78 21 landet.
222 1172 54 24 Sker
291 1172 77 21 sådant
382 1175 14 17 t.
412 1179 33 14 ex.
462 1172 47 21 med
526 1180 25 16 en
567 1172 6 21 i
590 1173 92 20 kronans
697 1173 66 27 tjenst
777 1173 86 21 anvärf-

115 1208 41 21 vad
176 1214 84 21 person,
279 1206 52 21 eller
350 1206 39 21 den
409 1213 46 14 som
470 1206 61 29 eljest
546 1208 23 20 är
584 1207 6 20 i
607 1207 35 21 det
657 1206 117 23 allmännas
790 1206 72 28 tjenst,

115 1243 25 21 så
158 1241 93 29 stadgas,
268 1244 31 17 att
314 1240 265 28 skeppsombudsmannen
597 1241 142 28 ovilkorligen
755 1240 54 21 skall
826 1248 36 13 an-

116 1276 69 22 skaffa
200 1282 68 15 annan
284 1282 78 20 person
378 1274 6 21 i
401 1275 53 26 hans
469 1275 62 21 ställe
547 1275 57 26 eller,
620 1282 33 14 om
670 1275 41 21 han
727 1274 36 21 det
778 1275 18 27 ej
812 1274 50 28 kan,

116 1310 51 28 sjelf
179 1310 72 27 intaga
266 1308 40 21 den
323 1308 97 22 afviknes
437 1309 64 27 plats.
532 1308 65 22 Hvad
613 1308 64 22 sedan
693 1308 169 22 hinderlöshets-

115 1344 141 27 utredningen
272 1342 107 27 beträffar,
398 1342 24 21 så
437 1350 62 20 synes
516 1342 70 22 denna
601 1343 72 21 kunna
687 1346 106 24 presteras
808 1343 54 21 lika-

115 1378 59 22 såväl
190 1377 38 21 hos
243 1376 177 27 waterschouten,
436 1384 45 14 som
497 1377 58 21 inför
567 1378 145 27 magistraten.
735 1376 128 22 Undersök-

115 1413 75 27 ningar
209 1419 33 13 om
261 1410 109 28 klagomål
389 1418 27 14 m.
432 1418 28 13 m.
477 1411 44 21 lära
537 1411 44 21 åter
597 1411 47 21 icke
659 1410 61 22 alltid
736 1411 23 21 så
775 1418 87 21 synner-

114 1447 57 28 ligen
194 1447 106 26 noggrant
323 1445 128 21 verkställas
470 1446 57 20 inför
545 1446 170 27 magistraterne,
735 1453 47 13 men
798 1446 63 21 äfven
