1039 1773
796 144 38 20 501

181 206 58 22 Herr
254 206 174 22 Grundfeldt:
458 206 11 20 1
485 206 152 22 hafvudsaken
653 206 94 22 biträder
761 208 37 31 jag
814 207 49 21 herr

114 239 111 22 Sundman
241 240 41 21 och
301 240 71 28 yrkar,
391 240 45 21 lika
455 240 49 21 med
524 240 97 21 bemälde
638 241 73 26 talare,
727 244 32 18 att
775 241 87 21 ståndet

113 276 20 27 ej
156 275 65 21 mätte
244 275 76 28 frängä
342 274 40 21 sitt
404 274 6 21 i
433 275 72 20 ämnet
523 274 66 21 redan
609 274 80 22 fattade
708 274 78 22 beslut.
817 274 46 22 Vid

115 308 121 22 kostnaden
252 310 33 20 för
300 308 150 23 handelsboks
465 308 129 22 karterande
610 309 68 21 fäster
686 310 37 27 jag
736 309 61 28 ringa
808 316 55 21 upp-

114 343 152 27 märksamhet,
286 351 47 13 men
354 343 24 21 sä
395 342 88 29 mycket
501 350 59 14 mera
579 343 36 21 vid
631 343 142 21 föreskriften
787 343 75 21 derom

113 381 32 18 att
164 377 133 27 handelsbok
316 377 83 28 årligen
419 376 55 22 skall
494 378 57 20 inför
567 377 162 22 vederbörande
744 377 119 22 auktoritet

113 415 85 24 upptes,
221 411 42 21 och
280 412 38 28 jag
336 419 62 14 anser
414 411 36 21 det
466 418 51 14 vara
532 412 6 20 i
555 411 79 29 högsta
649 412 54 28 grad
719 411 86 30 obilligt
820 412 41 24 och

113 444 115 31 obehörigt
242 448 32 19 att
289 446 76 21 sådant
381 445 55 23 skall
452 446 23 21 af
489 445 137 29 köpmannen
642 445 91 28 fordras,

181 486 57 27 Herr
254 485 154 23 Wesander:
430 485 72 22 Jemte
519 485 36 22 det
567 487 38 28 jag
621 486 88 26 alldeles
721 487 19 27 ej
753 486 42 21 kan
807 486 54 29 god-

111 521 72 26 känna
205 521 113 29 principen
337 528 35 19 om
391 520 149 25 handelsboks
560 520 192 29 beyisningskraft,
771 520 89 21 emedan

112 555 74 29 bvarje
208 553 54 30 affär
279 555 92 21 emellan
390 554 80 28 köpare
490 555 41 27 och
547 555 77 28 säljare
640 555 43 21 kan
697 556 111 28 uppgöras
824 563 36 20 ge-

111 598 50 13 nom
180 590 88 28 vanliga
286 589 217 27 skuldförbindelser,
522 589 39 21 der
579 590 121 28 penningar
715 587 34 24 för
765 589 96 27 tillfället

112 625 86 26 saknas,
221 631 64 14 anser
308 624 65 21 äfven
390 624 38 28 jag
446 626 32 19 att
497 623 136 22 handelsbok
648 625 19 27 ej
683 623 68 22 borde
767 623 93 23 behöfva

111 659 97 21 karteras
223 659 7 21 i
246 661 66 24 annat
330 657 45 28 fall,
390 658 28 26 än
434 657 27 22 då
476 657 42 26 den
534 661 78 27 upptes
628 657 72 28 såsom
716 658 72 29 bilaga
802 658 58 22 inför

111 694 63 21 rätta.
551 688 2 3 |

179 726 58 22 Herr
252 726 143 22 Sundman:
417 725 45 30 Jag
476 726 39 21 vill
531 727 70 20 erinra
617 726 49 21 herr
681 727 131 26 Wesander,
827 729 32 19 att

111 762 6 25 i
141 762 71 27 öppen
234 761 44 21 bod
300 761 82 21 infinna
400 761 34 28 sig
452 762 57 20 efter
524 760 57 22 hand
596 769 27 13 en
638 761 79 28 mängd
732 761 89 28 köpare,
837 762 24 20 af

111 796 73 26 hvilka
200 803 26 15 en
242 799 46 18 stor
304 795 34 21 del
353 795 57 38 köpa
425 795 27 28 på
467 795 78 27 kredit,
562 795 41 21 och
615 796 38 28 jag
670 799 44 18 tror
729 799 32 21 att
776 795 36 24 det
824 796 34 22 för

123 831 80 20 äljaren
226 829 70 22 skulle
317 829 52 21 falla
388 829 34 28 sig
440 829 84 28 ganska
543 830 60 21 svårt
617 832 32 18 att
663 829 24 21 af
702 829 73 28 hvarje
790 829 67 22 sådan

110 853 82 39 köpare
211 864 73 27 fordra
303 863 95 29 skriftlig
418 863 133 28 förbindelse
569 863 35 22 för
619 863 111 34 betalning
745 864 24 26 af
782 863 76 28 värdet

111 900 34 20 för
159 899 26 21 de
201 898 120 28 utborgade
337 906 98 13 varorna.

179 938 58 22 Herr
252 938 157 29 Bergstedt:
441 938 35 22 En
495 938 94 29 köpman
610 939 57 21 visar
682 938 7 21 i
705 938 117 22 allmänhet
837 939 19 27 ej

109 982 68 20 gerna
195 973 34 22 sin
244 972 135 28 handelsbak
395 972 96 28 hvarken
507 974 22 20 ät
547 973 41 21 den
603 980 41 14 ena
659 972 52 22 eller
725 972 41 27 den
782 972 74 22 andra,

109 1008 37 21 Nu
170 1008 40 20 blir
233 1007 42 21 han
298 1007 120 21 emellertid
439 1010 98 25 tvungen
557 1011 37 23 att,
613 1008 35 20 för
665 1010 32 24 att
715 1007 92 28 bespara
822 1008 34 27 sig

109 1042 51 28 sjelf
177 1041 31 22 tid
227 1041 41 22 och
287 1041 84 27 besvär,
390 1049 78 21 genom
489 1041 33 24 sin
539 1042 80 30 tjenare
636 1042 75 21 skicka
726 1032 130 38 handelsbo-

108 1076 42 21 ken
166 1076 32 21 till
213 1076 147 28 magistraten,
376 1075 39 21 der
430 1075 163 27 vederbörande
609 1075 83 22 således
709 1076 67 24 blifva
790 1076 7 23 i
813 1075 43 21 till-

108 1110 50 22 fälle
181 1114 32 21 att
234 1113 50 25 taga
306 1109 123 28 kännedom
448 1118 37 21 om
503 1110 82 27 bokens
605 1110 95 26 innehåll
716 1110 47 26 från
780 1110 75 27 början

109 1145 33 21 till
158 1145 50 21 slut.

176 1179 59 21 Herr
252 1178 97 22 Mölsä:
386 1178 127 23 Utskottets
537 1178 134 22 betänkande
696 1181 106 25 upptager
824 1181 32 18 att

108 1213 163 22 handelsboken
294 1213 39 21 bör
350 1213 106 28 uppvisas
475 1212 40 22 has
532 1214 141 27 magistraten
691 1212 37 21 vid
744 1212 74 28 början
834 1213 24 20 af

108 1248 74 28 hvarje
196 1248 32 26 år.
260 1248 50 21 Den
324 1247 119 22 innehåller
458 1247 27 21 då
500 1248 56 20 ännu
573 1248 61 25 intet,
650 1247 23 21 så
689 1249 31 18 att
735 1246 71 29 någon
822 1246 34 22 så-

107 1282 43 21 dan
166 1282 122 28 olägenhet,
304 1289 47 15 som
366 1282 51 27 herr
429 1281 119 29 Bergstedt
559 1281 89 27 befarat,
660 1281 47 21 icke
719 1288 65 20 synes
796 1280 60 22 kom-

107 1325 34 18 ma
156 1317 6 25 i
178 1316 67 29 fråga.

174 1350 59 22 Herr
247 1350 158 28 Bergstedt:
442 1350 145 28 Köpmannen
612 1349 75 29 plägar
710 1349 6 21 i
739 1349 117 21 allmänhet

106 1384 48 22 icke
170 1385 58 21 förse
244 1385 35 27 sig
294 1384 48 22 med
358 1392 28 21 ny
402 1384 136 22 handelsbok
553 1385 34 20 för
603 1384 74 28 hvarje
693 1384 30 26 är,
739 1386 51 18 utan
802 1383 53 24 läter

106 1419 77 22 endast
201 1418 59 22 häfta
278 1421 48 25 nytt
340 1426 84 20 papper
439 1418 33 21 till
487 1418 42 22 den
544 1418 72 29 gamla
631 1418 72 26 boken
719 1417 41 21 och
777 1416 78 30 begag-

105 1460 40 20 nar
159 1452 71 27 denna
245 1452 90 22 sålunda
350 1453 6 21 i
372 1452 78 29 många
466 1452 29 22 är.
