<?xml version="1.0" encoding="UTF-8"?>
<alto xmlns="http://www.loc.gov/standards/alto/ns-v3#" xmlns:xlink="http://www.w3.org/1999/xlink" xmlns:xsi="http://www.w3.org/2001/XMLSchema-instance" xsi:schemaLocation="http://www.loc.gov/standards/alto/ns-v3# http://www.loc.gov/alto/v3/alto-3-0.xsd">
	<Description>
		<MeasurementUnit>pixel</MeasurementUnit>
		<sourceImageInformation>
			<fileName>/tmp/tess_27csl1ts_input.PNG</fileName>
		</sourceImageInformation>
		<OCRProcessing ID="OCR_0">
			<ocrProcessingStep>
				<processingSoftware>
					<softwareName>tesseract 5.3.4</softwareName>
				</processingSoftware>
			</ocrProcessingStep>
		</OCRProcessing>
	</Description>
	<Layout>
		<Page WIDTH="1039" HEIGHT="1773" PHYSICAL_IMG_NR="0" ID="page_0">
			<PrintSpace HPOS="0" VPOS="0" WIDTH="1039" HEIGHT="1773">
				<ComposedBlock ID="cblock_0" HPOS="224" VPOS="130" WIDTH="43" HEIGHT="22">
					<TextBlock ID="block_0" HPOS="224" VPOS="130" WIDTH="43" HEIGHT="22">
						<TextLine ID="line_0" HPOS="224" VPOS="130" WIDTH="43" HEIGHT="22">
							<String ID="string_0" HPOS="224" VPOS="130" WIDTH="43" HEIGHT="22" WC="0.95" CONTENT="402"/>
						</TextLine>
					</TextBlock>
				</ComposedBlock>
				<ComposedBlock ID="cblock_1" HPOS="199" VPOS="190" WIDTH="757" HEIGHT="1272">
					<TextBlock ID="block_1" HPOS="199" VPOS="190" WIDTH="754" HEIGHT="306">
						<TextLine ID="line_1" HPOS="199" VPOS="190" WIDTH="753" HEIGHT="31">
							<String ID="string_1" HPOS="199" VPOS="199" WIDTH="58" HEIGHT="15" WC="0.94" CONTENT="mum"/><SP WIDTH="16" VPOS="199" HPOS="257"/>
							<String ID="string_2" HPOS="273" VPOS="192" WIDTH="41" HEIGHT="21" WC="0.96" CONTENT="och"/><SP WIDTH="15" VPOS="192" HPOS="314"/>
							<String ID="string_3" HPOS="329" VPOS="192" WIDTH="118" HEIGHT="22" WC="0.94" CONTENT="minimum."/><SP WIDTH="34" VPOS="192" HPOS="447"/>
							<String ID="string_4" HPOS="481" VPOS="190" WIDTH="81" HEIGHT="23" WC="0.95" CONTENT="Likaså"/><SP WIDTH="15" VPOS="190" HPOS="562"/>
							<String ID="string_5" HPOS="577" VPOS="198" WIDTH="63" HEIGHT="15" WC="0.95" CONTENT="anser"/><SP WIDTH="13" VPOS="198" HPOS="640"/>
							<String ID="string_6" HPOS="653" VPOS="191" WIDTH="38" HEIGHT="29" WC="0.95" CONTENT="jag"/><SP WIDTH="14" VPOS="191" HPOS="691"/>
							<String ID="string_7" HPOS="705" VPOS="191" WIDTH="98" HEIGHT="23" WC="0.96" CONTENT="försöket"/><SP WIDTH="15" VPOS="191" HPOS="803"/>
							<String ID="string_8" HPOS="818" VPOS="194" WIDTH="32" HEIGHT="20" WC="0.96" CONTENT="att"/><SP WIDTH="14" VPOS="194" HPOS="850"/>
							<String ID="string_9" HPOS="864" VPOS="192" WIDTH="88" HEIGHT="29" WC="0.96" CONTENT="inlägga"/>
						</TextLine>
						<TextLine ID="line_2" HPOS="199" VPOS="225" WIDTH="753" HEIGHT="30">
							<String ID="string_10" HPOS="199" VPOS="235" WIDTH="27" HEIGHT="14" WC="0.96" CONTENT="en"/><SP WIDTH="15" VPOS="235" HPOS="226"/>
							<String ID="string_11" HPOS="241" VPOS="226" WIDTH="90" HEIGHT="22" WC="0.96" CONTENT="mildare"/><SP WIDTH="17" VPOS="226" HPOS="331"/>
							<String ID="string_12" HPOS="348" VPOS="226" WIDTH="112" HEIGHT="29" WC="0.96" CONTENT="betydelse"/><SP WIDTH="14" VPOS="226" HPOS="460"/>
							<String ID="string_13" HPOS="474" VPOS="225" WIDTH="7" HEIGHT="22" WC="0.96" CONTENT="i"/><SP WIDTH="16" VPOS="225" HPOS="481"/>
							<String ID="string_14" HPOS="497" VPOS="234" WIDTH="74" HEIGHT="14" WC="0.93" CONTENT="senare"/><SP WIDTH="10" VPOS="234" HPOS="571"/>
							<String ID="string_15" HPOS="581" VPOS="230" WIDTH="128" HEIGHT="18" WC="0.91" CONTENT="momentets"/><SP WIDTH="12" VPOS="230" HPOS="709"/>
							<String ID="string_16" HPOS="721" VPOS="226" WIDTH="148" HEIGHT="29" WC="0.93" CONTENT="ordalydelse:"/><SP WIDTH="12" VPOS="226" HPOS="869"/>
							<String ID="string_17" HPOS="881" VPOS="228" WIDTH="71" HEIGHT="20" WC="0.91" CONTENT="”oför-"/>
						</TextLine>
						<TextLine ID="line_3" HPOS="200" VPOS="260" WIDTH="752" HEIGHT="28">
							<String ID="string_18" HPOS="200" VPOS="261" WIDTH="72" HEIGHT="27" WC="0.93" CONTENT="stånd,"/><SP WIDTH="21" VPOS="261" HPOS="272"/>
							<String ID="string_19" HPOS="293" VPOS="260" WIDTH="103" HEIGHT="22" WC="0.88" CONTENT="lättsinne"/><SP WIDTH="22" VPOS="260" HPOS="396"/>
							<String ID="string_20" HPOS="418" VPOS="260" WIDTH="53" HEIGHT="22" WC="0.93" CONTENT="eller"/><SP WIDTH="18" VPOS="260" HPOS="471"/>
							<String ID="string_21" HPOS="489" VPOS="260" WIDTH="197" HEIGHT="28" WC="0.89" CONTENT="obetänksamhet”,"/><SP WIDTH="18" VPOS="260" HPOS="686"/>
							<String ID="string_22" HPOS="704" VPOS="260" WIDTH="48" HEIGHT="22" WC="0.96" CONTENT="icke"/><SP WIDTH="19" VPOS="260" HPOS="752"/>
							<String ID="string_23" HPOS="771" VPOS="260" WIDTH="67" HEIGHT="22" WC="0.96" CONTENT="heller"/><SP WIDTH="16" VPOS="260" HPOS="838"/>
							<String ID="string_24" HPOS="854" VPOS="262" WIDTH="52" HEIGHT="21" WC="0.90" CONTENT="böra"/><SP WIDTH="14" VPOS="262" HPOS="906"/>
							<String ID="string_25" HPOS="920" VPOS="261" WIDTH="32" HEIGHT="21" WC="0.90" CONTENT="in-"/>
						</TextLine>
						<TextLine ID="line_4" HPOS="200" VPOS="294" WIDTH="753" HEIGHT="30">
							<String ID="string_26" HPOS="200" VPOS="296" WIDTH="67" HEIGHT="21" WC="0.96" CONTENT="verka"/><SP WIDTH="18" VPOS="296" HPOS="267"/>
							<String ID="string_27" HPOS="285" VPOS="296" WIDTH="29" HEIGHT="28" WC="0.97" CONTENT="på"/><SP WIDTH="18" VPOS="296" HPOS="314"/>
							<String ID="string_28" HPOS="332" VPOS="295" WIDTH="150" HEIGHT="29" WC="0.71" CONTENT="lagstiftarens"/><SP WIDTH="19" VPOS="295" HPOS="482"/>
							<String ID="string_29" HPOS="501" VPOS="294" WIDTH="105" HEIGHT="26" WC="0.96" CONTENT="omdöme,"/><SP WIDTH="16" VPOS="294" HPOS="606"/>
							<String ID="string_30" HPOS="622" VPOS="298" WIDTH="23" HEIGHT="25" WC="0.96" CONTENT="ty"/><SP WIDTH="16" VPOS="298" HPOS="645"/>
							<String ID="string_31" HPOS="661" VPOS="302" WIDTH="48" HEIGHT="14" WC="0.96" CONTENT="man"/><SP WIDTH="16" VPOS="302" HPOS="709"/>
							<String ID="string_32" HPOS="725" VPOS="294" WIDTH="33" HEIGHT="22" WC="0.96" CONTENT="får"/><SP WIDTH="15" VPOS="294" HPOS="758"/>
							<String ID="string_33" HPOS="773" VPOS="295" WIDTH="5" HEIGHT="20" WC="0.95" CONTENT="i"/><SP WIDTH="16" VPOS="295" HPOS="778"/>
							<String ID="string_34" HPOS="794" VPOS="295" WIDTH="82" HEIGHT="21" WC="0.96" CONTENT="sådana"/><SP WIDTH="13" VPOS="295" HPOS="876"/>
							<String ID="string_35" HPOS="889" VPOS="296" WIDTH="64" HEIGHT="21" WC="0.96" CONTENT="saker"/>
						</TextLine>
						<TextLine ID="line_5" HPOS="200" VPOS="328" WIDTH="752" HEIGHT="30">
							<String ID="string_36" HPOS="200" VPOS="330" WIDTH="21" HEIGHT="28" WC="0.96" CONTENT="ej"/><SP WIDTH="18" VPOS="330" HPOS="221"/>
							<String ID="string_37" HPOS="239" VPOS="338" WIDTH="53" HEIGHT="13" WC="0.93" CONTENT="vara"/><SP WIDTH="17" VPOS="338" HPOS="292"/>
							<String ID="string_38" HPOS="309" VPOS="329" WIDTH="143" HEIGHT="29" WC="0.92" CONTENT="oförståndig,"/><SP WIDTH="20" VPOS="329" HPOS="452"/>
							<String ID="string_39" HPOS="472" VPOS="329" WIDTH="112" HEIGHT="28" WC="0.96" CONTENT="lättsinnig"/><SP WIDTH="15" VPOS="329" HPOS="584"/>
							<String ID="string_40" HPOS="599" VPOS="329" WIDTH="53" HEIGHT="21" WC="0.93" CONTENT="eller"/><SP WIDTH="14" VPOS="329" HPOS="652"/>
							<String ID="string_41" HPOS="666" VPOS="328" WIDTH="147" HEIGHT="22" WC="0.88" CONTENT="obetänksam."/><SP WIDTH="32" VPOS="328" HPOS="813"/>
							<String ID="string_42" HPOS="845" VPOS="328" WIDTH="48" HEIGHT="23" WC="0.94" CONTENT="Och"/><SP WIDTH="13" VPOS="328" HPOS="893"/>
							<String ID="string_43" HPOS="906" VPOS="330" WIDTH="46" HEIGHT="28" WC="0.96" CONTENT="just"/>
						</TextLine>
						<TextLine ID="line_6" HPOS="201" VPOS="362" WIDTH="750" HEIGHT="29">
							<String ID="string_44" HPOS="201" VPOS="365" WIDTH="36" HEIGHT="21" WC="0.96" CONTENT="för"/><SP WIDTH="17" VPOS="365" HPOS="237"/>
							<String ID="string_45" HPOS="254" VPOS="367" WIDTH="32" HEIGHT="19" WC="0.93" CONTENT="att"/><SP WIDTH="17" VPOS="367" HPOS="286"/>
							<String ID="string_46" HPOS="303" VPOS="363" WIDTH="151" HEIGHT="22" WC="0.86" CONTENT="tillbakahälla"/><SP WIDTH="17" VPOS="363" HPOS="454"/>
							<String ID="string_47" HPOS="471" VPOS="363" WIDTH="70" HEIGHT="21" WC="0.93" CONTENT="denna"/><SP WIDTH="15" VPOS="363" HPOS="541"/>
							<String ID="string_48" HPOS="556" VPOS="362" WIDTH="174" HEIGHT="29" WC="0.91" CONTENT="oförståndighet"/><SP WIDTH="14" VPOS="362" HPOS="730"/>
							<String ID="string_49" HPOS="744" VPOS="362" WIDTH="41" HEIGHT="22" WC="0.93" CONTENT="och"/><SP WIDTH="15" VPOS="362" HPOS="785"/>
							<String ID="string_50" HPOS="800" VPOS="364" WIDTH="151" HEIGHT="22" WC="0.92" CONTENT="obetänksam-"/>
						</TextLine>
						<TextLine ID="line_7" HPOS="201" VPOS="397" WIDTH="751" HEIGHT="29">
							<String ID="string_51" HPOS="201" VPOS="399" WIDTH="38" HEIGHT="21" WC="0.96" CONTENT="het"/><SP WIDTH="17" VPOS="399" HPOS="239"/>
							<String ID="string_52" HPOS="256" VPOS="398" WIDTH="54" HEIGHT="21" WC="0.94" CONTENT="eller"/><SP WIDTH="13" VPOS="398" HPOS="310"/>
							<String ID="string_53" HPOS="323" VPOS="398" WIDTH="61" HEIGHT="21" WC="0.93" CONTENT="detta"/><SP WIDTH="15" VPOS="398" HPOS="384"/>
							<String ID="string_54" HPOS="399" VPOS="398" WIDTH="109" HEIGHT="26" WC="0.92" CONTENT="lättsinne,"/><SP WIDTH="15" VPOS="398" HPOS="508"/>
							<String ID="string_55" HPOS="523" VPOS="404" WIDTH="62" HEIGHT="14" WC="0.96" CONTENT="anser"/><SP WIDTH="13" VPOS="404" HPOS="585"/>
							<String ID="string_56" HPOS="598" VPOS="398" WIDTH="38" HEIGHT="28" WC="0.96" CONTENT="jag"/><SP WIDTH="16" VPOS="398" HPOS="636"/>
							<String ID="string_57" HPOS="652" VPOS="397" WIDTH="109" HEIGHT="21" WC="0.93" CONTENT="minimum"/><SP WIDTH="16" VPOS="397" HPOS="761"/>
							<String ID="string_58" HPOS="777" VPOS="398" WIDTH="47" HEIGHT="21" WC="0.91" CONTENT="icke"/><SP WIDTH="16" VPOS="398" HPOS="824"/>
							<String ID="string_59" HPOS="840" VPOS="398" WIDTH="52" HEIGHT="22" WC="0.93" CONTENT="böra"/><SP WIDTH="15" VPOS="398" HPOS="892"/>
							<String ID="string_60" HPOS="907" VPOS="398" WIDTH="45" HEIGHT="21" WC="0.92" CONTENT="för-"/>
						</TextLine>
						<TextLine ID="line_8" HPOS="200" VPOS="431" WIDTH="753" HEIGHT="29">
							<String ID="string_61" HPOS="200" VPOS="433" WIDTH="105" HEIGHT="21" WC="0.91" CONTENT="minskas."/><SP WIDTH="31" VPOS="433" HPOS="305"/>
							<String ID="string_62" HPOS="336" VPOS="431" WIDTH="66" HEIGHT="21" WC="0.94" CONTENT="Hvad"/><SP WIDTH="21" VPOS="431" HPOS="402"/>
							<String ID="string_63" HPOS="423" VPOS="432" WIDTH="114" HEIGHT="20" WC="0.93" CONTENT="maximum"/><SP WIDTH="18" VPOS="432" HPOS="537"/>
							<String ID="string_64" HPOS="555" VPOS="432" WIDTH="47" HEIGHT="20" WC="0.93" CONTENT="åter"/><SP WIDTH="14" VPOS="432" HPOS="602"/>
							<String ID="string_65" HPOS="616" VPOS="431" WIDTH="144" HEIGHT="28" WC="0.92" CONTENT="vidkommer,"/><SP WIDTH="15" VPOS="431" HPOS="760"/>
							<String ID="string_66" HPOS="775" VPOS="431" WIDTH="38" HEIGHT="21" WC="0.96" CONTENT="har"/><SP WIDTH="13" VPOS="431" HPOS="813"/>
							<String ID="string_67" HPOS="826" VPOS="432" WIDTH="38" HEIGHT="28" WC="0.93" CONTENT="jag"/><SP WIDTH="15" VPOS="432" HPOS="864"/>
							<String ID="string_68" HPOS="879" VPOS="432" WIDTH="19" HEIGHT="28" WC="0.93" CONTENT="ej"/><SP WIDTH="17" VPOS="432" HPOS="898"/>
							<String ID="string_69" HPOS="915" VPOS="431" WIDTH="38" HEIGHT="22" WC="0.92" CONTENT="nä-"/>
						</TextLine>
						<TextLine ID="line_9" HPOS="201" VPOS="465" WIDTH="340" HEIGHT="31">
							<String ID="string_70" HPOS="201" VPOS="471" WIDTH="40" HEIGHT="25" WC="0.96" CONTENT="got"/><SP WIDTH="14" VPOS="471" HPOS="241"/>
							<String ID="string_71" HPOS="255" VPOS="469" WIDTH="59" HEIGHT="20" WC="0.96" CONTENT="emot"/><SP WIDTH="14" VPOS="469" HPOS="314"/>
							<String ID="string_72" HPOS="328" VPOS="470" WIDTH="32" HEIGHT="18" WC="0.96" CONTENT="att"/><SP WIDTH="14" VPOS="470" HPOS="360"/>
							<String ID="string_73" HPOS="374" VPOS="465" WIDTH="37" HEIGHT="22" WC="0.93" CONTENT="det"/><SP WIDTH="15" VPOS="465" HPOS="411"/>
							<String ID="string_74" HPOS="426" VPOS="465" WIDTH="115" HEIGHT="22" WC="0.91" CONTENT="nedsättes."/>
						</TextLine>
					</TextBlock>
					<TextBlock ID="block_2" HPOS="200" VPOS="504" WIDTH="756" HEIGHT="645">
						<TextLine ID="line_10" HPOS="270" VPOS="504" WIDTH="682" HEIGHT="30">
							<String ID="string_75" HPOS="270" VPOS="504" WIDTH="60" HEIGHT="23" WC="0.95" CONTENT="Herr"/><SP WIDTH="12" VPOS="504" HPOS="330"/>
							<String ID="string_76" HPOS="342" VPOS="505" WIDTH="99" HEIGHT="22" WC="0.93" CONTENT="Mölsä:"/><SP WIDTH="34" VPOS="505" HPOS="441"/>
							<String ID="string_77" HPOS="475" VPOS="505" WIDTH="64" HEIGHT="22" WC="0.96" CONTENT="Hvad"/><SP WIDTH="19" VPOS="505" HPOS="539"/>
							<String ID="string_78" HPOS="558" VPOS="505" WIDTH="37" HEIGHT="22" WC="0.93" CONTENT="det"/><SP WIDTH="18" VPOS="505" HPOS="595"/>
							<String ID="string_79" HPOS="613" VPOS="505" WIDTH="122" HEIGHT="29" WC="0.60" CONTENT="subjektiva"/><SP WIDTH="15" VPOS="505" HPOS="735"/>
							<String ID="string_80" HPOS="750" VPOS="505" WIDTH="30" HEIGHT="21" WC="0.96" CONTENT="uti"/><SP WIDTH="17" VPOS="505" HPOS="780"/>
							<String ID="string_81" HPOS="797" VPOS="505" WIDTH="79" HEIGHT="23" WC="0.96" CONTENT="brottet"/><SP WIDTH="14" VPOS="505" HPOS="876"/>
							<String ID="string_82" HPOS="890" VPOS="506" WIDTH="7" HEIGHT="21" WC="0.93" CONTENT="i"/><SP WIDTH="16" VPOS="506" HPOS="897"/>
							<String ID="string_83" HPOS="913" VPOS="506" WIDTH="39" HEIGHT="21" WC="0.93" CONTENT="all-"/>
						</TextLine>
						<TextLine ID="line_11" HPOS="201" VPOS="539" WIDTH="752" HEIGHT="29">
							<String ID="string_84" HPOS="201" VPOS="539" WIDTH="88" HEIGHT="24" WC="0.74" CONTENT="mänket"/><SP WIDTH="22" VPOS="539" HPOS="289"/>
							<String ID="string_85" HPOS="311" VPOS="541" WIDTH="108" HEIGHT="26" WC="0.95" CONTENT="beträffar,"/><SP WIDTH="19" VPOS="541" HPOS="419"/>
							<String ID="string_86" HPOS="438" VPOS="543" WIDTH="46" HEIGHT="18" WC="0.96" CONTENT="tror"/><SP WIDTH="11" VPOS="543" HPOS="484"/>
							<String ID="string_87" HPOS="495" VPOS="541" WIDTH="40" HEIGHT="27" WC="0.96" CONTENT="jag"/><SP WIDTH="14" VPOS="541" HPOS="535"/>
							<String ID="string_88" HPOS="549" VPOS="543" WIDTH="32" HEIGHT="18" WC="0.96" CONTENT="att"/><SP WIDTH="14" VPOS="543" HPOS="581"/>
							<String ID="string_89" HPOS="595" VPOS="543" WIDTH="72" HEIGHT="18" WC="0.93" CONTENT="staten"/><SP WIDTH="14" VPOS="543" HPOS="667"/>
							<String ID="string_90" HPOS="681" VPOS="539" WIDTH="72" HEIGHT="22" WC="0.93" CONTENT="såsom"/><SP WIDTH="15" VPOS="539" HPOS="753"/>
							<String ID="string_91" HPOS="768" VPOS="540" WIDTH="121" HEIGHT="21" WC="0.90" CONTENT="straffmakt"/><SP WIDTH="14" VPOS="540" HPOS="889"/>
							<String ID="string_92" HPOS="903" VPOS="541" WIDTH="50" HEIGHT="20" WC="0.96" CONTENT="icke"/>
						</TextLine>
						<TextLine ID="line_12" HPOS="202" VPOS="574" WIDTH="751" HEIGHT="29">
							<String ID="string_93" HPOS="202" VPOS="575" WIDTH="41" HEIGHT="22" WC="0.96" CONTENT="bör"/><SP WIDTH="15" VPOS="575" HPOS="243"/>
							<String ID="string_94" HPOS="258" VPOS="575" WIDTH="72" HEIGHT="21" WC="0.93" CONTENT="kunna"/><SP WIDTH="15" VPOS="575" HPOS="330"/>
							<String ID="string_95" HPOS="345" VPOS="574" WIDTH="75" HEIGHT="21" WC="0.92" CONTENT="straffa"/><SP WIDTH="15" VPOS="574" HPOS="420"/>
							<String ID="string_96" HPOS="435" VPOS="574" WIDTH="118" HEIGHT="21" WC="0.92" CONTENT="detsamma"/><SP WIDTH="16" VPOS="574" HPOS="553"/>
							<String ID="string_97" HPOS="569" VPOS="574" WIDTH="8" HEIGHT="21" WC="0.95" CONTENT="i"/><SP WIDTH="15" VPOS="574" HPOS="577"/>
							<String ID="string_98" HPOS="592" VPOS="574" WIDTH="69" HEIGHT="21" WC="0.94" CONTENT="större"/><SP WIDTH="15" VPOS="574" HPOS="661"/>
							<String ID="string_99" HPOS="676" VPOS="574" WIDTH="56" HEIGHT="26" WC="0.96" CONTENT="män,"/><SP WIDTH="15" VPOS="574" HPOS="732"/>
							<String ID="string_100" HPOS="747" VPOS="575" WIDTH="27" HEIGHT="20" WC="0.93" CONTENT="än"/><SP WIDTH="12" VPOS="575" HPOS="774"/>
							<String ID="string_101" HPOS="786" VPOS="574" WIDTH="38" HEIGHT="21" WC="0.93" CONTENT="det"/><SP WIDTH="11" VPOS="574" HPOS="824"/>
							<String ID="string_102" HPOS="835" VPOS="575" WIDTH="118" HEIGHT="28" WC="0.91" CONTENT="uppträder"/>
						</TextLine>
						<TextLine ID="line_13" HPOS="202" VPOS="608" WIDTH="752" HEIGHT="29">
							<String ID="string_103" HPOS="202" VPOS="609" WIDTH="8" HEIGHT="22" WC="0.95" CONTENT="i"/><SP WIDTH="22" VPOS="609" HPOS="210"/>
							<String ID="string_104" HPOS="232" VPOS="612" WIDTH="58" HEIGHT="25" WC="0.93" CONTENT="yttre"/><SP WIDTH="21" VPOS="612" HPOS="290"/>
							<String ID="string_105" HPOS="311" VPOS="608" WIDTH="104" HEIGHT="29" WC="0.91" CONTENT="handling"/><SP WIDTH="22" VPOS="608" HPOS="415"/>
							<String ID="string_106" HPOS="437" VPOS="608" WIDTH="41" HEIGHT="21" WC="0.93" CONTENT="och"/><SP WIDTH="20" VPOS="608" HPOS="478"/>
							<String ID="string_107" HPOS="498" VPOS="608" WIDTH="78" HEIGHT="21" WC="0.93" CONTENT="skadar"/><SP WIDTH="17" VPOS="608" HPOS="576"/>
							<String ID="string_108" HPOS="593" VPOS="608" WIDTH="114" HEIGHT="21" WC="0.90" CONTENT="samhället"/><SP WIDTH="18" VPOS="608" HPOS="707"/>
							<String ID="string_109" HPOS="725" VPOS="608" WIDTH="28" HEIGHT="27" WC="0.96" CONTENT="pä"/><SP WIDTH="19" VPOS="608" HPOS="753"/>
							<String ID="string_110" HPOS="772" VPOS="611" WIDTH="30" HEIGHT="18" WC="0.96" CONTENT="ett"/><SP WIDTH="18" VPOS="611" HPOS="802"/>
							<String ID="string_111" HPOS="820" VPOS="609" WIDTH="54" HEIGHT="21" WC="0.96" CONTENT="eller"/><SP WIDTH="13" VPOS="609" HPOS="874"/>
							<String ID="string_112" HPOS="887" VPOS="612" WIDTH="67" HEIGHT="17" WC="0.96" CONTENT="annat"/>
						</TextLine>
						<TextLine ID="line_14" HPOS="202" VPOS="641" WIDTH="750" HEIGHT="30">
							<String ID="string_113" HPOS="202" VPOS="644" WIDTH="51" HEIGHT="21" WC="0.84" CONTENT="sätt."/><SP WIDTH="30" VPOS="644" HPOS="253"/>
							<String ID="string_114" HPOS="283" VPOS="643" WIDTH="161" HEIGHT="28" WC="0.64" CONTENT="Brottslingens"/><SP WIDTH="15" VPOS="643" HPOS="444"/>
							<String ID="string_115" HPOS="459" VPOS="642" WIDTH="136" HEIGHT="21" WC="0.92" CONTENT="förderfvade"/><SP WIDTH="15" VPOS="642" HPOS="595"/>
							<String ID="string_116" HPOS="610" VPOS="645" WIDTH="71" HEIGHT="23" WC="0.93" CONTENT="natur,"/><SP WIDTH="14" VPOS="645" HPOS="681"/>
							<String ID="string_117" HPOS="695" VPOS="641" WIDTH="72" HEIGHT="22" WC="0.92" CONTENT="sävidt"/><SP WIDTH="15" VPOS="641" HPOS="767"/>
							<String ID="string_118" HPOS="782" VPOS="642" WIDTH="41" HEIGHT="21" WC="0.93" CONTENT="den"/><SP WIDTH="13" VPOS="642" HPOS="823"/>
							<String ID="string_119" HPOS="836" VPOS="643" WIDTH="46" HEIGHT="21" WC="0.93" CONTENT="icke"/><SP WIDTH="12" VPOS="643" HPOS="882"/>
							<String ID="string_120" HPOS="894" VPOS="643" WIDTH="58" HEIGHT="20" WC="0.93" CONTENT="trädt"/>
						</TextLine>
						<TextLine ID="line_15" HPOS="202" VPOS="676" WIDTH="750" HEIGHT="29">
							<String ID="string_121" HPOS="202" VPOS="677" WIDTH="9" HEIGHT="22" WC="0.95" CONTENT="i"/><SP WIDTH="18" VPOS="677" HPOS="211"/>
							<String ID="string_122" HPOS="229" VPOS="676" WIDTH="106" HEIGHT="29" WC="0.96" CONTENT="handling"/><SP WIDTH="17" VPOS="676" HPOS="335"/>
							<String ID="string_123" HPOS="352" VPOS="681" WIDTH="58" HEIGHT="17" WC="0.96" CONTENT="emot"/><SP WIDTH="17" VPOS="681" HPOS="410"/>
							<String ID="string_124" HPOS="427" VPOS="680" WIDTH="82" HEIGHT="18" WC="0.93" CONTENT="statens"/><SP WIDTH="14" VPOS="680" HPOS="509"/>
							<String ID="string_125" HPOS="523" VPOS="676" WIDTH="70" HEIGHT="28" WC="0.96" CONTENT="öfriga"/><SP WIDTH="15" VPOS="676" HPOS="593"/>
							<String ID="string_126" HPOS="608" VPOS="676" WIDTH="146" HEIGHT="27" WC="0.96" CONTENT="medlemmar,"/><SP WIDTH="15" VPOS="676" HPOS="754"/>
							<String ID="string_127" HPOS="769" VPOS="677" WIDTH="23" HEIGHT="20" WC="0.95" CONTENT="är"/><SP WIDTH="16" VPOS="677" HPOS="792"/>
							<String ID="string_128" HPOS="808" VPOS="676" WIDTH="54" HEIGHT="22" WC="0.93" CONTENT="hans"/><SP WIDTH="14" VPOS="676" HPOS="862"/>
							<String ID="string_129" HPOS="876" VPOS="677" WIDTH="76" HEIGHT="21" WC="0.91" CONTENT="ensak."/>
						</TextLine>
						<TextLine ID="line_16" HPOS="203" VPOS="707" WIDTH="751" HEIGHT="32">
							<String ID="string_130" HPOS="203" VPOS="707" WIDTH="132" HEIGHT="26" WC="0.95" CONTENT="Ändamålet"/><SP WIDTH="23" VPOS="707" HPOS="335"/>
							<String ID="string_131" HPOS="358" VPOS="714" WIDTH="32" HEIGHT="18" WC="0.93" CONTENT="att"/><SP WIDTH="21" VPOS="714" HPOS="390"/>
							<String ID="string_132" HPOS="411" VPOS="711" WIDTH="115" HEIGHT="28" WC="0.96" CONTENT="uppfostra"/><SP WIDTH="21" VPOS="711" HPOS="526"/>
							<String ID="string_133" HPOS="547" VPOS="710" WIDTH="79" HEIGHT="21" WC="0.96" CONTENT="honom"/><SP WIDTH="19" VPOS="710" HPOS="626"/>
							<String ID="string_134" HPOS="645" VPOS="717" WIDTH="79" HEIGHT="22" WC="0.93" CONTENT="genom"/><SP WIDTH="18" VPOS="717" HPOS="724"/>
							<String ID="string_135" HPOS="742" VPOS="710" WIDTH="132" HEIGHT="22" WC="0.86" CONTENT="straffinedel"/><SP WIDTH="15" VPOS="710" HPOS="874"/>
							<String ID="string_136" HPOS="889" VPOS="718" WIDTH="65" HEIGHT="15" WC="0.96" CONTENT="anser"/>
						</TextLine>
						<TextLine ID="line_17" HPOS="200" VPOS="744" WIDTH="753" HEIGHT="31">
							<String ID="string_137" HPOS="200" VPOS="746" WIDTH="41" HEIGHT="29" WC="0.96" CONTENT="jag"/><SP WIDTH="21" VPOS="746" HPOS="241"/>
							<String ID="string_138" HPOS="262" VPOS="753" WIDTH="51" HEIGHT="14" WC="0.96" CONTENT="vara"/><SP WIDTH="22" VPOS="753" HPOS="313"/>
							<String ID="string_139" HPOS="335" VPOS="745" WIDTH="90" HEIGHT="22" WC="0.96" CONTENT="alldeles"/><SP WIDTH="22" VPOS="745" HPOS="425"/>
							<String ID="string_140" HPOS="447" VPOS="745" WIDTH="34" HEIGHT="21" WC="0.93" CONTENT="för"/><SP WIDTH="22" VPOS="745" HPOS="481"/>
							<String ID="string_141" HPOS="503" VPOS="744" WIDTH="114" HEIGHT="29" WC="0.94" CONTENT="vanskligt."/><SP WIDTH="38" VPOS="744" HPOS="617"/>
							<String ID="string_142" HPOS="655" VPOS="744" WIDTH="45" HEIGHT="29" WC="0.94" CONTENT="Jag"/><SP WIDTH="18" VPOS="744" HPOS="700"/>
							<String ID="string_143" HPOS="718" VPOS="744" WIDTH="38" HEIGHT="21" WC="0.93" CONTENT="vill"/><SP WIDTH="19" VPOS="744" HPOS="756"/>
							<String ID="string_144" HPOS="775" VPOS="745" WIDTH="102" HEIGHT="21" WC="0.96" CONTENT="särskildt"/><SP WIDTH="18" VPOS="745" HPOS="877"/>
							<String ID="string_145" HPOS="895" VPOS="746" WIDTH="58" HEIGHT="21" WC="0.95" CONTENT="fästa"/>
						</TextLine>
						<TextLine ID="line_18" HPOS="204" VPOS="778" WIDTH="750" HEIGHT="29">
							<String ID="string_146" HPOS="204" VPOS="779" WIDTH="192" HEIGHT="28" WC="0.92" CONTENT="uppmärksamhet"/><SP WIDTH="21" VPOS="779" HPOS="396"/>
							<String ID="string_147" HPOS="417" VPOS="779" WIDTH="59" HEIGHT="26" WC="0.92" CONTENT="derä,"/><SP WIDTH="21" VPOS="779" HPOS="476"/>
							<String ID="string_148" HPOS="497" VPOS="782" WIDTH="32" HEIGHT="17" WC="0.96" CONTENT="att"/><SP WIDTH="21" VPOS="782" HPOS="529"/>
							<String ID="string_149" HPOS="550" VPOS="778" WIDTH="67" HEIGHT="21" WC="0.96" CONTENT="andra"/><SP WIDTH="18" VPOS="778" HPOS="617"/>
							<String ID="string_150" HPOS="635" VPOS="786" WIDTH="64" HEIGHT="13" WC="0.96" CONTENT="mom."/><SP WIDTH="16" VPOS="786" HPOS="699"/>
							<String ID="string_151" HPOS="715" VPOS="779" WIDTH="12" HEIGHT="20" WC="0.92" CONTENT="3"/><SP WIDTH="16" VPOS="779" HPOS="727"/>
							<String ID="string_152" HPOS="743" VPOS="779" WIDTH="12" HEIGHT="28" WC="0.90" CONTENT="&amp;"/><SP WIDTH="20" VPOS="779" HPOS="755"/>
							<String ID="string_153" HPOS="775" VPOS="779" WIDTH="25" HEIGHT="21" WC="0.96" CONTENT="af"/><SP WIDTH="14" VPOS="779" HPOS="800"/>
							<String ID="string_154" HPOS="814" VPOS="779" WIDTH="41" HEIGHT="21" WC="0.93" CONTENT="den"/><SP WIDTH="19" VPOS="779" HPOS="855"/>
							<String ID="string_155" HPOS="874" VPOS="779" WIDTH="80" HEIGHT="28" WC="0.96" CONTENT="nådiga"/>
						</TextLine>
						<TextLine ID="line_19" HPOS="204" VPOS="812" WIDTH="749" HEIGHT="30">
							<String ID="string_156" HPOS="204" VPOS="813" WIDTH="165" HEIGHT="29" WC="0.93" CONTENT="propositionen"/><SP WIDTH="15" VPOS="813" HPOS="369"/>
							<String ID="string_157" HPOS="384" VPOS="812" WIDTH="73" HEIGHT="29" WC="0.91" CONTENT="lyder:"/><SP WIDTH="14" VPOS="812" HPOS="457"/>
							<String ID="string_158" HPOS="471" VPOS="812" WIDTH="64" HEIGHT="21" WC="0.87" CONTENT="”Blef"/><SP WIDTH="12" VPOS="812" HPOS="535"/>
							<String ID="string_159" HPOS="547" VPOS="813" WIDTH="42" HEIGHT="20" WC="0.93" CONTENT="den"/><SP WIDTH="15" VPOS="813" HPOS="589"/>
							<String ID="string_160" HPOS="604" VPOS="812" WIDTH="105" HEIGHT="21" WC="0.96" CONTENT="tilltalade"/><SP WIDTH="13" VPOS="812" HPOS="709"/>
							<String ID="string_161" HPOS="722" VPOS="812" WIDTH="53" HEIGHT="21" WC="0.96" CONTENT="fälld"/><SP WIDTH="11" VPOS="812" HPOS="775"/>
							<String ID="string_162" HPOS="786" VPOS="813" WIDTH="34" HEIGHT="21" WC="0.96" CONTENT="till"/><SP WIDTH="12" VPOS="813" HPOS="820"/>
							<String ID="string_163" HPOS="832" VPOS="813" WIDTH="68" HEIGHT="27" WC="0.93" CONTENT="straff,"/><SP WIDTH="12" VPOS="813" HPOS="900"/>
							<String ID="string_164" HPOS="912" VPOS="813" WIDTH="41" HEIGHT="21" WC="0.96" CONTENT="och"/>
						</TextLine>
						<TextLine ID="line_20" HPOS="204" VPOS="846" WIDTH="750" HEIGHT="29">
							<String ID="string_165" HPOS="204" VPOS="847" WIDTH="84" HEIGHT="22" WC="0.96" CONTENT="straffet"/><SP WIDTH="18" VPOS="847" HPOS="288"/>
							<String ID="string_166" HPOS="306" VPOS="847" WIDTH="33" HEIGHT="21" WC="0.96" CONTENT="till"/><SP WIDTH="15" VPOS="847" HPOS="339"/>
							<String ID="string_167" HPOS="354" VPOS="847" WIDTH="55" HEIGHT="22" WC="0.96" CONTENT="fullo"/><SP WIDTH="15" VPOS="847" HPOS="409"/>
							<String ID="string_168" HPOS="424" VPOS="847" WIDTH="52" HEIGHT="21" WC="0.96" CONTENT="eller"/><SP WIDTH="14" VPOS="847" HPOS="476"/>
							<String ID="string_169" HPOS="490" VPOS="847" WIDTH="33" HEIGHT="20" WC="0.96" CONTENT="till"/><SP WIDTH="15" VPOS="847" HPOS="523"/>
							<String ID="string_170" HPOS="538" VPOS="847" WIDTH="72" HEIGHT="28" WC="0.96" CONTENT="någon"/><SP WIDTH="15" VPOS="847" HPOS="610"/>
							<String ID="string_171" HPOS="625" VPOS="846" WIDTH="35" HEIGHT="21" WC="0.93" CONTENT="del"/><SP WIDTH="16" VPOS="846" HPOS="660"/>
							<String ID="string_172" HPOS="676" VPOS="846" WIDTH="136" HEIGHT="27" WC="0.91" CONTENT="verkställdt,"/><SP WIDTH="14" VPOS="846" HPOS="812"/>
							<String ID="string_173" HPOS="826" VPOS="847" WIDTH="28" HEIGHT="21" WC="0.96" CONTENT="då"/><SP WIDTH="14" VPOS="847" HPOS="854"/>
							<String ID="string_174" HPOS="868" VPOS="847" WIDTH="34" HEIGHT="21" WC="0.96" CONTENT="må"/><SP WIDTH="14" VPOS="847" HPOS="902"/>
							<String ID="string_175" HPOS="916" VPOS="847" WIDTH="38" HEIGHT="22" WC="0.96" CONTENT="det"/>
						</TextLine>
						<TextLine ID="line_21" HPOS="204" VPOS="881" WIDTH="750" HEIGHT="29">
							<String ID="string_176" HPOS="204" VPOS="889" WIDTH="86" HEIGHT="19" WC="0.95" CONTENT="ansvar,"/><SP WIDTH="22" VPOS="889" HPOS="290"/>
							<String ID="string_177" HPOS="312" VPOS="889" WIDTH="47" HEIGHT="14" WC="0.96" CONTENT="som"/><SP WIDTH="23" VPOS="889" HPOS="359"/>
							<String ID="string_178" HPOS="382" VPOS="881" WIDTH="68" HEIGHT="29" WC="0.94" CONTENT="enligt"/><SP WIDTH="19" VPOS="881" HPOS="450"/>
							<String ID="string_179" HPOS="469" VPOS="881" WIDTH="10" HEIGHT="21" WC="0.89" CONTENT="I"/><SP WIDTH="20" VPOS="881" HPOS="479"/>
							<String ID="string_180" HPOS="499" VPOS="881" WIDTH="54" HEIGHT="21" WC="0.95" CONTENT="eller"/><SP WIDTH="16" VPOS="881" HPOS="553"/>
							<String ID="string_181" HPOS="569" VPOS="881" WIDTH="13" HEIGHT="21" WC="0.92" CONTENT="2"/><SP WIDTH="16" VPOS="881" HPOS="582"/>
							<String ID="string_182" HPOS="598" VPOS="881" WIDTH="13" HEIGHT="29" WC="0.92" CONTENT="&amp;"/><SP WIDTH="19" VPOS="881" HPOS="611"/>
							<String ID="string_183" HPOS="630" VPOS="881" WIDTH="13" HEIGHT="21" WC="0.90" CONTENT="å"/><SP WIDTH="16" VPOS="881" HPOS="643"/>
							<String ID="string_184" HPOS="659" VPOS="881" WIDTH="79" HEIGHT="21" WC="0.96" CONTENT="brottet"/><SP WIDTH="15" VPOS="881" HPOS="738"/>
							<String ID="string_185" HPOS="753" VPOS="881" WIDTH="51" HEIGHT="28" WC="0.96" CONTENT="följa"/><SP WIDTH="16" VPOS="881" HPOS="804"/>
							<String ID="string_186" HPOS="820" VPOS="881" WIDTH="47" HEIGHT="27" WC="0.96" CONTENT="bör,"/><SP WIDTH="13" VPOS="881" HPOS="867"/>
							<String ID="string_187" HPOS="880" VPOS="881" WIDTH="74" HEIGHT="22" WC="0.96" CONTENT="kunna"/>
						</TextLine>
						<TextLine ID="line_22" HPOS="204" VPOS="914" WIDTH="750" HEIGHT="30">
							<String ID="string_188" HPOS="204" VPOS="916" WIDTH="34" HEIGHT="21" WC="0.93" CONTENT="till"/><SP WIDTH="18" VPOS="916" HPOS="238"/>
							<String ID="string_189" HPOS="256" VPOS="916" WIDTH="90" HEIGHT="21" WC="0.93" CONTENT="tukthus"/><SP WIDTH="18" VPOS="916" HPOS="346"/>
							<String ID="string_190" HPOS="364" VPOS="916" WIDTH="7" HEIGHT="21" WC="0.96" CONTENT="i"/><SP WIDTH="15" VPOS="916" HPOS="371"/>
							<String ID="string_191" HPOS="386" VPOS="916" WIDTH="66" HEIGHT="28" WC="0.93" CONTENT="högst"/><SP WIDTH="15" VPOS="916" HPOS="452"/>
							<String ID="string_192" HPOS="467" VPOS="916" WIDTH="44" HEIGHT="20" WC="0.93" CONTENT="tolf"/><SP WIDTH="11" VPOS="916" HPOS="511"/>
							<String ID="string_193" HPOS="522" VPOS="916" WIDTH="25" HEIGHT="20" WC="0.96" CONTENT="år"/><SP WIDTH="14" VPOS="916" HPOS="547"/>
							<String ID="string_194" HPOS="561" VPOS="916" WIDTH="114" HEIGHT="28" WC="0.96" CONTENT="skärpas.”"/><SP WIDTH="35" VPOS="916" HPOS="675"/>
							<String ID="string_195" HPOS="710" VPOS="914" WIDTH="11" HEIGHT="22" WC="0.85" CONTENT="1"/><SP WIDTH="16" VPOS="914" HPOS="721"/>
							<String ID="string_196" HPOS="737" VPOS="915" WIDTH="101" HEIGHT="22" WC="0.96" CONTENT="händelse"/><SP WIDTH="15" VPOS="915" HPOS="838"/>
							<String ID="string_197" HPOS="853" VPOS="924" WIDTH="48" HEIGHT="13" WC="0.93" CONTENT="man"/><SP WIDTH="16" VPOS="924" HPOS="901"/>
							<String ID="string_198" HPOS="917" VPOS="924" WIDTH="37" HEIGHT="13" WC="0.91" CONTENT="an-"/>
						</TextLine>
						<TextLine ID="line_23" HPOS="204" VPOS="949" WIDTH="750" HEIGHT="30">
							<String ID="string_199" HPOS="204" VPOS="949" WIDTH="73" HEIGHT="30" WC="0.88" CONTENT="gifver"/><SP WIDTH="10" VPOS="949" HPOS="277"/>
							<String ID="string_200" HPOS="287" VPOS="957" WIDTH="26" HEIGHT="14" WC="0.96" CONTENT="en"/><SP WIDTH="12" VPOS="957" HPOS="313"/>
							<String ID="string_201" HPOS="325" VPOS="957" WIDTH="79" HEIGHT="21" WC="0.96" CONTENT="person"/><SP WIDTH="12" VPOS="957" HPOS="404"/>
							<String ID="string_202" HPOS="416" VPOS="950" WIDTH="35" HEIGHT="21" WC="0.96" CONTENT="för"/><SP WIDTH="11" VPOS="950" HPOS="451"/>
							<String ID="string_203" HPOS="462" VPOS="952" WIDTH="31" HEIGHT="19" WC="0.96" CONTENT="ett"/><SP WIDTH="14" VPOS="952" HPOS="493"/>
							<String ID="string_204" HPOS="507" VPOS="950" WIDTH="122" HEIGHT="28" WC="0.96" CONTENT="obetydligt"/><SP WIDTH="15" VPOS="950" HPOS="629"/>
							<String ID="string_205" HPOS="644" VPOS="950" WIDTH="67" HEIGHT="26" WC="0.96" CONTENT="brott,"/><SP WIDTH="13" VPOS="950" HPOS="711"/>
							<String ID="string_206" HPOS="724" VPOS="957" WIDTH="45" HEIGHT="13" WC="0.96" CONTENT="som"/><SP WIDTH="16" VPOS="957" HPOS="769"/>
							<String ID="string_207" HPOS="785" VPOS="950" WIDTH="19" HEIGHT="28" WC="0.96" CONTENT="ej"/><SP WIDTH="12" VPOS="950" HPOS="804"/>
							<String ID="string_208" HPOS="816" VPOS="950" WIDTH="84" HEIGHT="21" WC="0.96" CONTENT="medför"/><SP WIDTH="12" VPOS="950" HPOS="900"/>
							<String ID="string_209" HPOS="912" VPOS="950" WIDTH="42" HEIGHT="22" WC="0.96" CONTENT="den"/>
						</TextLine>
						<TextLine ID="line_24" HPOS="204" VPOS="984" WIDTH="750" HEIGHT="28">
							<String ID="string_210" HPOS="204" VPOS="984" WIDTH="81" HEIGHT="22" WC="0.92" CONTENT="minsta"/><SP WIDTH="17" VPOS="984" HPOS="285"/>
							<String ID="string_211" HPOS="302" VPOS="991" WIDTH="59" HEIGHT="20" WC="0.91" CONTENT="nesa,"/><SP WIDTH="15" VPOS="991" HPOS="361"/>
							<String ID="string_212" HPOS="376" VPOS="984" WIDTH="24" HEIGHT="21" WC="0.96" CONTENT="är"/><SP WIDTH="14" VPOS="984" HPOS="400"/>
							<String ID="string_213" HPOS="414" VPOS="984" WIDTH="38" HEIGHT="21" WC="0.96" CONTENT="det"/><SP WIDTH="14" VPOS="984" HPOS="452"/>
							<String ID="string_214" HPOS="466" VPOS="984" WIDTH="18" HEIGHT="28" WC="0.96" CONTENT="ej"/><SP WIDTH="17" VPOS="984" HPOS="484"/>
							<String ID="string_215" HPOS="501" VPOS="991" WIDTH="42" HEIGHT="21" WC="0.96" CONTENT="nog"/><SP WIDTH="16" VPOS="991" HPOS="543"/>
							<String ID="string_216" HPOS="559" VPOS="984" WIDTH="48" HEIGHT="21" WC="0.96" CONTENT="med"/><SP WIDTH="15" VPOS="984" HPOS="607"/>
							<String ID="string_217" HPOS="622" VPOS="987" WIDTH="31" HEIGHT="18" WC="0.96" CONTENT="att"/><SP WIDTH="15" VPOS="987" HPOS="653"/>
							<String ID="string_218" HPOS="668" VPOS="991" WIDTH="49" HEIGHT="14" WC="0.96" CONTENT="man"/><SP WIDTH="14" VPOS="991" HPOS="717"/>
							<String ID="string_219" HPOS="731" VPOS="984" WIDTH="77" HEIGHT="21" WC="0.95" CONTENT="dömes"/><SP WIDTH="13" VPOS="984" HPOS="808"/>
							<String ID="string_220" HPOS="821" VPOS="984" WIDTH="33" HEIGHT="21" WC="0.96" CONTENT="till"/><SP WIDTH="15" VPOS="984" HPOS="854"/>
							<String ID="string_221" HPOS="869" VPOS="992" WIDTH="27" HEIGHT="13" WC="0.93" CONTENT="en"/><SP WIDTH="15" VPOS="992" HPOS="896"/>
							<String ID="string_222" HPOS="911" VPOS="984" WIDTH="43" HEIGHT="22" WC="0.92" CONTENT="mä-"/>
						</TextLine>
						<TextLine ID="line_25" HPOS="204" VPOS="1018" WIDTH="751" HEIGHT="29">
							<String ID="string_223" HPOS="204" VPOS="1018" WIDTH="56" HEIGHT="22" WC="0.92" CONTENT="nads"/><SP WIDTH="18" VPOS="1018" HPOS="260"/>
							<String ID="string_224" HPOS="278" VPOS="1018" WIDTH="98" HEIGHT="28" WC="0.92" CONTENT="fängelse"/><SP WIDTH="18" VPOS="1018" HPOS="376"/>
							<String ID="string_225" HPOS="394" VPOS="1018" WIDTH="80" HEIGHT="27" WC="0.95" CONTENT="derför,"/><SP WIDTH="18" VPOS="1018" HPOS="474"/>
							<String ID="string_226" HPOS="492" VPOS="1020" WIDTH="24" HEIGHT="26" WC="0.96" CONTENT="ty"/><SP WIDTH="19" VPOS="1020" HPOS="516"/>
							<String ID="string_227" HPOS="535" VPOS="1025" WIDTH="34" HEIGHT="14" WC="0.96" CONTENT="om"/><SP WIDTH="15" VPOS="1025" HPOS="569"/>
							<String ID="string_228" HPOS="584" VPOS="1018" WIDTH="41" HEIGHT="21" WC="0.93" CONTENT="den"/><SP WIDTH="16" VPOS="1018" HPOS="625"/>
							<String ID="string_229" HPOS="641" VPOS="1018" WIDTH="87" HEIGHT="29" WC="0.92" CONTENT="angifne"/><SP WIDTH="17" VPOS="1018" HPOS="728"/>
							<String ID="string_230" HPOS="745" VPOS="1018" WIDTH="41" HEIGHT="21" WC="0.96" CONTENT="blir"/><SP WIDTH="15" VPOS="1018" HPOS="786"/>
							<String ID="string_231" HPOS="801" VPOS="1018" WIDTH="54" HEIGHT="21" WC="0.94" CONTENT="fälld"/><SP WIDTH="16" VPOS="1018" HPOS="855"/>
							<String ID="string_232" HPOS="871" VPOS="1019" WIDTH="41" HEIGHT="21" WC="0.96" CONTENT="och"/><SP WIDTH="15" VPOS="1019" HPOS="912"/>
							<String ID="string_233" HPOS="927" VPOS="1018" WIDTH="28" HEIGHT="22" WC="0.96" CONTENT="de"/>
						</TextLine>
						<TextLine ID="line_26" HPOS="204" VPOS="1052" WIDTH="752" HEIGHT="28">
							<String ID="string_234" HPOS="204" VPOS="1052" WIDTH="82" HEIGHT="22" WC="0.93" CONTENT="honom"/><SP WIDTH="19" VPOS="1052" HPOS="286"/>
							<String ID="string_235" HPOS="305" VPOS="1052" WIDTH="93" HEIGHT="22" WC="0.89" CONTENT="ådömda"/><SP WIDTH="18" VPOS="1052" HPOS="398"/>
							<String ID="string_236" HPOS="416" VPOS="1052" WIDTH="89" HEIGHT="22" WC="0.89" CONTENT="böterne"/><SP WIDTH="18" VPOS="1052" HPOS="505"/>
							<String ID="string_237" HPOS="523" VPOS="1052" WIDTH="66" HEIGHT="21" WC="0.93" CONTENT="hinna"/><SP WIDTH="15" VPOS="1052" HPOS="589"/>
							<String ID="string_238" HPOS="604" VPOS="1056" WIDTH="94" HEIGHT="24" WC="0.91" CONTENT="uttagas,"/><SP WIDTH="16" VPOS="1056" HPOS="698"/>
							<String ID="string_239" HPOS="714" VPOS="1052" WIDTH="44" HEIGHT="21" WC="0.93" CONTENT="kan"/><SP WIDTH="14" VPOS="1052" HPOS="758"/>
							<String ID="string_240" HPOS="772" VPOS="1052" WIDTH="83" HEIGHT="21" WC="0.95" CONTENT="straffet"/><SP WIDTH="15" VPOS="1052" HPOS="855"/>
							<String ID="string_241" HPOS="870" VPOS="1054" WIDTH="32" HEIGHT="20" WC="0.93" CONTENT="för"/><SP WIDTH="16" VPOS="1054" HPOS="902"/>
							<String ID="string_242" HPOS="918" VPOS="1060" WIDTH="38" HEIGHT="13" WC="0.90" CONTENT="an-"/>
						</TextLine>
						<TextLine ID="line_27" HPOS="205" VPOS="1085" WIDTH="749" HEIGHT="30">
							<String ID="string_243" HPOS="205" VPOS="1086" WIDTH="99" HEIGHT="29" WC="0.92" CONTENT="gifvaren"/><SP WIDTH="16" VPOS="1086" HPOS="304"/>
							<String ID="string_244" HPOS="320" VPOS="1086" WIDTH="28" HEIGHT="28" WC="0.96" CONTENT="gå"/><SP WIDTH="15" VPOS="1086" HPOS="348"/>
							<String ID="string_245" HPOS="363" VPOS="1085" WIDTH="57" HEIGHT="23" WC="0.96" CONTENT="ända"/><SP WIDTH="14" VPOS="1085" HPOS="420"/>
							<String ID="string_246" HPOS="434" VPOS="1086" WIDTH="33" HEIGHT="21" WC="0.93" CONTENT="till"/><SP WIDTH="15" VPOS="1086" HPOS="467"/>
							<String ID="string_247" HPOS="482" VPOS="1086" WIDTH="43" HEIGHT="21" WC="0.91" CONTENT="tolf"/><SP WIDTH="12" VPOS="1086" HPOS="525"/>
							<String ID="string_248" HPOS="537" VPOS="1086" WIDTH="34" HEIGHT="21" WC="0.93" CONTENT="års"/><SP WIDTH="15" VPOS="1086" HPOS="571"/>
							<String ID="string_249" HPOS="586" VPOS="1086" WIDTH="98" HEIGHT="27" WC="0.91" CONTENT="tukthus,"/><SP WIDTH="14" VPOS="1086" HPOS="684"/>
							<String ID="string_250" HPOS="698" VPOS="1086" WIDTH="41" HEIGHT="21" WC="0.96" CONTENT="och"/><SP WIDTH="14" VPOS="1086" HPOS="739"/>
							<String ID="string_251" HPOS="753" VPOS="1094" WIDTH="27" HEIGHT="13" WC="0.96" CONTENT="en"/><SP WIDTH="11" VPOS="1094" HPOS="780"/>
							<String ID="string_252" HPOS="791" VPOS="1086" WIDTH="67" HEIGHT="21" WC="0.93" CONTENT="sådan"/><SP WIDTH="12" VPOS="1086" HPOS="858"/>
							<String ID="string_253" HPOS="870" VPOS="1087" WIDTH="84" HEIGHT="27" WC="0.87" CONTENT="sträng-"/>
						</TextLine>
						<TextLine ID="line_28" HPOS="203" VPOS="1120" WIDTH="468" HEIGHT="29">
							<String ID="string_254" HPOS="203" VPOS="1120" WIDTH="40" HEIGHT="22" WC="0.96" CONTENT="het"/><SP WIDTH="15" VPOS="1120" HPOS="243"/>
							<String ID="string_255" HPOS="258" VPOS="1126" WIDTH="62" HEIGHT="16" WC="0.96" CONTENT="anser"/><SP WIDTH="12" VPOS="1126" HPOS="320"/>
							<String ID="string_256" HPOS="332" VPOS="1120" WIDTH="39" HEIGHT="29" WC="0.93" CONTENT="jag"/><SP WIDTH="15" VPOS="1120" HPOS="371"/>
							<String ID="string_257" HPOS="386" VPOS="1120" WIDTH="119" HEIGHT="28" WC="0.92" CONTENT="öfverstiga"/><SP WIDTH="14" VPOS="1120" HPOS="505"/>
							<String ID="string_258" HPOS="519" VPOS="1120" WIDTH="42" HEIGHT="21" WC="0.96" CONTENT="alla"/><SP WIDTH="15" VPOS="1120" HPOS="561"/>
							<String ID="string_259" HPOS="576" VPOS="1121" WIDTH="95" HEIGHT="27" WC="0.96" CONTENT="gränser."/>
						</TextLine>
					</TextBlock>
					<TextBlock ID="block_3" HPOS="205" VPOS="1154" WIDTH="751" HEIGHT="308">
						<TextLine ID="line_29" HPOS="274" VPOS="1154" WIDTH="682" HEIGHT="34">
							<String ID="string_260" HPOS="274" VPOS="1160" WIDTH="58" HEIGHT="22" WC="0.96" CONTENT="Herr"/><SP WIDTH="14" VPOS="1160" HPOS="332"/>
							<String ID="string_261" HPOS="346" VPOS="1160" WIDTH="133" HEIGHT="21" WC="0.96" CONTENT="Juselius:"/><SP WIDTH="22" VPOS="1160" HPOS="479"/>
							<String ID="string_262" HPOS="501" VPOS="1159" WIDTH="44" HEIGHT="29" WC="0.96" CONTENT="Jag"/><SP WIDTH="12" VPOS="1159" HPOS="545"/>
							<String ID="string_263" HPOS="557" VPOS="1159" WIDTH="38" HEIGHT="22" WC="0.93" CONTENT="har"/><SP WIDTH="12" VPOS="1159" HPOS="595"/>
							<String ID="string_264" HPOS="607" VPOS="1159" WIDTH="124" HEIGHT="29" WC="0.96" CONTENT="ingalunda,"/><SP WIDTH="11" VPOS="1159" HPOS="731"/>
							<String ID="string_265" HPOS="742" VPOS="1159" WIDTH="72" HEIGHT="21" WC="0.96" CONTENT="såsom"/><SP WIDTH="12" VPOS="1159" HPOS="814"/>
							<String ID="string_266" HPOS="826" VPOS="1160" WIDTH="48" HEIGHT="21" WC="0.93" CONTENT="herr"/><SP WIDTH="8" VPOS="1160" HPOS="874"/>
							<String ID="string_267" HPOS="882" VPOS="1154" WIDTH="74" HEIGHT="28" WC="0.90" CONTENT="Öhrn-"/>
						</TextLine>
						<TextLine ID="line_30" HPOS="205" VPOS="1193" WIDTH="751" HEIGHT="31">
							<String ID="string_268" HPOS="205" VPOS="1195" WIDTH="55" HEIGHT="29" WC="0.96" CONTENT="berg"/><SP WIDTH="14" VPOS="1195" HPOS="260"/>
							<String ID="string_269" HPOS="274" VPOS="1202" WIDTH="80" HEIGHT="20" WC="0.93" CONTENT="menar,"/><SP WIDTH="15" VPOS="1202" HPOS="354"/>
							<String ID="string_270" HPOS="369" VPOS="1194" WIDTH="102" HEIGHT="22" WC="0.92" CONTENT="förbisett"/><SP WIDTH="13" VPOS="1194" HPOS="471"/>
							<String ID="string_271" HPOS="484" VPOS="1193" WIDTH="41" HEIGHT="22" WC="0.96" CONTENT="den"/><SP WIDTH="16" VPOS="1193" HPOS="525"/>
							<String ID="string_272" HPOS="541" VPOS="1193" WIDTH="122" HEIGHT="29" WC="0.96" CONTENT="subjektiva"/><SP WIDTH="15" VPOS="1193" HPOS="663"/>
							<String ID="string_273" HPOS="678" VPOS="1194" WIDTH="61" HEIGHT="22" WC="0.96" CONTENT="sidan"/><SP WIDTH="17" VPOS="1194" HPOS="739"/>
							<String ID="string_274" HPOS="756" VPOS="1194" WIDTH="26" HEIGHT="21" WC="0.96" CONTENT="af"/><SP WIDTH="10" VPOS="1194" HPOS="782"/>
							<String ID="string_275" HPOS="792" VPOS="1193" WIDTH="86" HEIGHT="22" WC="0.92" CONTENT="brottet."/><SP WIDTH="23" VPOS="1193" HPOS="878"/>
							<String ID="string_276" HPOS="901" VPOS="1194" WIDTH="55" HEIGHT="22" WC="0.90" CONTENT="Lik-"/>
						</TextLine>
						<TextLine ID="line_31" HPOS="205" VPOS="1227" WIDTH="750" HEIGHT="31">
							<String ID="string_277" HPOS="205" VPOS="1229" WIDTH="37" HEIGHT="21" WC="0.95" CONTENT="väl"/><SP WIDTH="12" VPOS="1229" HPOS="242"/>
							<String ID="string_278" HPOS="254" VPOS="1232" WIDTH="46" HEIGHT="18" WC="0.96" CONTENT="tror"/><SP WIDTH="12" VPOS="1232" HPOS="300"/>
							<String ID="string_279" HPOS="312" VPOS="1229" WIDTH="46" HEIGHT="29" WC="0.96" CONTENT="jag,"/><SP WIDTH="15" VPOS="1229" HPOS="358"/>
							<String ID="string_280" HPOS="373" VPOS="1232" WIDTH="31" HEIGHT="18" WC="0.96" CONTENT="att"/><SP WIDTH="15" VPOS="1232" HPOS="404"/>
							<String ID="string_281" HPOS="419" VPOS="1228" WIDTH="70" HEIGHT="22" WC="0.96" CONTENT="denna"/><SP WIDTH="14" VPOS="1228" HPOS="489"/>
							<String ID="string_282" HPOS="503" VPOS="1228" WIDTH="36" HEIGHT="22" WC="0.96" CONTENT="del"/><SP WIDTH="14" VPOS="1228" HPOS="539"/>
							<String ID="string_283" HPOS="553" VPOS="1228" WIDTH="25" HEIGHT="21" WC="0.96" CONTENT="af"/><SP WIDTH="13" VPOS="1228" HPOS="578"/>
							<String ID="string_284" HPOS="591" VPOS="1228" WIDTH="80" HEIGHT="21" WC="0.96" CONTENT="brottet"/><SP WIDTH="14" VPOS="1228" HPOS="671"/>
							<String ID="string_285" HPOS="685" VPOS="1228" WIDTH="52" HEIGHT="22" WC="0.93" CONTENT="eller"/><SP WIDTH="16" VPOS="1228" HPOS="737"/>
							<String ID="string_286" HPOS="753" VPOS="1227" WIDTH="129" HEIGHT="30" WC="0.92" CONTENT="bandlingen"/><SP WIDTH="15" VPOS="1227" HPOS="882"/>
							<String ID="string_287" HPOS="897" VPOS="1233" WIDTH="58" HEIGHT="17" WC="0.96" CONTENT="emot"/>
						</TextLine>
						<TextLine ID="line_32" HPOS="205" VPOS="1262" WIDTH="751" HEIGHT="22">
							<String ID="string_288" HPOS="205" VPOS="1262" WIDTH="71" HEIGHT="22" WC="0.96" CONTENT="bättre"/><SP WIDTH="15" VPOS="1262" HPOS="276"/>
							<String ID="string_289" HPOS="291" VPOS="1262" WIDTH="93" HEIGHT="22" WC="0.95" CONTENT="vetande"/><SP WIDTH="14" VPOS="1262" HPOS="384"/>
							<String ID="string_290" HPOS="398" VPOS="1262" WIDTH="62" HEIGHT="22" WC="0.95" CONTENT="alltid"/><SP WIDTH="15" VPOS="1262" HPOS="460"/>
							<String ID="string_291" HPOS="475" VPOS="1262" WIDTH="55" HEIGHT="22" WC="0.96" CONTENT="skall"/><SP WIDTH="15" VPOS="1262" HPOS="530"/>
							<String ID="string_292" HPOS="545" VPOS="1262" WIDTH="68" HEIGHT="21" WC="0.96" CONTENT="blifva"/><SP WIDTH="14" VPOS="1262" HPOS="613"/>
							<String ID="string_293" HPOS="627" VPOS="1262" WIDTH="50" HEIGHT="21" WC="0.96" CONTENT="svår"/><SP WIDTH="15" VPOS="1262" HPOS="677"/>
							<String ID="string_294" HPOS="692" VPOS="1265" WIDTH="32" HEIGHT="18" WC="0.96" CONTENT="att"/><SP WIDTH="14" VPOS="1265" HPOS="724"/>
							<String ID="string_295" HPOS="738" VPOS="1262" WIDTH="35" HEIGHT="21" WC="0.96" CONTENT="för"/><SP WIDTH="13" VPOS="1262" HPOS="773"/>
							<String ID="string_296" HPOS="786" VPOS="1262" WIDTH="122" HEIGHT="22" WC="0.93" CONTENT="domstolen"/><SP WIDTH="12" VPOS="1262" HPOS="908"/>
							<String ID="string_297" HPOS="920" VPOS="1262" WIDTH="36" HEIGHT="22" WC="0.93" CONTENT="be-"/>
						</TextLine>
						<TextLine ID="line_33" HPOS="206" VPOS="1296" WIDTH="748" HEIGHT="28">
							<String ID="string_298" HPOS="206" VPOS="1296" WIDTH="92" HEIGHT="22" WC="0.95" CONTENT="stämma"/><SP WIDTH="21" VPOS="1296" HPOS="298"/>
							<String ID="string_299" HPOS="319" VPOS="1299" WIDTH="56" HEIGHT="19" WC="0.95" CONTENT="samt"/><SP WIDTH="22" VPOS="1299" HPOS="375"/>
							<String ID="string_300" HPOS="397" VPOS="1300" WIDTH="33" HEIGHT="18" WC="0.96" CONTENT="att"/><SP WIDTH="20" VPOS="1300" HPOS="430"/>
							<String ID="string_301" HPOS="450" VPOS="1296" WIDTH="71" HEIGHT="22" WC="0.96" CONTENT="denna"/><SP WIDTH="21" VPOS="1296" HPOS="521"/>
							<String ID="string_302" HPOS="542" VPOS="1296" WIDTH="48" HEIGHT="22" WC="0.96" CONTENT="icke"/><SP WIDTH="19" VPOS="1296" HPOS="590"/>
							<String ID="string_303" HPOS="609" VPOS="1296" WIDTH="55" HEIGHT="22" WC="0.96" CONTENT="skall"/><SP WIDTH="19" VPOS="1296" HPOS="664"/>
							<String ID="string_304" HPOS="683" VPOS="1296" WIDTH="8" HEIGHT="22" WC="0.96" CONTENT="i"/><SP WIDTH="19" VPOS="1296" HPOS="691"/>
							<String ID="string_305" HPOS="710" VPOS="1296" WIDTH="74" HEIGHT="28" WC="0.96" CONTENT="hvarje"/><SP WIDTH="14" VPOS="1296" HPOS="784"/>
							<String ID="string_306" HPOS="798" VPOS="1296" WIDTH="104" HEIGHT="22" WC="0.96" CONTENT="särskildt"/><SP WIDTH="14" VPOS="1296" HPOS="902"/>
							<String ID="string_307" HPOS="916" VPOS="1297" WIDTH="38" HEIGHT="21" WC="0.96" CONTENT="fall"/>
						</TextLine>
						<TextLine ID="line_34" HPOS="206" VPOS="1330" WIDTH="750" HEIGHT="29">
							<String ID="string_308" HPOS="206" VPOS="1330" WIDTH="74" HEIGHT="22" WC="0.92" CONTENT="kunna"/><SP WIDTH="18" VPOS="1330" HPOS="280"/>
							<String ID="string_309" HPOS="298" VPOS="1330" WIDTH="84" HEIGHT="29" WC="0.92" CONTENT="afgöra,"/><SP WIDTH="20" VPOS="1330" HPOS="382"/>
							<String ID="string_310" HPOS="402" VPOS="1330" WIDTH="57" HEIGHT="22" WC="0.96" CONTENT="hvad"/><SP WIDTH="16" VPOS="1330" HPOS="459"/>
							<String ID="string_311" HPOS="475" VPOS="1338" WIDTH="46" HEIGHT="14" WC="0.96" CONTENT="som"/><SP WIDTH="14" VPOS="1338" HPOS="521"/>
							<String ID="string_312" HPOS="535" VPOS="1331" WIDTH="70" HEIGHT="28" WC="0.96" CONTENT="gjorts"/><SP WIDTH="15" VPOS="1331" HPOS="605"/>
							<String ID="string_313" HPOS="620" VPOS="1334" WIDTH="57" HEIGHT="18" WC="0.96" CONTENT="emot"/><SP WIDTH="16" VPOS="1334" HPOS="677"/>
							<String ID="string_314" HPOS="693" VPOS="1330" WIDTH="70" HEIGHT="22" WC="0.96" CONTENT="bättre"/><SP WIDTH="14" VPOS="1330" HPOS="763"/>
							<String ID="string_315" HPOS="777" VPOS="1330" WIDTH="99" HEIGHT="22" WC="0.78" CONTENT="vetande."/><SP WIDTH="36" VPOS="1330" HPOS="876"/>
							<String ID="string_316" HPOS="912" VPOS="1331" WIDTH="44" HEIGHT="21" WC="0.95" CONTENT="Det"/>
						</TextLine>
						<TextLine ID="line_35" HPOS="206" VPOS="1363" WIDTH="749" HEIGHT="30">
							<String ID="string_317" HPOS="206" VPOS="1363" WIDTH="74" HEIGHT="22" WC="0.96" CONTENT="kunde"/><SP WIDTH="15" VPOS="1363" HPOS="280"/>
							<String ID="string_318" HPOS="295" VPOS="1364" WIDTH="78" HEIGHT="28" WC="0.96" CONTENT="hända,"/><SP WIDTH="15" VPOS="1364" HPOS="373"/>
							<String ID="string_319" HPOS="388" VPOS="1367" WIDTH="32" HEIGHT="19" WC="0.96" CONTENT="att"/><SP WIDTH="15" VPOS="1367" HPOS="420"/>
							<String ID="string_320" HPOS="435" VPOS="1364" WIDTH="70" HEIGHT="28" WC="0.96" CONTENT="någon"/><SP WIDTH="16" VPOS="1364" HPOS="505"/>
							<String ID="string_321" HPOS="521" VPOS="1364" WIDTH="32" HEIGHT="21" WC="0.96" CONTENT="till"/><SP WIDTH="16" VPOS="1364" HPOS="553"/>
							<String ID="string_322" HPOS="569" VPOS="1367" WIDTH="31" HEIGHT="19" WC="0.96" CONTENT="ett"/><SP WIDTH="10" VPOS="1367" HPOS="600"/>
							<String ID="string_323" HPOS="610" VPOS="1364" WIDTH="43" HEIGHT="22" WC="0.96" CONTENT="åtal"/><SP WIDTH="13" VPOS="1364" HPOS="653"/>
							<String ID="string_324" HPOS="666" VPOS="1367" WIDTH="38" HEIGHT="26" WC="0.96" CONTENT="egt"/><SP WIDTH="10" VPOS="1367" HPOS="704"/>
							<String ID="string_325" HPOS="714" VPOS="1364" WIDTH="98" HEIGHT="28" WC="0.95" CONTENT="verkliga"/><SP WIDTH="10" VPOS="1364" HPOS="812"/>
							<String ID="string_326" HPOS="822" VPOS="1364" WIDTH="55" HEIGHT="27" WC="0.96" CONTENT="skäl,"/><SP WIDTH="11" VPOS="1364" HPOS="877"/>
							<String ID="string_327" HPOS="888" VPOS="1365" WIDTH="67" HEIGHT="21" WC="0.86" CONTENT="ehuru"/>
						</TextLine>
						<TextLine ID="line_36" HPOS="206" VPOS="1397" WIDTH="750" HEIGHT="30">
							<String ID="string_328" HPOS="206" VPOS="1397" WIDTH="44" HEIGHT="23" WC="0.95" CONTENT="han"/><SP WIDTH="22" VPOS="1397" HPOS="250"/>
							<String ID="string_329" HPOS="272" VPOS="1398" WIDTH="48" HEIGHT="21" WC="0.96" CONTENT="icke"/><SP WIDTH="19" VPOS="1398" HPOS="320"/>
							<String ID="string_330" HPOS="339" VPOS="1398" WIDTH="83" HEIGHT="22" WC="0.96" CONTENT="kunnat"/><SP WIDTH="17" VPOS="1398" HPOS="422"/>
							<String ID="string_331" HPOS="439" VPOS="1398" WIDTH="76" HEIGHT="29" WC="0.96" CONTENT="styrka"/><SP WIDTH="18" VPOS="1398" HPOS="515"/>
							<String ID="string_332" HPOS="533" VPOS="1398" WIDTH="47" HEIGHT="22" WC="0.96" CONTENT="sina"/><SP WIDTH="14" VPOS="1398" HPOS="580"/>
							<String ID="string_333" HPOS="594" VPOS="1398" WIDTH="141" HEIGHT="29" WC="0.94" CONTENT="påståenden,"/><SP WIDTH="14" VPOS="1398" HPOS="735"/>
							<String ID="string_334" HPOS="749" VPOS="1398" WIDTH="41" HEIGHT="22" WC="0.96" CONTENT="och"/><SP WIDTH="15" VPOS="1398" HPOS="790"/>
							<String ID="string_335" HPOS="805" VPOS="1398" WIDTH="7" HEIGHT="21" WC="0.96" CONTENT="i"/><SP WIDTH="15" VPOS="1398" HPOS="812"/>
							<String ID="string_336" HPOS="827" VPOS="1398" WIDTH="77" HEIGHT="22" WC="0.96" CONTENT="sådant"/><SP WIDTH="14" VPOS="1398" HPOS="904"/>
							<String ID="string_337" HPOS="918" VPOS="1399" WIDTH="38" HEIGHT="21" WC="0.96" CONTENT="fall"/>
						</TextLine>
						<TextLine ID="line_37" HPOS="206" VPOS="1432" WIDTH="750" HEIGHT="30">
							<String ID="string_338" HPOS="206" VPOS="1432" WIDTH="62" HEIGHT="23" WC="0.92" CONTENT="skall&#39;"/><SP WIDTH="10" VPOS="1432" HPOS="268"/>
							<String ID="string_339" HPOS="278" VPOS="1432" WIDTH="84" HEIGHT="23" WC="0.96" CONTENT="således"/><SP WIDTH="14" VPOS="1432" HPOS="362"/>
							<String ID="string_340" HPOS="376" VPOS="1433" WIDTH="32" HEIGHT="29" WC="0.63" CONTENT="14"/><SP WIDTH="14" VPOS="1433" HPOS="408"/>
							<String ID="string_341" HPOS="422" VPOS="1433" WIDTH="117" HEIGHT="29" WC="0.93" CONTENT="tillämpas,"/><SP WIDTH="15" VPOS="1433" HPOS="539"/>
							<String ID="string_342" HPOS="554" VPOS="1432" WIDTH="137" HEIGHT="24" WC="0.91" CONTENT="alldenstund"/><SP WIDTH="15" VPOS="1432" HPOS="691"/>
							<String ID="string_343" HPOS="706" VPOS="1433" WIDTH="20" HEIGHT="29" WC="0.96" CONTENT="ej"/><SP WIDTH="15" VPOS="1433" HPOS="726"/>
							<String ID="string_344" HPOS="741" VPOS="1432" WIDTH="105" HEIGHT="29" WC="0.96" CONTENT="åberopas"/><SP WIDTH="14" VPOS="1432" HPOS="846"/>
							<String ID="string_345" HPOS="860" VPOS="1433" WIDTH="50" HEIGHT="27" WC="0.96" CONTENT="kan,"/><SP WIDTH="15" VPOS="1433" HPOS="910"/>
							<String ID="string_346" HPOS="925" VPOS="1437" WIDTH="31" HEIGHT="19" WC="0.97" CONTENT="att"/>
						</TextLine>
					</TextBlock>
				</ComposedBlock>
			</PrintSpace>
		</Page>
	</Layout>
</alto>
