1039 1773
214 129 44 21 340

184 191 81 29 nådiga
283 192 169 28 propositionen,
471 192 110 28 angående
598 191 107 31 styrelsen
721 190 40 23 och
778 190 159 31 förvaltningen

185 226 25 21 af
222 224 106 23 Finlands
343 226 63 22 bank.

244 260 24 28 g)
296 259 88 30 Utdrag
399 268 25 14 ur
439 260 168 23 bondeständets
622 260 110 29 protokoll
748 261 34 21 för
797 260 41 22 den
850 260 27 21 26
890 260 49 22 sist-

185 294 66 22 vikne
269 294 101 28 februari,
389 294 151 22 innehällande
559 295 98 22 ständets
676 294 71 23 beslut
762 295 7 21 i
784 294 118 29 anledning
916 295 25 21 af

186 328 41 22 hos
249 328 86 22 ständet
355 329 66 21 väckt
444 330 61 28 fräga
524 337 35 14 om
577 329 136 29 underdänig
731 329 98 28 petition,
845 328 93 23 rörande

186 362 148 22 förbättrande
346 364 24 20 af
379 363 222 22 kronolänsmännens
612 364 104 28 ställning
724 363 40 21 och
773 363 166 22 löneförmäner.

254 406 59 22 Herr
334 408 151 22 talmannen
507 408 104 29 föredrog
633 409 52 21 härä
707 408 231 22 ekonomieutskottets

186 441 60 22 förut
264 441 121 30 bordlagda
401 442 134 23 betänkande
551 442 7 22 i
573 443 118 29 anledning
707 443 24 22 af
745 442 79 29 nädiga
838 442 100 29 proposi-

186 476 82 27 tionen,
290 483 35 14 om
347 477 75 28 anslag
439 477 34 22 till
491 477 123 22 inrättande
632 478 25 21 af
670 477 129 26 folkskolor,
815 477 33 21 till
864 477 74 28 anläg-

187 509 71 29 gande
280 511 24 21 af
324 519 42 20 nyä
388 511 303 22 kommunikationsanstalter
710 516 55 17 samt
783 511 33 22 till
832 511 107 22 särskilda

188 543 66 23 andra
270 544 88 22 allmänt
372 545 85 30 nyttiga
473 547 90 28 företag.

256 573 70 27 Öfver
341 579 59 22 detta
416 579 134 22 betänkande
564 580 95 28 uppstod
676 579 94 28 följande
784 579 138 21 diskussion?

256 613 57 22 Herr
328 613 169 22 Dahlström:
525 613 46 29 Jag
586 613 95 22 önskade
697 613 40 22 hos
752 613 48 21 herr
816 613 122 21 talmannen

187 647 41 21 och
250 647 86 22 ståndet
359 648 86 27 föreslå,
468 652 32 17 att
521 647 232 22 ekonomieutskottets
778 647 134 22 betänkande
931 648 7 20 i

186 681 70 21 denna
272 681 60 29 fråga
351 683 56 20 ännu
426 682 65 22 måtte
506 683 21 20 få
543 682 58 21 hvila
616 682 40 21 och
672 683 19 28 ej
707 682 85 21 komma
808 681 68 22 under
891 681 45 22 dis-

186 715 97 27 kussion,
305 715 66 22 innan
393 716 86 21 ståndet
501 716 86 21 erhållit
609 716 35 21 del
661 717 21 21 al
702 719 154 18 sammansatta
874 719 64 18 stats-

187 749 41 22 och
252 749 247 30 bevillningsutskottets
521 749 136 23 betänkande
678 751 8 20 i
709 751 77 26 ämnet,
806 750 56 21 helst
880 750 58 21 näst-

187 783 67 28 sagde
273 784 83 21 utskott
372 784 37 22 vid
423 785 7 20 i
446 785 40 28 går
500 784 66 22 hållet
581 784 158 22 sammanträde
756 785 64 20 fattat
834 785 12 20 å
862 783 76 29 frågan

187 817 107 22 verkande
310 818 77 27 beslut,
403 825 46 15 som
465 819 85 21 ståndet
564 818 62 22 torde
643 819 52 21 böra
707 820 95 19 närmare
815 818 78 27 känna,
907 818 31 21 in-

187 859 42 14 nan
244 851 60 22 detta
319 853 79 21 ärende
409 852 112 22 härstädes
533 853 143 21 förekommer
689 852 31 21 till
735 852 136 28 behandling.
894 851 44 29 Jag

187 894 108 21 upprepar
317 887 85 25 derföre
425 888 43 21 min
491 887 106 27 anhällan,
621 890 31 18 att
672 887 154 28 handlingarne
846 887 6 21 i
868 886 71 22 denna

188 921 61 29 fråga
264 921 140 29 bordläggas,
420 922 105 21 intilldess
541 922 121 21 ännämnda
678 921 135 22 betänkande
825 921 114 21 inkommit

187 956 31 20 till
234 955 91 22 ständet.

255 989 58 23 Herr
329 985 152 35 Öhrnberg:
513 990 46 22 För
581 990 44 22 min
647 990 38 22 det
705 991 24 20 är
749 990 39 28 jag
810 990 24 20 af
850 989 90 21 alldeles

186 1031 81 14 samma
289 1025 87 29 mening
399 1032 47 15 som
469 1025 48 21 herr
535 1025 126 21 Dahlström
681 1027 56 19 samt
755 1031 62 14 anser
835 1023 37 22 det
887 1031 53 13 vara

186 1058 65 28 högst
265 1059 129 29 oegentligt,
413 1063 32 18 att
464 1060 7 21 i
489 1059 118 28 anledning
621 1060 25 20 af
658 1058 166 29 ifrägavarande
839 1058 99 28 proposi-

185 1092 46 22 tion
247 1092 75 22 skrida
339 1093 33 21 till
391 1093 96 22 fattande
505 1089 24 25 af
542 1094 66 28 något
624 1093 77 27 beslut,
717 1093 65 21 innan
797 1100 49 14 man
863 1092 75 21 vunnit

185 1126 42 22 den
242 1126 123 30 utredning,
384 1134 47 15 som
446 1128 24 20 är
485 1127 86 29 äsyftad
586 1135 80 21 genom
680 1126 101 22 ärendets
795 1126 121 22 beredande
932 1126 9 21 i

185 1164 153 19 sammansatta
354 1164 64 20 stats-
433 1162 42 22 och
491 1162 238 28 bevillningsutskottet
745 1160 41 22 och
802 1160 87 22 hvilken
906 1164 33 17 ut-

184 1194 91 30 redning
290 1196 24 20 är
329 1196 70 21 likaså
415 1196 69 29 vigtig
499 1203 46 14 som
560 1196 41 21 den
618 1196 30 20 uti
660 1195 232 22 ekonomieutskottets
905 1195 38 21 be-

183 1229 110 22 tänkande
308 1230 130 22 innehällna.
469 1230 40 21 Att
523 1230 46 21 åter
583 1230 68 21 inläta
666 1230 35 28 sig
715 1229 7 21 i
737 1229 124 21 diskussion
877 1229 62 21 öfver

184 1262 233 24 ekonomieutskottets
440 1264 141 27 betänkande,
600 1267 50 18 utan
671 1267 32 18 att
718 1264 55 21 fatta
787 1264 66 28 något
869 1262 71 22 beslut

183 1296 7 22 i
206 1297 84 28 frägan,
305 1305 65 21 synes
386 1299 46 29 mig
447 1299 63 21 äfven
527 1298 53 21 bäde
592 1298 116 28 olämpligt
720 1297 41 22 och
773 1297 101 29 onödigt.
894 1296 46 30 Jag

182 1331 125 22 hemställer
329 1332 93 28 derföre,
446 1336 32 18 att
495 1332 60 22 detta
573 1332 80 22 ärende
672 1332 67 22 måtte
757 1331 133 29 bordläggas
906 1331 34 21 tilk

182 1364 50 22 dess
255 1368 65 19 stats-
344 1366 40 21 och
408 1366 251 29 bevillningsutskottets
683 1365 136 23 betänkande
842 1365 46 21 deri
906 1365 34 21 tilk

183 1399 87 22 ståndet
285 1400 120 21 inkominit.

250 1434 58 21 Herr
325 1434 95 23 Wolff:
450 1434 45 30 Jag
515 1435 37 21 vill
572 1435 77 22 endast
667 1434 169 30 tillkännagifva
850 1436 38 26 att,
904 1441 36 14 en-
