1039 1773
785 167 26 21 97

88 225 73 27 beslut
180 229 40 23 och
238 230 37 29 jag
295 232 63 20 atiser
372 225 137 27 fördenskull
525 231 31 19 att
574 229 104 27 tämiidä,
693 226 84 32 förslag
792 231 49 21 icke

89 265 40 21 bör
145 264 23 22 af
182 264 85 22 ständet
282 264 107 21 omfattas.

159 298 58 21 Herr
231 297 90 22 Malm:
337 298 44 28 Jag
397 296 124 22 hemställer
533 296 32 22 till
578 297 95 28 ständet;
690 305 35 13 oni
737 298 47 21 icke
796 297 45 23 dis-

89 332 119 22 kussionen
227 332 7 21 i
252 340 29 13 nu
299 332 142 21 förevarande
460 332 62 20 ämne
541 331 73 21 kunde
633 332 62 21 anstä
714 332 57 21 intill
789 332 51 22 dess

91 367 85 21 ståndet
189 368 54 20 först
254 366 82 29 afgjort
347 366 76 28 frågan
432 373 34 13 om
479 366 226 28 sedelutgifningsrätt
717 366 55 22 skall
780 366 61 22 kom-

89 408 36 14 ma
143 404 32 18 att
193 394 153 34 privatbanker
364 394 123 34 mödgifvas
503 400 52 20 eller
564 384 65 36 icke.
661 400 70 21 Innan
747 401 94 21 bestäm-

90 435 77 21 mande
186 435 74 21 häroiti
279 434 130 27 meddeläts,
430 440 65 22 synes
513 427 38 27 det
565 441 52 13 vara
632 434 34 20 för
682 429 65 34 tidigt
762 438 31 18 att
808 436 33 21 in-

91 470 28 28 gå
133 469 7 21 i
156 469 166 29 öfverläggning
338 477 35 13 om
389 468 100 22 vilkoren
500 468 35 21 för
546 468 85 21 inlösen
643 468 24 21 af
677 449 164 52 privatbanikker-

91 508 38 16 hes
145 503 77 26 sedlar,
238 504 52 20 enär
304 503 57 21 ännu
377 503 111 28 oafgjordt
503 503 24 20 är
542 510 35 13 om
593 503 72 21 sedlar
680 503 23 21 af
716 503 49 22 dem
779 504 62 21 kom-

91 545 36 14 ma
141 540 31 18 att
186 537 104 28 utgifvås:

159 571 59 22 Herr
232 571 96 22 Mölsä:
347 571 33 21 Af
392 578 70 14 annan
478 571 65 21 tanke
558 572 27 20 än
601 571 42 22 den
658 571 101 22 sednaste
775 571 65 22 ärade

92 605 92 27 talaren,
203 613 63 14 anser
280 607 38 27 jag
337 609 32 18 att
386 605 37 22 det
441 605 57 21 först
515 605 40 21 bör
575 613 52 14 vara
645 606 73 21 utredt
735 606 28 28 på
781 606 59 21 hvad

93 641 43 20 sätt
151 640 180 28 privätbankerne
346 639 62 22 skola
424 639 71 22 inlösa
507 640 47 21 sina
567 639 76 28 sedlar,
659 640 66 21 innan
735 640 105 28 rättighet

91 673 36 22 till
137 674 169 28 sedelutgifriing
322 673 41 21 kan
374 673 49 22 dem
436 673 102 28 beviljas,
554 673 42 22 och
608 681 34 14 om
655 674 48 21 dem
715 674 55 21 skall
781 674 60 28 åläg-

92 715 39 22 gas
147 707 125 30 skyldighet
287 710 32 19 att
333 707 49 22 med
397 707 47 22 ädel
455 707 74 22 metall
541 708 65 21 infria
617 708 108 27 sedlarne,
741 708 52 21 eller
804 716 36 13 om

92 742 73 21 dertill
180 742 32 21 får
228 741 109 22 användas
352 742 64 21 äfven
432 742 77 27 sedlar,
525 742 85 28 utgifna
625 742 24 21 af
658 742 105 22 Finlands
776 742 63 21 bank.

92 772 46 26 Det
153 776 37 21 har
205 775 109 22 anmärkts
330 778 31 19 att
376 776 36 21 det
427 783 52 14 vore
495 783 26 14 en
537 776 124 29 obillighet;
678 779 35 18 but
727 784 27 13 en
770 777 70 21 sedel-

91 809 127 29 utgifvande
234 810 84 21 enskild
335 809 57 22 bank
407 810 69 21 skulle
492 810 116 29 förpligtas
621 813 30 18 att
663 811 68 21 under
742 811 42 20 alla
796 811 44 21 för-

92 829 115 36 hållanden
222 844 71 21 inlösa
308 844 48 22 sina
370 844 71 21 sedlar
453 844 47 21 med
513 838 48 27 ädet
570 828 3 11 |
574 844 82 27 metall,
672 848 50 17 utan
734 845 106 28 rättighet

93 881 42 25 att,
154 879 63 21 äfven
236 879 37 21 vid
288 879 56 21 tider
362 872 28 28 då
404 878 106 22 Finlands
529 879 58 21 bank
605 857 84 55 inställt
705 879 33 21 sin
754 863 86 37 silfver-

92 895 124 47 utvexling,
234 913 65 29 gälda
317 913 47 21 sina
383 912 88 22 skulder
489 913 49 21 med
557 912 50 23 dess
623 913 77 21 sedlar.
733 912 54 22 Men
802 912 38 22 det

92 947 25 21 är
135 948 19 28 ej
172 947 46 21 deri
237 947 140 29 obilligheten
399 947 78 29 ligger,
498 950 53 18 utan
571 946 46 22 deri
635 950 31 18 att
684 946 156 29 allmänheten,

93 988 48 14 som
155 982 19 28 ej
189 981 43 21 kan
247 980 91 22 bedöma
354 982 110 21 sedlarnes
484 981 99 29 verkliga
601 981 76 27 värde,
697 978 67 24 likväl
783 981 57 22 skall

92 1020 53 16 vata
158 1018 97 26 tvungen
270 1018 32 18 att
316 1018 110 26 emottaga
440 1016 59 26 dem,
515 1015 42 22 och
570 1016 38 28 jag
622 1015 68 21 häller
705 1015 134 22 fortfarande

92 1049 47 21 före
155 1052 31 18 att
200 1049 100 22 enskilda
312 1050 81 21 banker
404 1048 62 23 alltid
478 1050 63 21 skola
553 1057 50 14 vara
615 1049 122 22 förbundna
748 1052 31 19 att
790 1050 50 21 med

93 1083 76 22 silfver
184 1083 53 21 eller
251 1083 53 29 guld
319 1084 71 21 inlösä
404 1084 48 21 sina
467 1084 78 21 sedlar.

160 1116 58 22 Herr
237 1116 141 24 Sundman:
400 1111 44 28 Till
462 1118 129 21 bemötande
609 1118 24 21 af
648 1118 41 21 den
708 1118 132 28 föregäende

93 1151 93 22 talarens
203 1154 87 19 senästö
306 1152 100 28 yttrande
421 1152 56 21 vill
471 1160 37 20 jag
519 1152 122 27 framhålla,
657 1137 112 36 hurusom.
772 1152 37 21 det
820 1152 19 28 ej

92 1186 42 20 kan
150 1183 68 24 blifva
232 1186 71 28 nägon
320 1186 125 28 skyldighet
459 1186 34 21 för
509 1186 145 22 allmänheten
669 1189 32 18 att
716 1186 72 22 säsom
803 1185 37 21 be-

93 1218 168 30 talningsmedel
280 1222 108 27 emottaga
403 1220 220 28 privatbankssedlar,
638 1222 52 19 utan
705 1219 56 21 skall
775 1219 38 21 det
828 1219 13 21 å

92 1254 94 21 enhvais
204 1257 50 25 eget
272 1254 109 29 godtycke
400 1254 115 21 ankomma
533 1257 32 18 att
580 1254 103 28 antingen
698 1256 78 26 antaga
790 1253 50 22 dem

92 1288 7 21 i
115 1288 69 28 ligvid
202 1288 52 21 eller
269 1289 67 27 vägra
351 1288 79 21 dertill.
464 1288 85 21 Endast
564 1288 7 21 i
587 1288 101 22 afseende
707 1288 12 20 ä
734 1287 106 21 Finlands

92 1322 69 21 banks
178 1322 70 22 sedlar
263 1322 69 29 gäller
346 1322 147 28 förklaringen
509 1325 32 18 att
555 1322 26 22 de
598 1322 62 21 skola
674 1322 78 28 utgöra
763 1321 78 29 lagligt

92 1356 203 28 betalningsmedel,
311 1364 46 13 men
374 1357 18 27 ej
409 1356 135 21 beträffande
560 1356 248 28 privatbankssedlarne.

160 1390 63 22 Efter
241 1390 74 22 derom
334 1391 23 21 af
373 1390 49 21 herr
438 1390 151 22 talmannen
604 1390 121 22 framställd
739 1390 102 28 proposi-

92 1424 59 27 tion,
170 1424 47 22 blef
229 1425 13 27 &
259 1424 26 21 10
300 1424 48 22 med
366 1424 161 29 öfvervägande
545 1424 160 29 röstpluralitet
719 1424 24 22 af
755 1424 87 22 ståndet

92 1458 110 28 godkänd.

120 1497 63 23 Välloj.
196 1498 140 22 lorgareständets
345 1499 82 23 protokoll
438 1499 99 23 landtdagen
551 1498 126 18 1863—1864.
689 1499 46 23 3:dje
747 1498 20 17 B.
800 1492 12 22 7
