1039 1773
785 159 41 21 493

170 223 71 21 Sedan
259 223 69 27 någon
345 222 48 22 icke
405 222 73 21 vidare
491 222 76 28 begärt
579 222 69 27 ordet,
662 223 132 21 framställde
807 224 48 20 herr

101 258 150 21 talmannen
271 256 95 29 följande
382 256 134 28 proposition
533 256 42 21 och
591 256 227 28 kontraproposition:

170 290 134 22 Godkänner
323 291 85 21 ståndet
427 292 12 27 &
456 291 33 26 52,
505 290 67 21 sådan
589 290 40 21 den
647 291 22 21 är
685 291 90 21 affattad
791 292 6 19 i
813 291 42 21 den

103 326 78 28 nådiga
205 326 170 28 propositionen,
399 325 39 21 och
463 324 47 22 med
530 324 89 21 hvilken
639 324 83 29 lydelse
738 325 90 21 berörde
843 326 13 26 &

103 360 70 22 blifvit
188 361 25 20 af
226 360 106 21 utskottet
348 360 6 20 i
370 359 49 21 dess
435 360 58 20 förra
509 359 114 21 alternativ
639 359 33 21 till
688 358 120 29 antagande
824 359 32 21 fö-

103 394 113 28 reslagen?

451 428 51 20 eller

171 463 71 21 Gillar
257 462 86 21 ståndet
359 462 40 21 den
416 462 130 21 förändrade
562 462 113 21 redaktion
691 464 24 20 af
728 463 91 21 nämnde
836 463 20 28 8,

103 505 45 13 som
164 498 104 21 utskottet
284 497 6 20 i
306 497 49 20 dess
371 504 74 13 senare
461 497 115 21 alternativ
593 497 108 21 förordat?

170 532 34 21 De
224 539 45 13 som
290 531 96 21 önskade
401 530 37 21 det
453 531 65 26 förra,
534 531 70 21 skulle
621 538 62 14 svara
696 531 102 28 jakande,
814 531 42 20 och

103 566 26 21 de
145 573 46 14 som
206 566 52 21 ville
274 566 58 20 rösta
348 566 33 19 för
397 565 35 21 det
448 573 81 18 senare,
545 572 64 14 svara
625 565 102 22 nekande.

171 600 136 22 Besvarades
330 599 106 28 enhälligt
458 599 108 25 nekande;
591 600 40 21 och
655 600 46 21 blef
717 599 84 22 således
820 599 37 22 det

104 642 73 14 senare
196 635 137 21 alternativet
352 634 6 20 i
378 634 115 21 utskottets
513 634 136 21 betänkande
665 635 24 20 af
703 634 85 21 ståndet
803 633 53 28 god-

104 669 72 21 kändt.

418 703 26 28 88
460 703 84 20 53—55

104 737 126 28 godkändes
247 737 23 20 af
284 737 85 21 ståndet
384 736 105 29 enhälligt
504 741 50 17 utan
571 737 130 22 diskussion.

173 777 35 21 Då
226 777 94 21 härefter
336 777 32 21 till
384 777 168 28 öfverläggning
569 777 96 21 förekom
681 777 116 22 utskottets
814 778 43 20 för-

104 812 47 27 slag
174 819 34 14 om
231 811 135 28 underdänig
389 811 126 21 hemställan
539 811 92 21 rörande
650 811 152 28 upphäfvande
824 812 32 20 till

105 846 28 21 all
156 846 59 21 kraft
237 846 39 21 och
296 846 81 21 verkan
397 846 23 21 af
436 846 12 20 2
465 846 12 28 &
493 846 26 20 36
537 846 48 27 kap.
602 845 32 22 M.
650 846 33 27 B.,
700 846 106 29 begärdes
822 854 35 13 or-

105 880 37 22 det
157 881 24 20 af

174 914 57 22 Herr
247 914 169 29 Tengström,
433 922 46 14 som
495 915 96 29 yttrade:
622 915 11 21 I
648 915 210 21 öfverensstämmel-

105 956 23 14 se
144 948 47 22 med
208 949 56 21 hvad
280 949 150 28 ridderskapet
446 949 40 21 och
503 949 61 21 adeln
581 953 56 17 samt
651 949 159 29 presteståndet
822 950 36 20 be-

105 983 67 26 slutit,
196 983 61 21 torde
280 983 116 21 utskottets
418 983 134 21 betänkande
571 984 6 20 i
597 984 144 28 nyssnämnde
757 983 101 21 afseende

105 1017 48 21 icke
172 1017 52 21 böra
240 1017 92 27 bifallas,
351 1018 50 20 enär
416 1018 128 20 hemställan
561 1025 34 13 om
612 1018 153 28 upphäfvande
781 1018 24 20 af
818 1018 12 20 2
846 1018 12 27 &

105 1052 27 20 36
144 1052 49 27 kap.
209 1051 67 21 M.B.
292 1052 64 20 redan
372 1052 70 28 ingått
458 1052 6 20 i
481 1052 126 21 ständernes
623 1059 49 14 svar
688 1052 12 20 å
716 1052 78 28 nådiga
809 1059 50 20 pro-

106 1086 121 27 positionen
248 1086 110 28 angående
376 1086 54 27 dråp
451 1089 50 17 utan
518 1086 79 28 uppsåt
613 1090 30 17 att
658 1086 58 21 döda
732 1086 39 20 och
789 1093 69 13 annan

106 1120 130 21 misshandel
253 1120 12 21 å
281 1127 85 21 person.

175 1153 62 22 Efter
255 1154 73 21 derom
348 1155 24 20 af
389 1154 48 21 herr
453 1154 152 22 talmannen
625 1154 120 22 framställd
761 1154 97 28 proposi-

106 1188 52 27 tion,
175 1188 46 21 blef
234 1188 115 21 utskottets
364 1188 166 28 ifrågavarande
547 1189 165 28 framställning,
727 1188 75 21 såvida
814 1188 45 20 deri

106 1222 115 21 förordade
234 1222 146 29 underdåniga
396 1222 127 22 hemställan
541 1222 36 21 vid
590 1222 139 22 omförmäldt
742 1222 118 21 förhållan-

107 1256 26 21 de
149 1256 47 21 icke
212 1264 51 14 vore
279 1257 24 21 af
316 1257 78 27 nöden,
410 1258 24 20 af
447 1256 86 22 ståndet
547 1257 105 28 enhälligt
668 1257 105 27 afslagen.

174 1296 71 22 Sedan
266 1296 88 22 ärendet
370 1296 84 22 således
471 1297 73 21 blifvit
560 1298 24 20 af
597 1296 85 22 ståndet
698 1296 110 26 slutfördt,
824 1296 36 21 be-

106 1330 53 22 slöts
175 1334 31 17 att
221 1330 155 22 underrättelse
392 1339 35 13 om
444 1331 96 21 ståndets
557 1331 131 27 tillgörande
704 1331 6 20 i
723 1330 66 22 saken
802 1331 58 21 skul-

106 1364 19 22 le
142 1364 108 22 meddelas
266 1364 60 22 såväl
343 1365 25 21 de
385 1365 124 28 respektiva
524 1365 141 21 medstånden
685 1366 33 20 till
738 1365 121 21 kännedom

106 1406 46 13 som
175 1396 242 30 expeditionsutskottet
437 1400 33 20 för
489 1399 41 21 den
550 1400 12 20 å
582 1400 105 20 utskottet
703 1398 157 22 ankommande

106 1433 73 21 vidare
194 1433 87 28 åtgärd;
296 1434 7 19 i
319 1433 83 22 hvilket
418 1433 101 21 afseende
535 1434 33 20 till
584 1434 47 20 dem
648 1433 68 21 borde
732 1432 128 28 expedieras

106 1470 31 17 ett
152 1467 23 21 så
190 1467 94 28 lydande
300 1467 212 29 protokollsutdrag:
