1039 1773
778 138 42 20 319

168 200 56 22 Herr
240 200 150 21 talmannen
408 199 87 29 yttrade
513 199 54 21 härå
585 202 31 18 att
630 200 117 21 utskottets
761 200 88 30 mening

98 236 8 20 i
122 234 60 22 detta
196 242 64 14 mom.
272 234 34 21 väl
319 234 31 26 är,
362 237 31 17 att
404 234 42 21 den
458 233 98 22 fiskande
567 241 78 21 genom
657 234 101 29 ljustring
768 235 82 22 skräm-

99 275 46 15 mer
159 268 49 22 bort
222 268 42 22 den
278 268 92 21 lekande
385 268 75 21 fisken.

168 302 58 22 Herr
241 300 26 24 O.
278 302 22 21 J.
314 301 140 29 Grönberg
469 301 98 22 deremot
581 302 67 29 ansåg
663 302 113 29 meningen
790 310 60 20 vara,

101 340 32 18 att
151 336 41 22 den
210 336 90 22 lekande
315 336 69 21 fisken
400 336 45 20 helt
460 336 41 21 och
516 336 67 22 hållet
597 336 105 22 förstöres
717 344 79 22 genom
811 337 39 29 lju-

100 371 76 28 string.

168 404 96 22 Härmed
280 412 38 14 var
332 404 154 22 diskussionen
501 405 32 21 uti
548 405 142 21 förevarande
701 405 69 29 fjerde
781 405 71 29 punkt

101 439 70 22 slutad
184 440 40 21 och
236 439 49 22 herr
296 438 151 22 talmannen
460 439 133 22 framställde
603 439 93 28 följande
705 440 146 29 proposition:

169 473 98 29 Antager
288 473 86 22 ständet
395 473 118 21 utskottets
536 473 136 22 betänkande
693 474 7 21 i
722 475 14 20 4
754 475 96 28 punkten

101 515 63 14 mom.
180 515 12 14 a
210 507 154 22 oförändradt?
390 507 53 22 eller
461 507 39 21 vill
519 507 85 22 ständet
623 511 31 18 att
671 508 92 21 nämnde
781 509 71 27 punkt

102 541 56 22 skall
173 541 119 28 förändras,
306 541 28 29 pä
349 542 43 21 sätt
406 540 50 23 herr
469 541 98 22 Juselius
583 542 124 28 föreslagit?

171 575 175 22 Godkännandet
360 576 25 21 af
398 575 145 22 betänkandet
557 576 70 21 skulle
643 576 101 28 besvaras
757 575 95 30 jakande

105 611 40 20 och
161 611 130 28 antagandet
306 611 24 20 af
342 610 42 21 den
399 610 124 29 föreslagna
538 610 118 29 ändringen
671 611 105 21 nekande.

169 645 135 21 Besvarades
320 644 48 22 med
384 644 161 29 öfvervägande
560 645 157 28 röstpluralitet
729 645 101 28 jakande.

170 684 68 22 Mon.
255 685 13 21 b
284 685 24 21 af
323 685 116 21 utskottets
458 684 136 22 betänkande
609 687 77 26 antogs
701 684 112 29 enhälligt.

170 724 120 29 Angående
305 732 64 13 mom.
385 731 12 14 c
412 724 125 29 uppställde
552 725 49 20 herr
613 723 151 22 talmannen
776 724 76 29 följan-

103 759 27 22 de
145 759 145 28 proposition:

171 793 46 21 Vill
229 793 86 22 ståndet
327 792 142 23 oförändradt
481 795 79 26 antaga
571 792 130 22 momentet?
712 792 53 22 eller
773 792 80 22 önskar

103 827 92 27 ståndet,
213 827 49 22 med
282 827 94 29 gillande
393 828 24 20 af
430 827 49 22 herr
493 827 80 21 Juselii
587 827 90 28 förslag,
692 834 51 14 anse
757 827 97 28 rismjär-

103 861 40 22 dor
157 862 106 28 tillätliga,
279 869 33 13 om
328 861 27 21 de
371 861 47 21 icke
431 861 130 29 förfärdigas
573 862 68 20 tätare
652 862 26 20 än
689 860 164 30 garnmjärdor?

170 895 35 22 De
227 903 47 14 som
297 896 98 21 biträdde
414 896 36 21 det
469 896 59 21 förra
547 896 142 27 alternativet,
705 895 71 22 skulle
791 902 63 14 svara

101 930 101 29 jakande,
218 930 40 21 och
274 930 26 21 de
316 930 75 21 hvilka
407 930 118 22 omfattade
537 930 36 22 det
584 937 81 20 senare,
677 937 62 14 svara
749 928 105 23 nekande.

171 964 134 22 Besvarades
322 964 47 21 med
386 964 53 21 både
452 965 24 27 ja
491 964 42 21 och
548 965 41 27 nej,
605 964 51 21 derå
671 964 27 28 på
710 964 96 28 begäran
818 971 37 14 an-

103 999 89 21 ställdes
207 999 106 27 votering,
330 1006 45 13 som
391 998 64 21 utföll
470 998 49 22 med
537 999 24 21 18
575 1000 23 27 ja
613 1002 58 18 emot
687 998 26 21 13
728 998 41 28 nej.

170 1032 69 22 Mom.
255 1033 21 21 d.
293 1033 46 21 blef
352 1032 105 29 enhälligt
472 1034 24 20 af
509 1033 85 21 ståndet
609 1035 94 25 antaget.

171 1067 57 21 Herr
239 1066 150 22 talmannen
403 1067 133 21 framställde
549 1067 51 21 härå
609 1066 94 29 följande
711 1066 144 29 proposition:

172 1100 132 22 Godkänner
318 1101 86 21 ståndet
418 1109 65 13 mom.
496 1109 11 13 e
519 1102 7 20 i
539 1100 160 22 betänkandet?
710 1101 53 21 eller
775 1101 80 21 önskar

103 1136 87 20 ståndet
209 1135 101 22 förändra
328 1135 118 21 detsamma
466 1136 7 20 i
489 1135 96 29 enlighet
599 1135 48 21 med
663 1135 50 21 herr
729 1134 126 28 Grönbergs

103 1169 97 29 förslag?

171 1204 34 21 De
228 1201 46 24 som
296 1204 52 20 ville
366 1203 38 21 det
423 1204 65 27 förra,
509 1204 66 21 borde
589 1211 63 14 svara
664 1204 31 28 ja,
710 1202 41 22 och
767 1202 27 22 de
809 1209 45 14 som

103 1238 95 22 önskade
213 1238 37 21 det
264 1245 81 20 senare,
362 1245 62 13 svara
440 1239 41 27 nej.

170 1272 166 28 Propositionen
353 1272 130 22 besvarades
499 1274 75 20 nästan
590 1272 104 28 enhälligt
706 1270 102 29 jakande.

171 1306 61 21 Utan
247 1306 92 28 ändring
354 1306 129 28 godkändes
498 1314 63 14 mom.
578 1308 11 20 f
601 1306 24 21 af
638 1304 153 24 betänkandet.

170 1340 57 21 Herr
242 1340 168 21 talmannens
429 1340 69 28 fråga,
518 1348 35 14 om
572 1340 86 22 ståndet
676 1339 68 23 bland
763 1339 94 28 olofliga

101 1373 99 22 fiskesätt
221 1374 64 21 äfven
308 1374 51 21 ville
379 1381 51 14 anse
449 1374 54 22 fiske
523 1374 48 22 med
586 1374 54 29 drag
654 1374 7 21 i
677 1374 42 22 den
735 1374 46 21 inre
796 1374 61 20 skär-

101 1408 82 28 gården
200 1408 8 21 i
226 1408 102 22 samfäldt
346 1408 138 28 fiskevatten,
504 1408 129 22 besvarades
647 1408 50 22 med
713 1407 143 29 öfvervägan-

101 1442 28 21 de
144 1443 40 27 nej.
