1039 1773
226 146 25 20 16

264 207 47 22 Vill
328 208 87 22 ståndet
428 211 79 26 antaga
522 207 37 23 det
575 212 75 16 senare
666 207 150 27 alternativet,
832 207 37 21 der
885 206 63 23 desse

195 250 119 21 personers
330 243 57 21 antal
403 243 25 21 är
442 242 119 29 föreslaget
576 241 34 22 till
625 242 78 20 endast
717 242 47 20 tre?

264 282 36 22 De
319 290 48 14 som
382 282 70 22 önska
467 282 37 22 det
520 282 69 27 förra,
605 288 64 15 svara
682 278 104 32 jukande,
802 280 40 22 och
858 280 27 21 de
900 288 48 14 som

194 316 55 29 vilja
263 316 37 22 det
317 324 86 20 senare,
419 322 64 16 svara
498 316 104 22 nekande.

264 355 138 22 Besvarades
418 356 107 29 enhälligt
539 355 110 28 nekande,
665 355 51 21 derå
733 354 49 22 herr
798 355 149 22 talmannen

195 388 75 23 vidare
286 389 134 21 framställde
437 390 105 28 följande:

265 428 75 22 Anser
358 429 87 21 ståndet
462 429 79 29 nödigt
557 432 30 19 att
603 426 33 24 till
652 429 37 21 det
705 428 84 22 således
805 432 95 26 antagna
915 437 33 14 se-

196 470 52 15 nare
268 463 139 22 alternativet
421 463 7 22 i
444 464 12 29 &
475 464 10 20 1
502 462 7 23 i
524 461 103 24 afseende
647 461 12 24 &
677 463 143 22 redaktionen
839 465 53 28 göra
910 463 38 22 det

196 497 89 29 tillägg,
304 497 100 28 hvartill,
426 498 69 29 enligt
517 497 59 22 hvad
594 498 7 21 i
621 497 157 22 ofvanstående
802 498 67 21 måtto
892 505 55 21 upp-

196 531 46 30 lyst
261 531 83 28 blifvit,
364 532 72 22 beslut
454 532 41 21 hos
514 531 152 29 ridderskapet
685 532 41 21 och
744 531 62 22 adeln
822 532 89 21 fattats?

265 571 138 23 Besvarades
418 571 49 22 med
483 571 162 30 öfvervägande
661 571 161 28 röstpluralitet
837 571 109 28 nekande,

196 605 52 22 derå
266 605 52 22 herr
329 606 153 21 talmannen
497 606 133 27 förklarade,
646 609 32 18 att
693 605 37 22 det
745 613 77 14 senare
837 606 110 21 alternati-

196 642 37 19 vet
248 640 7 21 i
270 641 13 27 &
302 641 8 20 1
328 640 24 21 af
368 640 119 22 utskottets
510 640 136 22 betänkande
668 647 53 14 vore
743 643 52 19 utan
813 639 72 30 någon
904 641 43 20 för-

196 674 94 28 ändring
306 674 24 21 af
343 674 87 21 ståndet
444 674 84 29 gilladt.

265 713 61 22 Utan
342 713 126 24 diskussion
485 714 45 21 blef
540 715 12 28 $
565 714 12 21 2
589 714 24 21 af
623 713 86 23 ståndet
720 713 106 30 enhälligt
837 713 109 30 godkänd.

549 773 48 28 83.

265 817 58 22 Herr
342 817 87 22 Holm:
452 818 76 29 Enligt
549 819 60 21 förut
627 818 122 28 äberopade
768 816 74 31 kongl.
861 816 85 23 förord-

196 851 53 30 ning
269 853 24 20 af
310 852 40 21 den
367 853 27 20 30
406 853 48 28 juni
472 853 53 20 1747
541 853 42 21 och
598 852 75 29 kong].
688 850 121 31 förklaring
825 852 24 21 af
861 852 41 21 den
918 853 27 20 24

194 887 86 28 januari
297 887 53 23 1751
367 886 33 22 fär
415 890 31 18 ett
462 886 137 22 skattefrälse
614 886 98 22 hemman
725 886 48 22 icke
785 887 96 28 klyfvas,
894 890 51 18 utan

196 924 32 18 att
243 920 53 28 den,
312 928 47 14 som
374 922 76 20 räntan
466 921 95 21 derifrän
577 929 58 21 eger,
651 921 72 21 dertill
739 921 90 21 bifaller.
858 933 11 4 —
878 917 68 25 Ännu

197 955 70 21 större
290 953 53 23 eller
365 955 131 21 ätminstone
519 955 44 21 lika
581 955 88 29 mycket
688 954 47 22 skäl
754 962 64 15 anser
834 956 37 28 jag
889 955 58 21 före-

196 988 87 22 komma
298 988 83 28 dertill,
397 992 31 18 att
443 992 32 19 ett
491 989 52 23 slikt
558 989 100 21 hemman
673 989 48 21 icke
736 990 34 20 mä
786 996 77 22 genom
879 989 68 21 sädan

196 1023 172 29 egostyckning,
393 1023 88 22 hvarom
501 1032 28 13 nu
549 1024 24 20 är
592 1024 71 28 fräga,
683 1023 143 28 förminskas,
846 1025 51 20 utan
916 1026 32 18 att

197 1059 142 27 ränteegaren
359 1056 73 24 blifvit
446 1058 55 22 hörd
517 1058 42 21 och
575 1060 43 19 satt
633 1058 7 21 i
656 1057 85 22 tillfälle
758 1060 31 18 att
804 1058 34 22 sin
853 1058 43 20 rätt
912 1058 36 21 be-

196 1092 63 20 vaka.
291 1092 45 28 Jag
351 1092 71 21 skulle
438 1092 85 22 derföre
535 1092 100 27 förorda,
650 1095 31 17 att
693 1094 30 18 ett
736 1091 120 29 stadgande
869 1092 7 21 i
887 1092 61 21 detta

197 1125 58 29 syfte
271 1126 67 21 mätte
353 1126 6 20 i
376 1126 12 28 &
404 1126 12 21 3
432 1127 93 28 intagas.

265 1166 59 21 Herr
340 1161 152 34 Öhrnberg:
508 1166 76 29 Enligt
599 1167 43 21 min
659 1166 64 22 tanke
735 1165 89 30 erbjuda
835 1166 112 22 föreskrif-

197 1203 61 18 terna
274 1200 7 21 i
296 1200 43 22 den
359 1200 124 29 föreslagna
502 1201 157 28 författningen
679 1200 118 30 tillräcklig
812 1201 86 29 garanti
912 1202 35 20 för

197 1235 89 21 räntans
306 1234 41 21 och
367 1234 153 30 utskyldernes
540 1232 108 32 utgående
667 1236 48 20 frin
730 1243 26 13 en
772 1234 111 30 lägenhet,
899 1242 48 14 som

196 1268 98 22 kommer
310 1272 31 18 att
360 1269 97 29 undergä
478 1270 171 28 egostyckning,
672 1269 41 21 och
729 1270 38 28 jag
783 1277 63 14 anser
861 1269 86 21 derföre

196 1302 42 22 den
258 1303 25 21 af
299 1303 49 21 herr
367 1303 69 22 Holm
454 1304 117 21 förordade
590 1303 128 29 ytterligare
737 1304 137 28 bestämning
889 1304 6 20 i
911 1303 36 21 be-

197 1337 65 21 rörde
284 1337 102 22 afseende
406 1345 52 14 vara
481 1338 130 28 öfverflödig
634 1341 56 19 samt
709 1341 32 18 att
760 1346 26 13 en
806 1338 66 21 sädan
891 1338 57 20 före-

197 1371 65 21 skrift
278 1370 78 23 endast
371 1372 70 21 skulle
457 1372 48 22 leda
521 1373 33 21 till
567 1374 70 20 större
651 1372 118 29 omgängar
782 1372 36 21 vid
831 1372 117 28 egostyck-

197 1406 53 27 ning
266 1405 40 22 och
323 1406 84 22 säledes
423 1406 121 22 motarbeta
559 1407 37 21 det
611 1406 110 28 ändamäl,
737 1414 47 14 som
799 1406 48 21 med
863 1406 85 21 författ-

197 1440 81 28 ningen
295 1440 89 28 åsyftas.
