1039 1773
209 163 41 21 504

181 225 94 23 yarande
292 226 120 27 stadgande
428 226 77 26 anfört,
521 227 31 19 att
568 225 101 21 städerne
685 225 98 28 uppbära
794 226 68 28 några
873 226 60 21 kom-

181 259 87 22 munala
290 259 94 29 afgifter,
407 259 110 29 grundade
540 259 28 28 på
586 260 179 28 hyressummans
784 260 87 28 belopp,
891 259 41 22 och

182 296 31 19 att
228 294 87 30 derföre
327 294 23 21 är
363 293 77 29 nödigt
452 296 30 18 att
492 301 79 21 genom
583 292 233 29 hyreskontrakternes
829 297 105 25 uppteen-

182 328 27 23 de
222 328 38 22 vid
271 328 202 28 mantalsskrifning
489 328 82 21 erhålla
585 327 123 21 kännedom
725 336 34 12 om
775 328 59 21 detta
846 328 88 28 belopp.

182 363 41 21 Att
245 362 97 29 åberopa
360 366 32 18 ett
411 362 77 22 sådant
507 362 54 27 skäl,
577 363 24 20 är
617 365 32 17 att
663 362 100 21 förvexla
778 362 92 22 orsaken
885 362 49 22 med

182 397 51 22 dess
248 394 86 31 följder.
364 396 157 29 Skyldigheten
538 399 31 18 att
584 396 95 28 uppvisa
691 396 195 28 hyreskontrakter
896 396 38 22 vid

182 430 204 29 mantalsskrifning
408 430 40 23 har
469 430 90 25 alldeles
583 431 18 28 ej
621 430 127 21 tillkommit
767 430 34 21 för
821 431 112 23 städernas

182 465 174 29 begvämlighets
380 465 63 28 skull,
463 468 49 17 utan
533 465 39 20 har
588 465 33 21 sin
637 464 72 29 grund
725 465 6 20 i
747 465 45 20 helt
807 465 67 21 andra
889 473 45 14 om-

183 499 156 29 ständigheter,
358 499 67 22 ehuru
445 499 101 24 städerna
566 499 68 21 sedan
650 499 109 28 begagnat
775 499 33 28 sig
824 499 64 22 deraf
900 499 34 22 för

183 533 151 29 debiteringen
350 534 23 21 af
386 533 126 22 förberörda
527 532 139 22 kommunala
682 533 94 28 afgifter.
809 533 45 22 För
869 533 65 22 dessa

184 569 99 28 afgifters
302 567 107 29 utgående
428 569 23 20 är
467 567 233 28 hyreskontrakternes
716 567 122 28 uppteende
854 568 19 27 ej
890 567 44 22 hel-

183 601 33 22 ler
237 601 142 29 nödvändigt.
416 601 116 24 Städernas
551 601 154 29 myndigheter
723 601 73 21 kunna
814 601 33 21 till
866 605 69 20 utsatt

185 637 93 20 stämma
289 635 82 22 inkalla
383 636 47 21 dem
442 636 24 20 af
475 635 111 22 städernas
598 635 137 27 innevänare,
744 635 75 22 hvilka
829 636 28 28 pä
864 635 72 30 grund

184 671 24 20 af
221 670 121 28 hyresaftal
358 669 53 22 böra
426 669 89 29 erlägga
530 669 89 29 afgifter
634 672 57 19 samt
707 670 96 21 affordra
818 670 47 21 dem
881 677 54 21 upp-

184 704 43 29 gift
242 712 35 20 om
292 703 175 29 hyressummans
482 703 86 29 belopp.
601 704 42 27 Att
659 705 46 24 åter
720 704 7 24 i
742 704 193 29 lagstiftningsväg

184 738 73 25 införa
272 746 26 17 en
308 735 145 32 civilrättslig
469 738 136 29 bestämning
621 738 78 23 endast
712 739 33 24 för
758 741 30 22 att
801 738 79 25 bereda
892 742 43 19 sta-

185 775 37 19 ten
244 780 26 15 en
293 772 101 27 inkomst,
417 773 23 23 är
462 772 45 27 helt
525 772 40 24 och
584 772 68 24 hållet
673 772 111 23 stridande
802 777 58 20 emot
879 773 56 22 sund

185 806 245 29 lagstiftningsprincip,
452 806 41 25 och
516 807 67 28 något
602 806 88 25 dermed
710 806 100 25 liknande
826 807 109 22 förekom-

186 848 46 20 mer
246 841 19 28 ej
282 840 68 25 heller
365 840 35 26 för
415 841 67 28 öfrigt
496 841 7 25 i
519 841 40 24 hos
575 848 37 15 oss
628 841 101 28 gällande
745 841 36 28 lag
796 841 41 24 och
851 841 85 22 författ-

186 875 84 29 ningar,
308 875 98 29 Antager
427 883 49 18 man
492 875 232 29 jemkningsförslaget
743 875 6 21 i
769 875 70 22 denna
854 875 42 27 del,
912 875 23 22 sä

187 909 51 27 sker
253 909 37 24 det
304 910 35 25 för
354 912 32 18 att
400 910 25 22 af
438 910 93 28 artighet
546 910 27 28 gä
588 910 143 25 medständen
747 909 33 23 till
792 910 79 25 mötes;
887 918 48 19 men

187 943 69 30 nägot
277 943 156 29 pringipenligt
454 944 67 23 motiv
544 944 40 25 kan
609 944 19 28 ej
647 944 60 28 ligga
726 944 33 25 till
774 944 71 28 grund
860 944 34 26 för
909 952 27 20 en

188 978 68 25 sådan
272 977 84 29 åtgärd,
371 977 48 27 från
434 977 88 27 hyilken
536 978 45 28 jag,
596 978 33 24 för
644 978 45 23 min
705 978 42 27 del,
763 978 116 29 afstyrker.

256 1016 58 28 Herr
329 1017 100 28 Mölsä:
462 1017 53 21 Man
534 1017 38 22 har
591 1018 70 21 under
680 1017 154 27 diskussionen
850 1018 87 28 mycket

188 1052 54 21 talat
257 1059 34 15 om
307 1052 117 28 principer,
453 1051 44 29 Jag
513 1060 62 13 anser
590 1052 43 21 den
648 1052 92 21 ledande
751 1052 112 28 principen
875 1052 6 20 i
895 1052 42 21 och

188 1086 99 29 grunden
310 1086 34 22 för
366 1093 26 14 en
416 1086 128 28 författning
563 1086 24 21 af
604 1086 165 29 ifrågavarande
788 1086 150 22 beskaffenhet

188 1118 52 24 vara
259 1120 48 27 den,
327 1123 32 19 att
378 1120 105 23 förskaffa
498 1120 95 22 inkomst
609 1121 22 21 åt
646 1120 138 22 statsverket.
814 1122 34 20 De
864 1129 74 21 perso-

189 1162 45 20 ner,
250 1154 74 28 hvilka
340 1155 103 28 uppgjort
455 1155 105 28 förslaget
572 1155 33 21 till
617 1155 165 29 författningen,
796 1155 64 21 hafva
868 1151 70 26 också

189 1190 73 26 insett,
286 1192 32 21 att
341 1186 161 30 vederbörande
521 1189 136 29 gärdsegare,
677 1190 130 22 åtminstone
826 1190 6 23 i
852 1189 50 25 flere
918 1190 26 20 af

188 1223 86 24 landets
297 1223 78 28 städer,
395 1226 15 23 t.
426 1231 32 18 ex,
479 1224 6 20 i
505 1223 168 27 hufvudstaden,
695 1223 66 25 hafva
778 1224 84 28 ganska
880 1223 58 29 goda

189 1258 121 23 inkomster
325 1258 30 23 uti
372 1258 161 28 hyressummor
548 1258 35 23 fär
599 1257 94 29 uthyrda
707 1257 82 26 lokaler
804 1258 41 24 och
860 1261 32 21 att
904 1258 35 21 be-

189 1291 93 29 villning
302 1291 47 27 från
368 1292 64 23 dessa
450 1292 163 28 hyressummor
631 1292 48 22 med
696 1294 47 24 stor
757 1292 79 24 lätthet
850 1292 42 24 kan
908 1292 31 21 åt-

189 1326 105 23 kommas.
331 1325 41 23 Att
391 1326 67 28 någat
477 1326 87 29 obilligt
580 1326 70 24 skulle
668 1326 59 29 ligga
742 1326 54 27 deri,
812 1326 41 23 kan
866 1327 38 28 jag
920 1327 18 27 cj

190 1360 64 26 finna,
271 1360 41 25 och
328 1360 41 22 den
385 1360 164 28 ifrågavarande
567 1360 166 29 bestämningen
749 1360 98 28 ingriper
861 1361 18 27 ej
896 1360 44 21 hel-

190 1394 32 21 ler
241 1394 6 24 i
263 1394 67 28 något
345 1394 150 28 civilrättsligt
510 1394 143 27 förbållande,
669 1396 51 20 enär
735 1394 42 22 den
792 1395 19 27 ej
828 1395 112 23 föreskrif-

190 1435 38 17 ver
251 1431 31 17 att
301 1428 116 27 hyresaftal
436 1428 136 29 nödvändigt
590 1428 62 22 skola
673 1436 52 14 vara
740 1428 123 29 skriftligen
878 1429 63 21 affat-

190 1462 56 28 tade,
263 1465 51 25 utan
329 1462 76 28 endast
420 1462 126 29 innehåller,
562 1466 32 20 att
609 1471 35 15 om
661 1463 76 24 sådant
753 1466 37 26 egt
800 1470 54 20 rum,
866 1462 75 30 hyres-
