1039 1773
785 149 39 27 361

97 222 32 22 att
149 219 67 28 något
231 218 73 22 vidare
320 218 7 21 i
343 218 91 22 berörde
450 217 101 22 afseende
566 218 49 22 icke
631 218 62 22 torde
708 218 96 27 behöfva
818 220 37 20 til-

97 254 84 28 läggas.
214 252 54 22 Man
288 252 39 22 har
342 252 113 29 uppgifvit
469 255 32 18 att
515 252 146 28 sedlighetens
676 253 91 23 intresse
782 254 72 21 skulle

97 286 81 28 fordra,
197 290 31 18 att
246 286 94 29 qvinnan
356 287 64 25 äfven
438 286 33 22 för
487 286 68 22 första
571 287 86 29 gången
672 287 116 29 lägersmål
805 288 51 22 bor-

98 321 27 23 de
148 321 89 26 tilltalas
256 320 40 22 och
316 321 24 21 af
356 320 64 28 lagen
441 320 120 26 bestraffas,
581 328 48 14 men
646 322 39 28 jag
704 321 103 25 betviflar
822 325 33 18 att

97 356 72 28 någon
185 356 69 21 större
270 354 108 30 sedlighet
392 354 126 30 derigenom
533 355 72 25 skulle
617 355 169 22 åstadkommas.
808 356 46 29 Jag

97 390 41 24 vill
158 389 76 26 härvid
252 389 67 22 också
337 390 84 26 nämna,
437 392 38 25 att,
491 389 68 29 enligt
574 390 42 21 den
631 390 124 22 erfarenhet
767 390 39 29 jag
820 391 34 21 så-

98 431 48 18 som
167 424 88 22 domare
278 424 84 26 vunnit,
386 423 78 29 ogillas
487 423 82 26 sådana
591 424 43 21 åtal
657 424 24 25 af
701 424 152 27 allmänheten,

98 459 83 26 hvilket
200 459 152 28 förnämligast
370 457 62 25 torde
451 465 52 14 vara
522 458 93 22 orsaken
631 458 78 28 dertill,
725 463 32 18 att
772 459 27 22 de
814 467 40 22 pu-

98 493 60 25 blika
172 493 129 29 åklagarene
316 492 78 23 endast
406 492 69 22 sällan
491 493 85 25 anmäla
590 493 57 26 slika
663 493 142 29 förbrytelser
815 489 38 26 till

99 527 119 27 beifrande.

167 560 58 22 Herr
241 561 169 29 Tengström:
443 560 12 21 I
473 561 54 26 strid
547 561 48 25 med
616 561 55 25 hvad
691 561 50 22 herr
756 561 98 24 Juselius

99 595 80 28 anfört,
202 595 50 22 ville
272 597 38 28 jag
330 595 62 28 påstå
410 598 38 24 att,
467 595 72 22 såsom
555 596 24 25 af
593 595 143 29 lagutskottet
751 596 63 24 äfven
830 597 24 20 är

99 629 129 29 framhället,
250 629 138 30 lägersmälet
406 629 7 27 i
432 629 125 27 allmänhet,
575 637 48 18 men
642 630 125 29 isynnerhet
784 631 70 22 första

98 671 71 21 resan,
191 665 22 21 af
236 663 198 26 folkmedvetandet
452 664 7 21 i
479 663 49 27 värt
547 664 50 25 land
618 664 103 29 stämplas
740 665 71 21 säsom
827 673 26 12 en

99 699 139 28 förbrytelse,
254 698 88 26 hvilken
358 698 39 25 bör
413 698 87 23 beifras.
531 697 44 22 Om
591 706 25 13 en
633 699 54 27 ogift
702 699 88 31 gvinna,
806 706 47 15 som

99 733 67 26 redan
189 733 39 21 har
250 733 52 22 nära
324 732 73 25 halfva
420 732 98 27 dussinet
539 732 59 27 barn,
618 733 64 28 fyller
700 733 61 21 detta
779 733 75 22 halfva

99 767 76 22 dussin
194 767 49 21 med
262 767 56 22 ännu
334 770 30 18 ett
380 767 60 26 barn,
456 767 24 21 sä
496 766 79 25 väcker
591 767 75 21 sädant
682 767 51 29 föga
748 775 106 21 uppseen-

99 801 35 28 de,
155 801 77 23 medan
254 801 96 25 deremot
372 801 144 26 allmänheten
540 801 83 28 ganska
643 801 86 29 mycket
747 802 107 30 uppröres

100 836 68 27 deraf,
190 839 32 18 att
244 843 25 17 en
290 836 58 25 förut
368 835 70 26 såsom
458 835 64 25 ärbar
538 835 82 26 ansedd
635 836 80 27 gvinna
730 843 78 22 genom
824 835 31 22 lä-

99 870 93 29 gersmäl
209 870 41 22 blir
264 869 108 27 hafvande
387 869 41 22 och
445 869 61 23 föder
523 870 59 25 barn,

170 910 56 26 Herr
241 910 171 28 Lindegvist:
449 910 45 24 Det
516 910 25 25 af
560 909 51 27 herr
631 909 130 29 Tengström
781 913 73 21 senast

99 944 92 26 anförda
206 944 86 23 styrker
307 944 44 28 mig
366 945 55 24 ännu
438 952 59 17 mera
511 944 6 21 i
534 944 41 25 den
591 944 26 21 af
626 944 44 28 mig
682 944 95 24 uttalade
789 944 65 29 äsigt,

99 982 34 18 att
147 979 63 28 lagen
226 978 47 22 icke
289 978 39 22 bör
344 979 118 21 bestämma
478 986 78 17 ansvar
572 979 34 24 för
621 979 86 29 gvinna,
723 986 47 14 som
785 979 70 23 första

99 1013 86 31 gången
201 1012 99 26 beträdes
316 1012 47 27 med
380 1013 122 32 lägersmäl.
532 1013 36 22 Dä
584 1020 25 14 en
622 1013 87 27 gvinna,
721 1020 46 18 som
779 1013 7 21 i
799 1013 55 29 följd

100 1048 25 20 af
140 1047 115 28 lägersmäl
273 1047 73 25 blifvit
361 1046 115 27 hafvande,
493 1048 68 20 första
577 1047 84 29 gången
677 1047 62 22 föder
754 1047 61 28 barn,
830 1048 25 20 sä

99 1082 80 21 väcker
200 1081 60 21 detta
278 1081 112 29 verkligen
409 1082 110 24 sensation
539 1082 58 20 inom
614 1081 121 27 samhället,
751 1081 41 26 och
808 1082 44 29 mig

99 1123 72 21 synes,
186 1119 32 21 att
231 1116 45 28 just
292 1115 78 21 hennes
387 1116 79 20 vanära
482 1116 41 20 och
536 1116 154 25 allmänhetens
702 1116 89 28 stränga
802 1116 51 21 dom

99 1150 34 26 för
155 1150 68 21 henne
238 1142 81 40 utgöra
344 1150 129 28 tillräckligt
491 1150 68 26 straff,
579 1150 24 23 sä
623 1153 31 23 att
672 1150 42 22 hon
732 1150 48 22 icke
796 1151 56 21 ännu

97 1184 73 24 dertill
190 1184 66 26 borde
274 1183 80 29 dragas
372 1184 58 21 inför
445 1185 57 25 rätta
517 1184 40 23 och
574 1184 127 28 pliktfällas,
717 1187 51 18 utan
783 1184 71 23 skulle

99 1218 22 22 få
136 1218 87 23 försona
238 1218 38 25 sitt
291 1218 78 29 felsteg
385 1218 48 26 med
449 1226 25 13 en
491 1218 93 31 varning
599 1219 24 25 af
636 1219 33 21 sin
685 1218 143 29 själasörjare,

166 1257 58 27 Herr
239 1257 88 27 Holm:
357 1257 48 27 Min
422 1258 59 28 äsigt
495 1258 7 26 i
514 1258 143 25 förevarande
669 1259 61 21 ämne
741 1258 32 27 är,
784 1261 31 23 att
826 1258 28 22 de

97 1292 149 29 förbrytelser,
269 1292 74 22 hvilka
367 1292 115 24 benämnas
505 1292 124 29 lägersmäl,
651 1292 76 25 såvida
745 1292 108 26 allmänna

96 1326 128 26 säkerheten
248 1326 63 26 deraf
330 1326 28 29 pä
380 1326 54 26 intet
452 1327 44 25 sätt
515 1328 78 26 störes,
613 1326 88 22 alldeles
721 1326 48 23 icke
786 1327 68 22 borde

96 1361 78 28 utgöra
198 1360 89 22 föremål
311 1361 33 21 för
364 1361 289 29 brottmälslagstiftningen,
673 1364 50 23 utan
743 1361 110 25 betraktas

95 1395 71 21 såsom
183 1394 135 30 handlingar,
339 1395 73 27 hvilka
428 1395 47 25 icke
492 1403 52 14 vore
560 1403 79 14 ansvar
655 1396 24 21 af
692 1396 109 29 borgerlig
817 1396 37 28 lag

95 1428 166 26 underkastade.
298 1428 45 22 För
365 1429 71 26 denna
459 1429 59 33 åsigt
542 1429 122 34 uppträdde
683 1430 6 25 i
709 1429 145 30 lagutskottet

94 1463 61 21 eåväl
171 1463 39 29 jag
229 1470 46 19 som
291 1463 190 29 borgareståndets
497 1464 70 29 öfrige
583 1463 141 29 deputerade,
739 1463 115 27 hvaremot
