1039 1773
786 128 40 20 449

105 198 75 20 genom
194 190 131 27 antagandet
337 191 24 20 af
369 197 25 14 en
408 197 28 21 ny
450 189 149 29 brottmälslag
608 190 97 21 uteslutit
714 191 41 21 alla
764 192 91 27 kropps-

105 225 43 27 liga
167 224 173 28 bestraffningar,
360 232 63 13 anser
439 224 38 28 jag
496 224 37 20 det
545 225 81 27 jemväl
642 232 51 14 vara
709 225 46 21 skäl
771 229 31 18 att
816 226 39 21 all-

105 258 57 22 deles
178 258 91 21 afskaffa
285 258 103 28 husagan.

173 298 57 21 Herr
244 297 131 21 Juselius:
412 297 121 27 Utskottet,
549 305 46 14 som
615 298 113 28 föreslagit
746 298 109 29 husagans

107 332 151 21 bibehällande
277 332 30 20 uti
326 332 41 21 den
387 332 138 21 modifierade
541 332 82 21 formen
639 333 24 20 af
676 332 104 29 ”faderlig
796 334 59 27 aga”,

106 367 61 20 anför
182 366 6 21 i
205 367 119 20 motiverna
339 366 33 21 till
385 366 154 21 betänkandet:
556 370 31 17 att
599 366 96 28 husagan
708 367 87 21 alldeles
807 366 48 22 icke

106 400 41 22 kan
171 400 109 22 försvaras
300 408 24 13 ur
341 400 86 28 rättslig
448 400 109 28 synpunkt
573 400 41 21 och
629 400 76 21 endast
721 401 32 21 till
769 408 25 14 en
809 401 45 21 viss

107 434 52 29 grad
182 442 25 13 ur
226 435 69 28 sedlig
314 434 122 29 synpunkt;
462 438 29 17 att
510 435 31 20 uti
561 434 103 29 husagan,
683 435 84 22 använd
783 436 72 21 säsom

107 469 219 28 uppfostringsmedel
346 469 40 21 och
407 469 119 27 begränsad
546 469 57 20 inom
620 469 43 20 viss
679 469 60 21 älder
754 470 33 20 för
802 471 54 26 tjen-

107 503 113 28 stehjonet,
239 503 87 26 sällan,
346 511 34 12 om
396 503 112 28 någonsin,
524 503 62 28 ingår
601 503 40 20 den
657 503 101 22 inbördes
773 503 83 27 kärlek,

107 543 46 14 som
176 537 94 21 förädlar
293 537 151 28 föräldraagan
464 537 39 21 och
523 537 6 21 i
548 537 70 28 nägon
637 537 47 21 män
705 537 78 21 förmär
798 537 58 21 hälla

107 571 27 21 de
156 571 74 27 vädor,
255 579 45 14 som
319 571 59 21 detta
396 571 222 29 uppfostringsmedel
637 572 124 27 innesluter,
777 571 79 28 aflägs-

108 605 73 26 nade”;
204 608 31 19 att
257 605 83 21 således
360 605 108 28 husagans
487 605 206 29 ändamålsenlighet
713 606 70 21 såsom
801 613 55 20 upp-

108 639 174 29 fostringsmedel
298 640 24 20 är
336 639 83 28 ganska
434 639 138 28 tvifvelaktig
587 639 39 21 och
643 643 30 18 att
688 639 26 22 de
730 640 37 21 fall
782 640 18 27 ej
813 643 43 17 tor-

108 673 27 22 de
150 681 52 13 vara
217 673 27 27 få,
260 673 38 21 der
314 673 96 28 husagan
426 673 141 22 missbrukats
583 673 40 21 och
636 674 106 21 fulländat
753 673 39 22 den
805 681 51 14 van-

108 708 58 27 ligen
188 708 47 21 från
255 707 102 29 tidigaste
378 707 102 22 barndom
500 708 137 21 vanvårdade
653 709 106 27 tjenarens
773 708 84 28 sedliga

109 742 133 28 undergång,
261 749 77 21 genom
358 741 155 22 framkallande
533 743 24 20 af
570 742 95 28 hyckleri
682 743 40 20 och
739 741 118 22 förhärdel-

109 783 22 14 se
146 777 6 20 i
168 776 72 25 stället
256 777 33 20 för
304 783 26 14 en
346 776 99 28 varaktig
460 776 209 28 sinnesförbättring.
694 775 31 22 På
736 776 62 21 dessa
810 775 47 22 skäl

109 810 40 21 och
172 810 33 26 de,
228 810 73 21 hvilka
324 810 33 21 stå
379 813 31 18 att
432 810 57 21 läsas
508 810 30 21 uti
558 810 241 21 utskottsledamöterne
814 817 43 14 von

110 843 168 29 Weissenbergs
297 848 55 17 samt
371 839 103 33 Östrings
493 844 144 22 betänkandet
657 844 117 28 vidfogade
790 851 68 14 reser-

109 879 104 27 vationer,
236 879 79 21 tilläter
334 880 39 27 jag
392 879 44 28 mig
458 878 39 22 hos
517 878 176 29 borgareständet
713 879 88 26 föreslä,
826 881 31 18 att

109 912 95 29 husagan
221 913 65 21 måtte
302 913 43 21 helt
360 913 41 21 och
417 913 66 21 hållet
498 914 109 20 afskaffas.
637 913 75 23 Skulle
728 913 65 29 likväl
805 912 52 22 den-

109 954 28 14 na
158 947 56 29 äsigt
236 947 47 21 icke
304 947 64 21 vinna
387 947 96 21 ständets
503 948 69 26 bifall,
587 951 50 17 utan
653 948 114 20 utskottets
784 947 73 21 betän-

110 981 70 21 kande
206 981 137 28 godkännas,
371 982 98 21 förordar
492 983 38 27 jag
557 982 130 28 antagandet
709 982 25 20 af
753 982 37 20 det
811 980 49 21 utaf

110 1016 156 27 presteständet
282 1016 31 20 till
330 1016 51 21 sista
398 1023 62 13 mom.
477 1016 30 20 uti
524 1016 139 21 förevarande
679 1016 20 28 &,
715 1023 34 13 om
765 1015 92 28 faderlig

110 1057 47 21 aga,
180 1050 76 27 gjorda
275 1050 86 28 tillägg,
380 1050 24 21 sä
418 1050 104 28 lydande:
545 1050 67 22 ”Sker
628 1050 108 21 missbruk
751 1049 67 27 häraf,
834 1049 24 21 sä

111 1087 31 17 att
160 1084 152 28 tjenstehjonet
329 1084 122 21 bekommer
466 1085 87 21 svårare
568 1084 51 21 eller
635 1084 115 28 lindrigare
765 1084 93 27 kropps-

111 1118 35 26 fel,
164 1118 45 28 lyte
228 1118 52 20 eller
295 1118 107 28 sjukdom,
418 1118 84 22 straffes
518 1119 71 20 såsom
605 1119 5 20 i
627 1118 34 28 lag
677 1126 33 13 om
727 1117 131 27 misshandel

110 1152 12 21 å
138 1159 77 20 person
230 1152 81 28 säges.”
341 1152 65 21 Hvad
422 1152 66 21 sedan
504 1152 101 21 beträffar
621 1153 35 20 det
671 1152 78 28 tillägg
763 1152 33 20 till
807 1151 51 21 den-

110 1193 28 13 na
153 1186 17 28 &,
186 1186 149 28 ridderskapet
350 1186 40 21 och
406 1186 62 21 adeln
486 1187 93 21 beslutat
591 1188 52 26 göra
655 1186 40 21 och
708 1186 88 20 hvarom
809 1185 49 21 bor-

109 1220 138 27 gareståndet
266 1220 6 20 i
291 1220 43 29 dag
353 1220 103 28 inbjudits
472 1224 31 17 att
519 1221 74 21 förena
608 1221 40 27 sig,
664 1220 23 21 så
703 1220 40 20 kan
757 1220 38 27 jag
809 1218 49 22 icke

109 1254 117 28 godkänna
248 1254 124 21 detsamma.
409 1254 116 28 Förslaget
548 1258 31 17 att
602 1254 123 28 tjenstefolk
748 1253 69 21 skulle
836 1253 22 21 få

110 1288 68 21 vittna
197 1288 6 20 i
223 1288 162 28 angelägenhet,
404 1296 46 13 som
468 1290 36 19 rör
519 1288 134 26 husbonden,
668 1295 63 21 synes
748 1288 44 28 mig
806 1294 52 14 vara

110 1322 72 21 alltför
198 1322 142 28 äfventyrligt
355 1322 41 21 och
411 1322 109 22 stridande
536 1326 45 17 mot
596 1322 136 28 principerna
747 1322 6 20 1
766 1322 37 20 vår
814 1322 44 27 lag,

110 1363 47 14 som
172 1356 126 21 välbetänkt
313 1356 47 22 icke
376 1356 80 22 tillåter
467 1357 129 28 tjenstehjon
609 1359 30 18 att
654 1356 3 20 i
669 1356 137 21 husbondens
818 1355 40 21 sak

109 1391 69 21 vittne
201 1391 58 27 bära,
282 1390 88 22 emedan
392 1392 96 27 tjenaren
511 1390 76 22 dervid
610 1390 89 28 mången
723 1390 57 28 gång
802 1389 56 21 skall

109 1424 86 22 komma
217 1425 7 20 i
247 1424 49 22 svår
318 1424 54 22 strid
391 1424 48 22 med
458 1425 37 21 sitt
514 1428 94 20 samvete
627 1424 12 21 å
657 1432 39 13 ena
712 1424 62 21 sidan
790 1423 40 21 och
846 1423 12 22 å

137 1470 61 22 Vällofi.
208 1470 140 22 borgareståndets
354 1470 83 23 protokoll
446 1470 98 23 lundtdugen
557 1470 63 16 1863—
630 1470 47 17 1864
690 1470 27 17 ö:e
727 1470 20 16 B.
802 1462 26 21 29
