1039 1773
779 146 41 25 107

97 207 43 26 den
155 207 42 26 kan
212 213 42 23 ega
268 213 27 19 en
309 208 103 27 trognare
426 206 43 26 vän
481 206 28 22 än
521 206 38 26 det
569 206 86 30 lyckats
666 207 71 25 henne
749 210 31 20 att
790 209 60 25 finna

98 242 67 24 bland
180 242 39 21 sitt
234 244 49 26 eget
298 241 69 28 slägte
383 244 56 19 samt
453 241 9 25 i
477 240 78 26 hästen
571 241 38 21 har
624 244 31 18 ett
666 242 93 28 husdjur
770 243 24 21 af
806 243 44 25 den

98 278 57 19 mest
168 275 145 26 framstående
328 278 72 25 nytta,
419 275 103 25 hvarföre
536 276 38 28 jag
589 283 64 14 anser
668 276 25 21 så
707 276 56 29 högt
777 276 73 23 bötes-

98 317 79 19 ansvar
192 317 48 14 som
254 309 86 28 möjligt
353 309 54 21 böra
421 310 94 24 utsättas
530 310 35 20 för
581 309 57 28 dem,
653 310 77 24 hvilka
744 310 25 22 af
780 310 70 33 okyn-

98 352 28 18 ne
140 344 133 25 misshandla
288 344 42 21 och
343 344 66 28 plåga
428 343 81 23 sådana
523 343 60 29 djur;
603 344 41 21 och
659 344 39 21 vill
711 345 38 29 jag
765 345 84 24 således

99 380 56 24 ännu
171 386 27 15 en
213 379 59 29 gång
289 385 98 21 upprepa
406 378 44 21 min
466 378 102 21 anhållan
583 381 32 18 att
630 378 87 26 ståndet
731 380 66 21 måtte
812 388 38 13 an-

98 416 52 26 taga
170 412 244 26 utskottsbetänkandet
435 412 8 21 i
465 412 72 21 denna
558 412 62 29 fråga
641 415 52 19 utan
714 413 73 30 någon
804 414 46 21 för-

99 447 101 28 ändring.
744 444 2 2 |

167 481 59 26 Herr
240 480 156 22 Lemström:
418 480 13 21 I
447 480 72 22 likhet
536 480 50 22 med
604 480 50 22 herr
667 480 100 27 Juselius
785 489 65 14 anser

97 516 39 28 jag
157 515 107 22 latituden
282 515 8 21 i
308 515 27 21 de
353 515 33 21 uti
404 515 245 24 utskottsbetänkandet
671 515 178 26 förekommande

98 541 227 41 straffbestämningar
340 557 52 17 vara
402 549 73 26 alltför
487 549 132 28 vidsträckt,
634 551 25 26 ty
670 549 55 22 huru
737 550 58 21 ädelt
806 550 43 22 och

100 585 47 23 ofta
161 592 44 21 nog
220 583 96 30 dyrköpt
330 583 49 28 djur
394 591 27 14 en
436 583 60 22 hund
511 584 27 20 än
553 583 35 22 må
602 591 62 20 vara,
680 584 25 21 så
719 591 41 22 ega
774 585 22 20 vi
808 585 42 20 lik-

100 618 36 25 väl
151 618 47 21 icke
213 619 41 21 hos
270 625 37 15 oss
323 617 81 26 sådana
419 617 33 22 till
468 620 32 19 ett
513 618 47 28 pris
576 617 52 26 eller
642 618 67 21 värde
725 619 24 21 af
761 619 89 22 trehun-

100 653 40 26 dra
153 652 69 23 mark.

168 687 59 21 Herr
245 686 133 26 Juselius:
400 686 11 21 I
433 685 119 29 anledning
574 686 25 21 af
619 686 36 24 det
673 686 25 21 af
713 687 50 26 herr
781 685 27 24 O.
823 687 26 22 FE.

101 721 125 28 Grönberg,
242 721 72 21 såsom
328 720 96 22 ledamot
439 720 7 21 i
460 720 156 29 lagutskottet,
631 721 84 28 afgifna
728 721 122 29 yttrande
838 716 15 38 i

101 755 71 25 denna
192 755 63 29 fråga
272 755 40 26 har
331 754 36 22 det
384 755 56 21 först
457 762 31 13 nu
506 755 75 20 runnit
598 755 45 28 mig
658 755 8 21 i
681 752 71 31 hågen
767 758 31 19 att
813 755 37 22 det

101 797 52 18 vore
168 789 81 28 djurets
268 789 96 26 ädelhet,
384 796 47 14 som
446 789 33 20 uti
494 789 165 28 ifrågavarande
674 789 38 21 fall
727 789 70 22 skulle
812 789 38 22 be-

101 824 91 25 stämma
206 823 176 28 bötesbeloppet,
398 825 52 18 utan
464 823 41 21 har
517 823 38 28 jag
570 823 83 28 antagit
667 825 32 19 att
713 823 136 29 grymheten,

101 864 48 19 som
163 857 37 22 vid
218 857 168 28 djurplågandet
404 857 141 28 ådagalades,
563 857 68 21 borde
648 857 59 28 ligga
719 853 41 29 till
778 858 72 28 grund

100 892 35 26 för
153 891 167 22 bedömmandet
334 892 25 20 af
370 891 145 29 handlingens
534 891 152 29 brottslighet;
703 899 50 18 men
768 892 8 21 i
790 892 60 25 hvad

100 926 104 26 händelse
222 932 47 14 som
287 925 59 26 helst
364 933 64 14 anser
443 926 38 28 jag
499 925 69 21 likväl
586 925 65 26 dessa
665 925 185 29 bestämningar
838 921 15 37 i

100 959 243 27 utskottsbetänkandet
364 960 72 26 lemna
457 962 33 18 ett
511 959 75 21 alltför
604 962 56 22 stort
677 967 48 13 rum
743 960 35 21 för
795 960 55 29 god-

100 994 81 28 tycket,

168 1027 59 27 Herr
242 1027 110 25 Hildén:
374 1028 45 29 Jag
437 1028 43 22 kan
498 1028 49 26 icke
566 1031 79 25 antaga
663 1030 32 19 att
713 1028 50 22 herr
778 1028 72 22 Grön-

100 1062 54 29 berg
168 1062 59 26 velat
241 1069 51 14 anse
310 1062 82 28 djurets
412 1064 71 20 större
497 1063 53 21 eller
565 1062 84 22 mindre
667 1062 87 26 ädelhet
768 1063 7 20 i
790 1062 60 22 detta

99 1096 40 26 fall
153 1104 53 18 vara
224 1096 98 28 grunden
340 1096 34 22 för
392 1096 243 29 straffbestämningen,
657 1096 138 26 alldenstund
813 1097 37 21 det

98 1131 47 27 just
156 1131 24 25 är
190 1130 42 26 den'
244 1130 37 26 vid
293 1130 167 29 djurplågandet
471 1130 104 22 utöfvade
584 1131 138 29 grymheten,
735 1138 47 15 som
794 1130 56 26 skall

99 1160 96 30 straffas.
227 1164 54 21 Men
294 1166 38 27 jag
347 1172 64 19 anser
426 1165 36 21 det
477 1166 98 21 deremot
589 1172 52 18 vara
657 1165 95 21 särdeles
767 1165 36 21 väl
818 1167 32 19 att

99 1198 34 21 uti
148 1206 26 18 en
189 1198 45 29 lag,
250 1198 68 22 sådan
333 1206 47 18 som
395 1199 43 25 den
452 1207 30 13 nu
498 1199 135 29 föreslagna,
648 1199 65 21 hafva
727 1206 27 18 en
766 1198 24 22 så
802 1198 48 22 vid-

100 1232 84 21 sträckt
198 1232 77 21 latitud
286 1232 8 21 i
305 1232 255 30 straffbestämningarne
576 1240 47 18 som
633 1232 96 29 möjligt;
745 1232 41 26 och
798 1232 52 22 ehu-

99 1266 63 26 ruväl
178 1266 113 26 skilnaden
306 1267 91 21 emellan
412 1267 37 21 det
463 1268 8 20 i
486 1266 147 26 betänkandet
648 1266 125 29 föreslagna
786 1267 64 21 mini-

99 1308 59 18 mum
175 1300 26 21 10
216 1300 60 22 mark
292 1300 41 22 och
347 1302 117 20 maximum
479 1302 42 20 300
536 1301 61 21 mark
615 1301 43 21 kan
676 1300 37 22 vid
727 1301 71 21 första
812 1308 38 21 ge-

99 1334 163 29 nomögnandet
277 1335 24 21 af
312 1335 108 29 förslaget
436 1335 101 26 förefalla
555 1335 75 25 alltför
645 1337 53 25 stor,
717 1334 24 22 så
756 1334 94 26 försvin-

99 1375 40 18 per
153 1368 71 22 denna
238 1368 137 30 väsendtliga
390 1369 86 26 skilnad
487 1368 38 27 vid
537 1368 172 29 öfvervägandet
719 1369 25 21 af
751 1368 42 26 den
805 1376 45 14 om-

100 1402 135 28 ständighet,
258 1409 47 15 som
326 1403 75 29 längre
423 1403 55 25 fram
501 1404 7 25 i
530 1403 147 25 betänkandet
699 1402 124 26 framhälles
842 1403 7 21 i

99 1436 65 25 dessa
180 1436 50 25 ord:
246 1436 66 26 ”Sker
327 1437 82 21 brottet
424 1438 25 21 af
460 1437 82 29 uppsåt
557 1440 32 18 att
603 1436 90 23 hämnas
705 1436 82 29 djurets
799 1444 51 22 ega-
