1039 1773
803 146 40 20 231

119 210 63 27 eljest
200 208 47 22 icke
266 208 105 22 behöfver
388 208 97 22 inhemta
501 208 72 28 någon
589 207 79 22 särskil
681 207 103 30 kunskap
799 209 8 21 i
822 209 52 21 han-

115 240 117 30 "delsyrket
250 242 42 21 och
311 242 85 29 ganska
411 242 46 21 ofta
472 242 24 20 af
508 242 115 21 oförstånd
637 242 41 21 och
694 242 181 22 obetänksamhet

120 277 57 21 skall
192 277 108 21 uraktläta
316 276 68 28 detta,
400 276 114 22 hvaremot
529 284 26 13 en
567 276 114 21 föreskrift
693 276 6 21 i
712 276 93 22 nämnde
816 277 58 28 syfte

121 310 71 22 skulle
211 310 72 22 drifva
302 310 80 22 honom
402 310 79 22 dertill.
514 310 12 20 I
545 310 49 21 vårt
608 310 51 21 land
674 311 24 20 är
713 310 161 29 köpmannave-

121 345 77 21 tandet
212 345 8 21 i
235 345 117 22 allmänhet
364 345 28 27 pä
407 345 25 21 sä
447 344 36 28 läg
496 344 143 28 ständpunkt,
655 347 31 19 att
698 345 40 27 jag
752 344 70 22 finner
837 344 37 22 det

122 387 53 13 vara
189 379 29 21 all
233 379 118 29 anledning
367 382 31 18 att
414 378 48 21 icke
478 379 28 27 pä
517 380 44 20 sätt
573 378 42 22 och
626 378 33 22 vis
672 378 81 22 afhälla
767 379 42 21 den
825 379 49 21 blif-

122 414 70 21 vande
203 413 138 29 köpmannen
352 413 48 21 frän
412 412 139 22 inhemtande
563 413 25 21 af
596 412 132 29 kunskaper.
758 412 55 23 Man
825 413 49 22 bor-

122 448 27 21 de
164 448 74 21 kunna
252 448 84 26 fordra,
352 450 32 19 att
398 450 15 18 t.
426 455 34 13 ex.
477 447 52 27 den,
546 454 48 15 som
608 447 41 22 hos
665 447 34 22 sin
714 448 107 28 principal
837 455 37 14 en-

122 482 50 22 dast
187 483 72 21 blifvit
274 481 86 22 använd
376 485 32 18 att
423 481 90 29 försälja
525 489 72 20 varor,
612 481 48 22 icke
671 481 58 30 finge
741 482 68 22 blifva
819 483 55 28 köp-

122 524 60 20 man,
196 519 53 19 utan
264 520 32 18 att
311 517 47 21 visa
377 516 34 28 sig
427 523 40 21 ega
483 516 98 29 förmäga
597 519 32 18 att
643 515 48 22 med
706 516 82 22 besked
804 516 71 21 drifva

122 559 27 14 en
165 550 180 22 handelsrörelse.
374 549 42 22 Om
430 551 42 20 han
484 550 27 21 dä
523 551 69 20 under
603 551 39 20 sitt
652 550 100 21 vistande
764 550 40 22 hos
816 551 58 27 prin-

123 585 85 28 cipalen
223 585 129 21 försummat
367 587 31 18 att
414 585 71 21 skaffa
499 585 35 28 sig
549 585 68 28 nödig
631 585 69 28 insigt
718 585 7 20 i
740 584 74 29 yrket,
832 584 43 22 blir

123 619 42 22 han
181 622 97 27 tvungen
293 622 32 18 att
340 619 82 21 besöka
436 618 157 22 handelsskola
608 619 34 21 för
656 621 31 19 att
702 619 82 21 erhålla
795 619 37 21 det
842 626 33 14 er-

123 654 120 29 forderliga
253 654 92 28 intyget.
374 653 55 21 Man
444 653 43 21 kan
503 653 131 28 visserligen
646 653 113 27 anmärka,
775 656 31 18 att
820 653 56 28 köp-

123 696 105 14 mannens
243 695 45 15 mer
304 688 52 21 eller
371 687 84 22 mindre
471 687 115 28 duglighet
601 687 47 22 icke
663 687 68 29 angär
746 687 68 29 tredje
825 695 50 14 man

125 723 42 22 och
185 725 31 19 att
235 722 53 21 hans
308 721 136 28 okunnighet
462 721 47 22 icke
525 721 80 22 skadar
620 722 73 28 någon
707 729 72 14 annan
794 723 27 20 än
836 721 40 22 ho-

125 764 51 14 nom
192 756 58 29 sjelf,
269 763 49 14 men
336 757 38 27 jag
388 756 44 22 kan
447 755 58 22 dock
520 757 19 28 ej
555 756 78 28 frängä
647 756 86 29 äsigten
748 764 35 13 om
798 759 77 26 nyttan

125 791 70 27 deraf,
211 793 32 19 att
258 798 26 14 en
302 791 105 28 köpman,
427 790 28 28 pä
471 798 81 14 samma
568 791 43 21 sätt
627 797 47 14 som
689 798 27 13 en
731 790 145 22 handtverks-

125 824 84 27 idkare,
228 825 35 22 för
282 825 105 28 rättighet
406 827 32 18 att
453 825 72 20 drifva
538 824 74 29 yrket,
627 832 52 14 vore
695 824 88 30 skyldig
797 827 33 19 att
844 825 32 22 fö-

125 862 45 18 rete
184 859 63 29 intyg
263 859 62 21 öfver
340 859 123 29 kunnighet
477 859 54 22 deri,

192 893 60 21 Herr
267 893 98 21 Mölsä:
384 893 49 22 Den
453 893 143 22 förevarande
615 893 97 28 punkten
727 900 65 22 synes
808 892 29 30 gä
851 896 25 18 ut

125 927 28 29 pä
171 930 32 18 att
218 928 7 20 i
245 927 73 22 stället
333 928 34 20 för
382 928 26 20 de
424 927 85 22 härtills
525 927 102 29 brukliga
641 928 187 28 mästareprofven
843 927 33 21 in-

125 962 48 21 föra
187 961 61 22 bevis
265 962 62 20 öfver
342 961 133 29 skicklighet
489 962 7 21 i
512 962 71 28 yrket.
613 962 44 28 Jag
668 962 126 22 instämmer
804 962 8 21 i
824 962 52 22 den-

125 1003 28 15 na
167 996 35 22 del
217 995 45 31 helt
277 996 41 22 och
335 996 67 22 hället
416 996 49 21 med
481 996 49 21 herr
545 996 109 26 Juselius;
670 1000 23 26 ty
709 1004 64 14 anser
786 1004 50 14 man
848 1004 28 14 en

124 1030 59 29 gäng
191 1030 185 28 mästareprofven
389 1038 52 13 vara
452 1030 137 29 obehöfliga,
602 1031 67 21 ehuru
681 1030 127 29 derigenom
818 1030 58 22 dock

125 1064 148 29 Ofvertygelse
292 1064 72 22 kunde
383 1065 78 21 vinnas
480 1072 35 14 om
534 1065 69 28 insigt
617 1065 40 21 hos
673 1064 52 27 den,
745 1072 46 14 som
806 1064 70 28 aflagt

125 1098 59 22 detta
196 1099 60 28 prof,
269 1098 24 22 sä
304 1099 46 27 bör,
363 1106 34 14 om
410 1106 50 14 man
471 1099 39 21 vill
523 1099 80 21 handla
614 1099 147 28 konsegvent,
777 1100 18 27 ej
808 1098 68 23 heller

125 1132 67 29 nägot
207 1133 63 29 intyg
286 1133 24 22 af
325 1141 27 13 en
370 1133 53 21 eller
438 1141 72 14 annan
525 1133 152 22 beskaffenhet
691 1134 7 20 i
715 1132 89 23 berörde
820 1132 56 22 afse-

125 1167 55 21 ende
199 1167 24 21 af
238 1167 42 22 den
304 1167 207 29 burskapssökande
530 1168 93 21 fordras.
658 1168 40 22 Ett
717 1167 77 22 sädant
811 1167 65 29 intyg

125 1201 70 21 skulle
210 1201 112 22 dessutom
338 1201 69 21 blifva
422 1201 45 21 helt
482 1202 42 21 och
540 1202 67 21 hället
621 1202 138 29 godtyckligt
774 1200 42 23 och
827 1201 49 22 icke

124 1235 50 21 leda
185 1235 33 21 till
229 1235 38 22 det
278 1236 99 20 ändamål
389 1244 49 12 man
450 1235 89 22 dermed
547 1235 62 22 torde
621 1236 52 21 afse.
703 1235 91 22 Beviset
805 1234 71 22 skulle

124 1270 36 20 väl
175 1269 28 21 dä
218 1269 73 22 kunna
306 1270 98 21 utfärdas
420 1270 24 21 af
457 1277 26 14 en
499 1270 62 27 hvar,
577 1278 47 14 som
638 1270 82 22 drifver
731 1269 37 21 det
778 1268 54 30 yrke
843 1269 33 22 in-

124 1306 63 26 tyget
201 1304 109 27 omfattar,
328 1308 53 17 utan
400 1304 101 22 afseende
518 1304 51 22 derä
585 1312 34 14 om
635 1304 42 22 han
693 1304 81 22 förmär
788 1304 88 21 bedöm-

124 1346 35 13 ma
175 1337 43 21 den
233 1338 220 28 burskapssökandes
469 1338 134 29 skicklighet
618 1338 52 22 eller
685 1338 30 28 ej,
733 1338 85 21 hvilket
832 1345 44 14 ma-

124 1372 116 28 gistraten,
256 1379 47 14 som
320 1372 104 28 slutligen
438 1372 99 22 kommer
552 1375 33 22 att
599 1372 76 28 afgöra
686 1372 77 27 saken,
780 1372 6 21 i
796 1372 80 28 många

124 1406 38 21 fall
177 1406 19 28 ej
214 1406 66 28 heller
295 1406 63 22 torde
374 1414 52 14 vara
440 1406 128 28 kompetent
583 1409 32 19 att
629 1406 85 28 pröfva.
743 1406 55 22 Man
813 1406 63 22 torde

124 1440 85 22 derföre
224 1440 49 22 med
289 1440 47 22 skäl
352 1440 74 22 kunna
441 1448 52 14 anse
505 1448 27 14 en
545 1440 113 22 föreskrift
668 1440 32 22 uti
711 1440 165 28 ifrägavarande
