1039 1773
222 147 42 23 320

261 212 107 28 Företogs
385 208 93 34 punkten
495 214 12 20 5
523 208 40 27 och

262 247 57 21 Herr
334 245 57 23 O.J.
401 246 140 30 Grönberg
557 247 95 29 yttrade:
682 241 148 33 Krokskötor,
844 254 46 15 som
906 247 38 21 äro

193 282 38 21 hät
254 282 24 21 af
297 288 38 15 sex
354 281 32 21 till
405 283 32 27 sju
458 282 92 21 famnars
569 282 65 28 längd
651 281 40 21 och
707 282 101 28 utläggas
825 282 27 28 på
867 282 77 28 grund,

193 316 39 22 der
251 316 152 28 stiömmingen
419 316 65 26 leker,
500 316 66 28 torde
578 324 50 13 vara
643 316 24 21 af
681 316 153 28 otvifvelaktig
849 316 95 28 skadlig-

194 351 43 26 het,
253 350 87 22 eiiedän
357 350 37 21 det
406 351 46 27 just
466 352 23 20 är
504 348 68 23 under
586 350 96 21 lektiden
699 348 54 22 fiske
768 348 48 22 med
832 349 64 22 dessa
907 350 37 20 nät

194 385 62 21 idkas
272 384 41 21 och
328 384 105 21 fiskarene
448 384 27 21 dä
486 385 53 27 göra
551 384 32 21 sin
596 384 131 28 lyckligaste
739 383 40 21 och
792 384 62 21 bästa
865 384 79 28 fångst;

193 424 48 16 inen
265 418 32 20 till
320 418 53 28 följd
392 418 63 22 deraf
471 422 30 17 att
519 418 99 28 fängsten
634 419 23 20 är
673 418 24 21 sä
712 418 35 21 rik
761 418 41 21 och
818 418 62 22 alltid
894 418 51 22 sker

194 453 68 20 under
277 452 102 27 lektiden,
395 452 123 22 förorsakas
534 453 63 21 äfven
610 452 41 21 den
663 451 81 22 största
757 452 68 21 skada
836 452 48 22 med
896 452 48 21 des=

194 493 24 14 sa
237 486 98 28 bragder.
372 483 44 25 Det
435 487 23 21 är
477 487 75 22 endast
567 486 151 29 skadligheten
735 487 24 20 af
771 486 59 22 detta
845 487 98 21 fiskesätt

192 523 38 27 jag
246 521 58 21 velat
318 521 113 21 framhålla
446 521 39 21 och
501 529 62 13 anser
579 521 41 22 den
635 529 52 13 vara
703 521 85 21 utredd.

262 561 32 21 Pä
316 561 48 21 herr
383 561 164 22 talmannens
571 561 61 29 fräga
651 568 34 14 om
705 557 86 25 ständet
814 560 129 23 oförändrad

194 594 50 23 ville
268 591 116 33 godkänna
406 595 70 21 denna
497 596 76 27 punkt;
592 594 102 23 svarades
713 596 8 20 i
736 595 37 22 det
786 596 107 21 närmaste
908 602 36 15 en:

194 630 79 28 hälligt
285 630 33 27 ja;
342 629 40 21 och
398 629 66 21 sedan
479 630 85 21 ständet
575 629 81 29 jemväl
672 629 105 22 förklarat
792 629 34 28 sig
842 632 50 19 utan
907 630 37 21 än-

193 660 65 32 dring
273 664 51 28 vilja
339 667 78 25 antaga
433 664 94 28 punkten
539 664 20 27 6,
575 662 124 31 öfvergicks
712 664 33 21 till
757 664 97 29 punkten
866 663 19 28 7;
896 663 48 22 der-

194 698 62 21 öfver
272 698 54 21 först
342 698 84 28 yttrade
442 695 43 32 sig:

263 736 57 23 Herr
334 734 134 25 Juselius:
497 737 44 22 För
556 738 44 21 min
615 734 35 25 del
667 734 98 26 förordar
778 739 38 28 jag
831 736 37 23 det
882 745 61 14 sena-

194 779 22 13 re
233 771 142 28 alternativet,
391 779 46 14 som
453 773 6 20 i
475 772 104 21 utskottet
595 773 110 20 omfattats
721 773 24 20 af
754 772 130 28 deputerade
896 772 47 21 från

194 805 151 28 tidderskapet
360 806 41 21 och
417 806 62 21 adeln
491 809 55 18 samt
559 807 164 26 bondeståndet,
735 806 52 21 eller
799 808 31 19 att
840 806 37 21 det
888 806 55 21 skall

195 840 51 21 bero
262 840 28 28 på
308 840 52 21 äftal
379 841 92 21 emellän
490 841 133 28 delegarehe,
642 849 35 13 om
696 846 26 15 en
742 840 98 29 delegare
855 841 7 21 i
878 837 66 25 oskift

194 875 46 21 tadt
256 874 135 28 fiskevatteti,
407 874 48 22 ined
472 873 148 23 bibehållande
636 875 25 21 af
674 875 33 22 sin
723 875 43 21 rätt
776 874 33 22 till
820 875 124 27 detsaminä,

194 909 32 21 får
245 909 69 21 tillåta
334 915 69 15 annan
419 912 31 18 att
465 909 54 21 fiska
534 910 6 20 i
557 910 36 21 det
608 914 159 24 gemensamma
781 911 89 26 vattnet;
886 910 7 21 i
908 917 36 14 en-

194 943 68 29 lighet
284 943 102 22 hvarmed
409 944 71 21 såsom
503 944 78 21 allmän
600 940 58 32 regel
677 944 70 21 skulle
766 944 126 28 uppställas,
908 943 36 23 det

193 978 44 21 rätt
252 978 33 20 till
300 977 65 21 fiskes
381 978 93 21 idkände
489 976 42 23 kan
547 974 116 25 öfverlätäs
679 978 22 22 ät
717 984 77 20 annan,
810 974 74 25 såvida
895 985 49 21 ega-

193 1018 37 15 ren
246 1012 52 28 sjelf
311 1012 66 21 afstär
392 1012 101 28 derifrän,
508 1016 55 17 samt
578 1010 97 24 tillstånd
692 1015 32 18 att
739 1012 7 21 i
761 1009 105 24 oskiftadt
881 1012 63 22 fiske-

193 1049 74 19 vatten
290 1046 138 22 utarrendera
449 1046 33 22 sin
504 1046 98 22 fiskerätt
625 1047 52 21 börä
699 1050 79 25 egafen
797 1046 147 22 tillerkännas:

192 1080 46 21 Det
259 1080 49 22 med
327 1080 42 22 den
388 1080 80 29 nådiga
487 1081 161 28 propositionen
664 1080 234 22 öfverensstämmande
914 1080 30 22 al-

192 1114 101 28 ternativ,
312 1114 89 22 hvarom
417 1114 27 22 de
460 1115 68 29 begge
544 1114 67 22 andra
626 1115 102 21 ständens
744 1113 130 29 deputerade
889 1115 7 21 i
911 1117 33 19 ut-

192 1149 82 21 skottet
290 1149 84 21 förenat
390 1145 41 33 sig,
446 1153 65 25 synes
525 1150 46 28 mig
585 1149 98 22 deremot
694 1146 109 24 innehålla
813 1156 25 14 en
851 1148 93 29 principy

193 1190 47 15 som
256 1184 24 20 är
294 1183 111 21 stridande
420 1186 58 18 emot
493 1191 27 14 nu
536 1184 101 28 gällande
652 1182 120 30 stadgande
787 1183 6 21 i
808 1184 10 19 1
830 1183 12 28 &
856 1184 24 20 17
893 1183 51 28 kap:

192 1215 27 23 B.
234 1217 34 28 B.,
284 1217 38 22 der
337 1217 37 22 det
388 1216 62 30 säges
466 1219 32 19 att
512 1218 53 21 hvar
581 1215 40 24 och
637 1225 26 13 eri
675 1218 34 21 mä
720 1216 70 30 nyttja
802 1217 67 21 oskift
880 1217 64 21 fiske-

192 1255 74 19 vatten
288 1252 76 22 endast
383 1252 33 22 till
436 1252 33 22 sin
489 1252 103 22 nödtorft.
629 1249 54 24 Med
699 1251 101 22 afseende
816 1251 52 21 härä
882 1254 62 19 anser

190 1286 38 28 jag
246 1287 37 20 det
302 1285 24 22 af
342 1286 151 28 ridderskapet
508 1286 40 22 och
564 1286 74 22 adelns
654 1289 55 18 samt
725 1286 167 21 bondeständets
908 1286 36 21 de-

191 1320 105 28 puterade
315 1320 117 22 förordade
448 1321 136 21 alternativet
599 1320 65 22 hafva
679 1320 109 22 företräde
803 1318 89 24 framför
907 1320 37 22 det

192 1354 74 22 andra.

260 1385 58 25 Herr
334 1388 135 22 Sundman
491 1386 102 25 förenade
616 1385 34 33 sig
673 1388 32 22 till
726 1388 43 22 alla
787 1384 59 26 delar
865 1388 6 21 i
886 1383 57 27 hvad

190 1422 51 23 herr
258 1422 97 23 Juselius
374 1424 113 21 ofvanföre
503 1426 68 26 yttrat
585 1423 41 23 och
642 1423 51 23 sade
709 1423 35 29 sig
760 1423 64 22 äfven
839 1422 7 22 i
861 1422 83 22 utskot:

189 1460 33 28 tet
236 1457 64 23 hafva
315 1457 71 29 hyllat
400 1464 82 17 samma
497 1458 87 30 äsigter.
