1039 1773
773 131 41 22 367

95 202 42 24 ock
158 201 60 25 detta
239 200 135 26 betänkande
396 199 119 26 innehåller
537 209 25 16 en
585 199 112 32 uppenbar
715 204 130 28 motsägelse

96 242 58 18 emot
175 238 129 30 stadgandet
322 238 6 21 i
348 238 12 20 6
376 238 13 28 &
407 240 9 19 1
435 238 49 27 kap.
500 236 29 22 G.
544 236 34 29 B.,
593 244 47 14 som
655 237 81 22 tillåter
751 239 94 27 gvinnan

97 277 32 17 att
151 273 35 21 vid
206 274 79 20 femton
304 272 34 22 års
356 272 61 21 ålder
436 272 50 28 ingå
500 271 128 28 äktenskap.
665 270 102 28 COvinnan
782 278 64 15 anses

97 307 82 21 således
194 307 37 22 vid
246 307 70 21 denna
330 306 60 21 ålder
405 313 77 21 mogen
497 306 33 20 till
547 305 142 29 propagation
705 305 53 22 eller
773 308 31 19 att
814 306 33 21 fö-

97 342 29 21 da
145 341 51 22 barn
214 344 56 19 samt
287 341 64 21 äfven
370 340 66 21 hafva
454 340 80 20 lemnat
551 340 39 20 sitt
606 340 109 28 barnsliga
730 340 60 20 sinne
805 339 42 21 och

98 383 53 14 vara
172 376 32 20 till
226 376 47 20 sina
294 374 229 29 själsförmögenheter
541 374 24 20 så
580 373 105 27 utbildad,
700 377 32 18 att
746 374 43 21 hon
804 374 43 21 kan

98 410 53 28 ingå
172 409 117 29 giftermål,
311 408 76 22 medan
411 408 97 22 deremot
529 408 34 20 nu'
581 408 123 28 föreslagna
727 408 121 29 stadgande

99 445 71 20 såsom
190 451 25 14 en
234 442 147 29 onaturlighet
400 442 109 22 betraktar
523 442 115 28 lägersmål
654 442 47 21 med
717 450 27 14 en
759 442 89 29 qvinna,

100 486 47 13 som
169 479 18 28 ej
211 478 50 29 fyllt
282 478 80 28 sjutton
382 477 30 27 år,
431 481 55 16 samt
505 477 102 27 belägger
622 476 161 29 lägersmannen
800 475 49 23 med

100 513 68 28 högre
190 519 78 15 ansvar
286 513 27 20 än
333 511 36 28 lag
385 512 34 20 för
434 510 66 22 sådan
516 511 131 28 förbrytelse
661 511 7 20 i
684 511 118 21 allmänhet
817 513 33 18 ut-

101 547 73 21 sätter.
216 546 75 29 Lagen
317 545 71 22 skulle
414 545 83 22 således
523 545 72 21 såsom
617 545 66 28 något
705 544 146 29 naturvidrigt

101 581 93 28 stämpla
212 581 114 29 lägersmål
345 580 24 21 af
382 580 87 27 qvinna,
485 587 46 14 som
546 587 52 14 vore
614 579 179 29 äktenskapsgild
809 579 41 21 och

101 617 93 26 uppnått
208 616 40 21 den
264 615 66 27 ålder,
345 618 31 17 att
390 622 26 13 en
433 621 43 21 ung
491 622 56 19 man,
563 617 50 18 utan
625 609 32 26 att
667 614 77 21 sådant
755 615 22 20 af
776 613 76 30 lagen

102 650 114 29 ogillades,
234 649 71 22 kunde
323 649 67 21 inlåta
408 648 34 28 sig
461 649 6 20 i
483 648 165 21 kärlekshandel
663 648 48 21 med
728 648 68 21 henne
810 647 42 22 och

103 685 54 20 söka
179 685 65 20 vinna
266 684 79 20 hennes
368 683 153 27 tillgifvenhet,
539 683 66 20 ehuru
625 690 48 13 man
693 682 35 21 väl
747 682 69 21 måste
831 681 22 22 få

104 722 78 25 antaga
198 722 30 17 att
243 717 26 22 de
283 717 62 21 flesta
360 717 45 26 fall,
420 717 28 20 då
462 716 41 22 den
519 718 99 20 oerfarna
633 717 94 27 qvinnan
744 716 62 21 faller
820 715 34 22 of-

104 753 33 21 fer
155 753 34 21 för
204 751 135 27 förförelsen,
354 751 86 21 inträffa
452 751 46 28 just
513 751 68 21 under
596 751 66 21 sådan
678 750 176 22 kärlekshandel.

104 787 45 22 Det
167 786 123 28 föreslagna
308 785 136 29 stadgandet,
462 789 31 17 att
511 786 95 27 qvinnan
622 785 19 28 ej
657 785 69 21 skulle
741 792 52 14 vara
808 792 46 14 mo-

105 829 42 20 gen
165 821 45 21 förr
228 821 26 20 än
270 819 36 22 vid
322 821 80 27 sjutton
418 819 31 27 år,
465 819 41 22 blir
521 820 24 21 så
560 819 87 29 mycket
660 827 59 14 mera
733 819 122 28 olämpligt,

105 863 36 13 om
156 862 48 13 man
220 854 102 21 betänker
338 857 31 18 att
384 853 65 22 seden
466 854 64 21 bland
547 854 106 28 allmogen
668 853 8 22 i
691 853 48 22 vårt
754 853 50 22 land
820 853 36 21 til-

105 889 54 21 låter
174 890 78 20 tvänne
268 888 121 22 trolofvade
404 896 34 20 en,
454 896 34 14 om
501 890 39 27 jag
555 889 24 21 så
591 889 32 21 får
633 888 101 28 uttrycka
745 888 51 29 mig,
808 895 49 21 pre-

105 924 86 20 liminär
213 922 175 28 sammanlefnad,
406 923 8 21 i
433 923 37 21 det
492 922 135 22 föräldrarne
645 922 104 28 tillstädja
763 922 33 21 sin
812 925 46 18 tro-

105 957 88 22 Jofvade
214 957 71 21 dotter
307 960 32 18 att
356 960 109 25 emottaga
484 957 91 29 nattliga
595 956 66 22 besök
676 957 25 21 af
714 957 143 21 fästmannen.

107 992 76 22 Skulle
202 992 28 21 då
247 991 41 21 den
304 991 93 29 olyckan
414 991 93 27 inträffa,
523 995 31 17 att
569 992 94 27 qvinnan
679 991 73 21 blefve
767 990 91 22 hafvan-

107 1026 34 26 de,
161 1026 83 21 hvilket
261 1025 67 21 under
347 1024 81 22 sådana
443 1023 150 24 förhållanden
608 1025 48 21 icke
671 1032 66 22 synes
751 1032 52 14 vara
818 1024 41 22 all-

107 1061 59 21 deles
183 1060 124 28 onaturligt,
322 1060 24 21 så
361 1060 57 21 skall
430 1060 172 28 lägersmannen,
614 1059 67 29 enligt
693 1058 117 22 utskottets
822 1058 37 22 be-

107 1094 116 27 tänkande,
242 1094 85 21 straffas
345 1093 48 23 med
409 1094 79 21 urbota
502 1101 85 19 ansvar,
603 1093 40 21 och
658 1093 69 28 enligt
742 1092 41 22 den
799 1092 61 22 nådi-

107 1136 30 21 ga
155 1128 170 28 propositionen,
343 1128 48 21 med
410 1127 91 22 dubbelt
519 1128 149 21 bötesansvar.
702 1126 159 22 Förhållandet

108 1164 31 26 är,
161 1166 31 18 att
212 1162 63 22 bland
294 1162 26 22 de
339 1162 127 29 lagförslag,
485 1170 48 14 som
548 1162 36 21 vid
600 1162 62 21 nästa
677 1161 105 29 landtdag
796 1159 65 23 skola

108 1196 116 22 ständerne
246 1197 131 28 föreläggas,
400 1196 145 22 förekommer
567 1197 64 26 äfven
651 1196 74 28 frågan
745 1202 35 14 om
795 1194 67 22 fram-

109 1230 113 30 skjutande
244 1231 25 21 af
288 1231 41 21 den
351 1238 27 14 nu
398 1230 7 22 i
424 1230 37 29 lag
479 1230 106 29 stadgade
604 1228 208 30 äktenskapsåldern
827 1228 35 22 för

109 1266 103 26 qvinnan.
249 1264 12 21 I
280 1265 193 28 januariutskottet
495 1266 34 20 för
546 1265 37 21 två
601 1265 23 21 är
643 1264 74 27 sedan,
735 1263 39 22 der
791 1262 71 23 denna

109 1300 63 28 fråga
190 1298 100 29 utgjorde
308 1298 90 22 föremål
417 1299 35 21 för
469 1298 133 28 diskussion,
618 1298 96 28 föreslog
726 1298 39 28 jag
780 1298 82 28 sjutton

109 1334 31 26 år,
160 1334 74 20 medan
250 1332 98 22 deremot
362 1333 142 28 regeringens
521 1333 88 29 förslag,
625 1340 46 14 som
687 1332 64 22 äfven
766 1331 37 21 vid
818 1338 46 14 om-

109 1368 101 28 röstning
232 1367 24 21 af
271 1367 116 21 utskottets
406 1366 113 29 pluralitet
534 1367 100 29 gillades,
649 1370 84 25 upptog
748 1368 77 19 sexton
841 1365 23 21 år

110 1402 72 20 såsom
205 1401 41 22 den
268 1401 103 29 tidigaste
389 1401 61 21 ålder
469 1401 34 21 för
521 1401 94 28 qvinnan
635 1404 32 18 att
681 1400 52 29 ingå
747 1399 117 30 giftermål.

111 1434 45 22 Om
178 1434 194 29 giftermälsäldern
396 1435 34 21 för
453 1436 95 26 gvinnan
572 1434 115 23 framdeles
706 1434 42 22 blir
767 1430 97 24 bestämd
