1039 1773
769 127 42 21 463

88 198 80 15 samma
186 191 130 28 sjukdomar,
339 197 45 15 som
405 191 157 28 tjenstehjoneti
581 189 71 22 kunna
667 192 90 26 antagas
773 190 67 22 hafva

88 229 49 18 utan
157 229 49 25 eget
222 224 132 22 förvällande
369 224 87 29 ådragit
471 224 40 28 sig.
549 224 44 21 Det
608 224 42 21 kan
665 227 15 18 t.
696 232 34 13 ex.
746 224 93 27 inträffa,

88 264 31 17 att
137 259 129 29 tjenstehjon
285 259 41 21 fätt
344 258 40 22 den
404 260 24 20 af
440 266 27 13 en
483 256 130 30 föregäende
628 258 67 21 talare
711 258 129 22 omnämnda

88 294 85 20 smittan
193 293 68 22 skabb
278 295 45 27 just
341 293 24 21 af
381 293 38 21 sitt
434 292 161 22 husbondefolk
610 292 52 21 eller
677 292 62 28 eljest
753 293 7 20 i
776 292 63 22 deras

89 328 46 20 hus.
172 326 76 22 Skalle
270 334 28 14 nu
316 327 60 21 detta
396 327 72 21 kunna
487 327 77 28 utgöra
579 326 118 29 tillräcklig
713 326 126 29 rättsgrund

89 362 33 20 för
142 362 124 21 husbonden
282 364 32 18 att
328 360 64 29 skilja
407 360 152 28 tjenstehjonet
574 368 25 13 ur
614 362 92 27 tjensten
722 361 41 21 och
778 360 62 22 utka-

88 400 34 17 sta
139 396 37 21 det
194 396 28 28 pä
237 395 140 28 landsvägen,
392 395 24 21 sä
432 394 71 22 blefve
519 394 127 28 sjukdomen
662 395 125 29 derigenom
803 396 37 20 än-

89 438 28 13 nu
139 430 111 29 vädligare
272 430 34 21 för
324 430 36 20 det
378 429 115 27 allmänna,
511 430 52 20 enär
582 429 36 21 det
633 430 90 21 sålunda
738 430 102 20 utvräkta

89 465 153 28 tjenstehjonet
257 464 105 21 mähända
377 464 85 21 komme
479 467 31 17 att
525 463 75 29 stryka
616 464 45 21 frän
674 464 53 28 gärd
740 465 32 20 till
785 463 55 29 gärd

89 499 40 21 och
146 499 120 28 dymedelst
281 498 90 21 utbreda
386 498 95 26 smittän,
498 499 26 19 än
540 505 34 14 om
591 498 126 21 husbonden
733 499 61 28 äläge
808 501 32 18 att

90 541 34 13 om
136 533 150 28 tjenstehjonet
295 536 51 25 taga
354 533 59 20 vård.
436 531 66 22 Hvad
517 532 74 21 vidare
605 532 101 21 beträffar
718 532 26 21 de
757 533 83 21 smitto-

89 575 81 14 samma
192 567 150 29 sjukdomarne
364 567 41 20 och
424 567 61 20 deras
505 566 140 29 behandling,
664 567 23 21 sä
706 568 25 20 är
745 566 59 22 detta
818 574 22 14 e-

89 602 110 28 gentligen
219 604 31 19 ett
268 602 67 26 ämne,
354 608 45 13 som
416 601 64 28 utgör
496 601 89 21 föremäl
602 602 33 20 för
650 601 190 28 sundhetspolisen

90 636 41 21 och
154 636 48 21 icke
225 636 39 21 bör
285 635 51 28 ingå
355 635 6 21 i
380 635 216 28 legohjonsstadgan,
615 635 87 22 hvilken
720 636 56 21 blott
790 643 50 21 eger

89 674 32 17 att
136 670 68 21 uttala
218 669 41 22 den
276 669 122 28 grundsats,
414 673 32 16 att
461 669 126 21 husbonden
603 670 24 20 är
642 670 89 28 skyldig
743 673 31 18 att
784 677 57 21 egna

89 704 130 28 tjenstebjon
235 704 81 21 skötsel
332 701 40 24 och
388 703 53 21 vård
457 703 37 21 vid
509 703 129 22 inträffande
653 704 107 27 sjukdom.
782 703 12 22 I
809 704 32 21 af-

89 739 77 21 seende
181 739 45 21 åter
242 739 12 20 å
269 738 75 29 frågan
360 745 34 14 om
411 738 140 28 tjenstehjons
564 739 43 20 rätt
618 741 31 18 att
661 736 68 23 under
740 737 100 30 sjukdoni

89 773 139 22 utbekomma
249 773 74 26 lönen,
346 773 24 20 så
392 772 91 29 antyder
505 772 67 21 redan
595 769 41 24 den
659 772 80 29 nådiga
761 779 80 22 propo-

90 808 99 26 sitionen,
205 810 31 17 att
254 807 137 28 tjenstehjon,
408 807 81 28 jemväl
509 807 24 20 så
548 807 63 28 länge
628 807 128 28 sjukdomen
772 815 69 19 varar,

91 841 38 22 bör
151 841 81 22 erhålla
250 841 43 27 lön,
312 849 48 13 men
378 841 97 21 deremot
491 848 51 14 vara
557 839 120 23 förbunden
693 844 32 18 att
739 841 52 28 sjelf
805 842 36 21 be-

89 875 44 21 tala
148 875 80 21 skötsel
244 875 40 21 och
299 874 135 28 läkarevård,
450 875 89 21 såframt
554 875 48 21 icke
618 875 57 21 visas
691 875 42 21 kan
745 879 32 17 att
788 876 54 27 tjen-

90 910 107 28 stehjonet
211 914 50 16 utan
278 913 49 25 eget
342 909 133 21 förvållande
491 913 56 17 samt
562 910 6 20 i
585 909 40 21 och
642 911 33 20 för
691 910 33 21 sin
739 910 66 28 tjenst
820 910 22 21 ä-

90 944 72 28 dragit
180 944 34 28 sig
230 938 132 33 sjukdomen.
397 943 43 21 Om
457 944 157 28 behandlingen
631 944 24 20 af
668 944 100 21 venerisk
782 944 60 21 smit-

90 983 22 16 ta
127 978 68 21 finnas
211 978 107 21 särskilda
333 978 143 26 föreskrifter,
492 978 40 21 och
549 978 126 21 husbonden
692 978 104 21 behöfver
806 986 36 13 en-

90 1012 50 21 dast
155 1020 34 13 om
205 1012 49 20 dess
270 1012 86 21 tillvaro
371 1012 85 21 anmäla
472 1012 40 21 hos
528 1012 163 22 vederbörande
706 1012 136 29 myndighet,

90 1046 25 22 sä
129 1050 89 24 antager
233 1047 33 27 sig
282 1046 69 21 denna
366 1046 41 21 den
422 1046 73 28 sjukes
511 1046 60 21 värd.

158 1086 106 28 Följande
286 1086 160 28 propositioner
469 1086 73 22 blefvo
565 1086 94 22 härefter
681 1086 24 22 af
725 1086 49 21 herr
792 1086 50 21 tal-

90 1128 109 14 mannen
216 1120 143 22 framställde:

161 1157 39 19 1:0.
230 1155 98 28 Antager
346 1154 86 22 ståndet
446 1156 13 27 &
477 1156 12 20 5
505 1155 69 28 enligt
591 1154 42 22 den
649 1155 79 28 nådiga
743 1154 100 28 proposi-

90 1188 90 23 tionen?
195 1189 52 21 eller
262 1190 37 20 vill
316 1189 86 21 ständet
413 1189 94 21 utesluta
520 1196 75 14 senare
606 1197 64 13 mom.
682 1189 6 21 i
701 1187 142 29 paragrafen?

160 1224 34 21 De
216 1232 46 13 som
286 1224 50 21 ville
354 1224 37 20 det
410 1224 65 27 förra,
495 1224 69 21 skulle
580 1231 63 14 svara
656 1224 29 28 ja,
701 1223 26 21 de
743 1230 47 14 som
806 1223 38 21 ön-

89 1258 69 21 skade
172 1258 38 21 det
224 1265 82 20 senare,
324 1265 62 14 svara
401 1259 41 27 nej.

159 1292 44 21 Vid
223 1292 27 28 pä
270 1292 92 28 begäran
382 1292 93 21 anställd
491 1292 101 29 votering
607 1292 100 28 algäfvos
725 1292 26 20 16
764 1292 23 28 ja
802 1291 41 21 och

92 1327 26 21 15
135 1326 47 28 nej?
197 1327 32 20 till
247 1327 52 28 följd
316 1327 80 21 hvaraf
408 1328 129 28 paragrafen
553 1327 6 21 i
575 1328 33 20 sin
621 1326 72 22 helhet
705 1334 37 14 var
754 1327 24 20 af
787 1326 57 21 stän-

89 1360 38 22 det
143 1364 97 25 antagen.
798 1386 2 4 |

159 1401 40 21 2:0.
231 1399 46 23 Vill
301 1400 85 22 ståndet
408 1404 32 18 att
459 1401 6 20 i
485 1408 75 14 senare
579 1408 64 14 mom.
663 1401 90 21 framför
772 1399 72 22 ordet:

90 1435 96 21 ”smitta”
202 1435 54 21 skall
272 1436 82 21 införas
369 1435 73 21 ordet:
459 1434 203 30 ”vederstygglig”?
