1039 1773
780 149 41 21 379

95 210 85 22 ståndet
195 210 33 23 till
244 210 39 20 den
301 217 26 13 nu
344 209 127 23 meddelade
487 209 162 29 inbjudningen,
662 210 89 22 hvilken
764 212 86 21 ståndet

95 244 86 21 derföre
200 244 69 21 skulle
285 244 6 20 i
307 247 73 25 moget
394 244 162 28 öfvervägande
572 247 61 25 taga;
655 244 41 22 och
713 244 87 23 hvilken
816 250 34 17 ut-

96 278 84 29 gången
196 278 64 21 deraf
272 279 26 20 än
315 278 77 26 blefve,
408 278 70 21 skulle
493 278 6 20 i
516 278 67 26 detta,
598 278 110 21 likasom
697 274 13 37 i
725 279 42 21 alla
782 281 68 21 andra

96 312 96 27 ärender,
204 312 96 22 ståndets
317 312 140 28 uppfattning
472 312 25 21 af
509 312 38 20 det
561 313 56 20 rätta
632 312 41 21 och
688 312 51 22 dess
755 314 95 28 öfverty-

95 346 58 29 gelse
168 354 36 15 om
219 346 36 23 det
271 346 33 22 för
320 346 173 22 fäderneslandet
508 346 150 28 gagneligaste
674 348 79 28 utgöra
764 347 85 22 lednin-

97 388 41 20 gen
154 381 34 21 för
203 381 36 23 det
254 380 77 27 beslut,
347 380 86 22 ståndet
448 380 85 21 komme
548 384 32 18 att
595 381 60 21 fatta.

164 425 72 23 Sedan
255 426 153 28 deputationen
428 425 94 22 härefter
537 426 88 26 afträdt,
643 426 112 28 upplästes
773 428 75 21 ofvan-

96 460 94 25 nämnda
198 458 212 33 protokollsutdrag,
426 460 83 21 hvilket
524 468 39 13 var
577 461 24 20 sä
616 461 104 28 lydande:

300 494 129 24 ”Transumt
444 495 24 20 af
481 495 168 27 presteständets
665 495 36 21 vid
715 496 133 29 landtdagen

266 529 7 21 i
289 528 139 29 Helsingfors
448 528 171 32 pleniprotokoll
635 530 34 22 för
684 529 164 23 nedannämnde

267 563 68 29 dagar
350 563 23 23 är
390 563 62 23 1864.

394 596 49 24 Den
459 597 12 20 7
487 604 64 15 mars.

163 632 123 23 Fortsattes
304 631 160 29 behandlingen
484 632 25 22 af
521 631 154 29 lagutskottets
691 632 136 23 betänkande
841 633 8 22 i

97 667 117 28 anledning
236 667 24 20 af
280 666 78 28 nädiga
377 666 171 27 propositionen,
564 666 111 28 angäende
689 667 93 28 ändring
797 668 7 20 i
820 675 29 13 nu

97 701 101 30 gällande
213 700 133 29 stadganden
362 707 34 14 om
411 700 128 29 kyrkoplikt
554 700 41 21 och
609 700 153 29 upphäfvande
774 701 24 22 af
806 701 42 22 den

98 737 33 23 för
147 736 58 21 vissa
220 735 59 21 brott
293 734 109 29 päbjudna
417 735 65 28 afgift
497 734 33 21 till
546 734 76 29 kyrka.

166 803 102 23 Ständets
287 803 71 22 beslut
373 803 47 21 blef
433 803 63 21 alltsä
510 803 107 28 följande:
640 803 13 29 &
669 803 11 24 1
696 807 79 25 antogs
789 804 60 21 oför-

97 838 92 26 ändrad;
205 839 13 30 &
234 839 13 22 2
262 837 71 22 skulle
348 837 81 22 erhålla
445 837 95 28 följande
551 837 94 29 lydelse:
661 837 56 22 ”Till
728 838 120 28 kyrkotuk-

97 877 48 18 tens
159 871 190 32 upprätthällande
364 871 66 22 varde
446 871 57 24 dock
517 872 118 29 iakttaget:
651 875 30 19 att
696 872 41 22 den
753 880 49 14 man
818 873 31 21 el-

97 908 32 21 ler
147 908 87 28 gvinna,
256 914 45 14 som
318 906 72 22 blifvit
406 906 89 22 beträdd
512 906 48 22 med
577 907 64 27 brott,
656 906 13 22 å
683 906 86 22 hvilket
784 906 64 22 hitin-

96 942 45 22 tills
156 941 98 28 offentlig
270 941 52 23 eller
337 940 85 22 enskild
438 940 129 28 kyrkoplikt
579 940 52 29 följa
643 940 54 27 bort,
710 942 18 27 ej
741 941 34 21 mä
787 940 61 22 kom-

97 984 35 14 ma
150 976 7 21 i
176 974 124 30 ätnjutande
322 975 25 21 af
362 974 41 22 den
420 974 71 29 heliga
507 975 135 27 nattvarden,
657 975 66 21 innan
738 975 42 21 han
795 975 53 21 eller

97 1010 43 23 hon
158 1009 40 23 hos
218 1010 31 20 sin
269 1009 141 28 själasörjare,
430 1009 7 20 i
453 1009 36 21 tvä
503 1009 53 21 eller
571 1012 32 18 tre
619 1009 24 21 af
655 1012 87 25 presten
758 1009 90 22 utsedde

96 1045 94 21 vittnens
213 1044 97 25 närvaro,
334 1043 140 24 underkastat
493 1044 34 28 sig
546 1043 95 22 enskildt
659 1043 131 22 skriftermäl
806 1044 42 21 och

96 1078 76 22 dervid
195 1078 84 21 undfätt
300 1077 111 28 aflösning
433 1077 7 21 i
462 1077 42 21 den
527 1077 100 29 ordning,
649 1084 46 15 som
718 1078 35 22 för
771 1077 77 22 sädant

95 1112 131 24 skriftermäl
242 1112 139 22 härförinnan
396 1112 56 20 varit
467 1112 53 21 eller
532 1112 115 21 framdeles
658 1111 78 22 varder
747 1112 101 28 stadgad,

96 1147 90 23 sälunda
204 1146 75 26 likväl,
298 1149 31 17 att
348 1145 153 23 skriftermälet
520 1146 18 28 ej
554 1146 57 21 skall
625 1145 146 29 ovilkorligen
785 1146 63 21 verk-

95 1182 75 21 ställas
189 1181 8 23 i
215 1180 122 26 sakristian,
352 1182 50 19 utan
418 1180 42 26 mä,
474 1187 35 14 om
525 1180 41 21 den
581 1180 108 21 sakfällde
705 1180 36 22 det
756 1179 92 28 fordrar,

97 1215 98 29 försiggä
215 1214 38 23 hos
272 1218 85 24 presten
373 1214 11 24 i,
395 1214 54 22 hans
465 1214 99 22 hemvist.
601 1214 86 22 Jemväl
704 1221 50 14 vare
769 1214 79 21 tillåtet

95 1252 32 18 att
146 1248 159 28 skriftermälet,
324 1248 38 22 der
376 1248 41 22 den
433 1248 107 22 sakfällde
556 1248 52 28 sjelf
620 1248 76 22 sädant
711 1247 86 28 önskar,
813 1248 36 21 mä

95 1284 39 23 ske
153 1284 7 21 i
179 1283 49 23 hela
246 1282 164 28 församlingens
429 1283 92 21 närvaro
540 1282 7 21 i
566 1282 109 29 kyrkan”;
693 1282 14 29 &
722 1282 13 21 3
751 1282 24 21 af
786 1281 61 22 nädi-

95 1325 29 21 ga
139 1316 169 30 propositionen,
328 1316 70 21 säsom
414 1316 68 28 enligt
497 1316 131 28 föregäende
643 1316 113 29 paragrafs
771 1316 77 22 redak-

95 1352 46 21 tion
156 1350 87 29 -onödig,
258 1350 70 21 skulle
344 1350 35 21 hel
395 1350 41 21 och
452 1350 71 22 hållen
539 1350 62 28 utgå;
625 1350 12 30 &
652 1350 13 21 4
680 1350 7 21 i
703 1350 80 29 nådiga
797 1358 51 20 pro-

95 1386 129 29 positionen,
243 1384 150 28 motsvarande
412 1384 12 28 &
440 1384 12 20 3
468 1384 7 21 i
494 1384 250 27 utskottsbetänkandet,
761 1384 86 21 bortvo-

96 1420 91 26 terades,
202 1418 41 22 och
259 1418 85 22 komme
360 1418 136 29 följaktligen
513 1419 91 28 afgiften
619 1418 33 21 till
668 1418 71 29 kyrka
753 1418 34 21 för
801 1421 47 18 tve-

93 1454 62 30 gifte,
178 1453 116 27 horsbrott,
317 1456 64 18 annat
403 1452 114 28 lägersmäl
537 1452 41 22 och
598 1452 79 29 otidigt
695 1451 105 29 sängelag
815 1455 32 19 att
