1039 1773
780 140 41 22 377

167 202 41 21 3:0.
240 201 44 21 Vill
310 202 85 22 ståndet
418 201 83 22 fördela
521 201 40 21 den
582 202 85 29 tryckta
682 202 110 30 upplagan
808 204 44 22 stä-

99 236 65 21 derne
179 236 105 22 emellan?
299 236 111 27 (besvaras
428 236 45 21 med
489 236 32 28 ja)

447 270 53 20 eller

168 303 61 22 Skall
245 304 108 28 upplagan
370 304 143 21 öfverlemnas
530 304 32 21 till
576 304 145 26 bokhandeln,
732 305 65 21 sedan
810 306 43 21 lik-

99 338 36 20 väl
158 342 30 17 ett
210 339 108 27 exemplar
341 338 138 28 undantagits
503 338 34 21 för
560 338 72 28 hvarje
651 338 63 22 stad?
739 340 112 28 (besvaras

101 372 48 22 med
165 373 51 27 nej.)

168 406 47 21 Den
239 406 51 22 härå
312 406 107 22 anställda
438 407 99 28 votering
555 406 97 22 lemnade
670 407 32 22 till
718 408 91 22 resultat
823 408 28 21 23

97 440 24 29 ja
136 440 40 22 och
192 440 12 21 7
221 441 39 27 nej.

168 475 11 20 I
199 475 51 28 följd
270 475 24 21 af
306 475 63 21 dessa
384 475 160 28 omröstningar
561 475 152 22 formulerades
728 484 28 13 nu
773 477 78 28 borga-

101 509 119 22 reståndets
237 509 68 21 beslut
321 509 27 28 på
364 509 94 28 följande
474 510 53 20 sätt:
836 505 3 5 |

168 543 182 29 Borgareståndet
369 543 38 20 vill
427 543 27 28 på
472 547 50 25 eget
540 543 71 29 förlag
630 545 24 20 af
666 545 86 28 trycket
767 545 85 28 utgifva

101 577 38 22 sitt
160 577 36 22 vid
215 578 69 21 denna
302 577 106 29 landtdag
428 577 73 22 hållna
520 578 109 27 protokoll
647 579 41 20 och
708 579 143 22 öfverlemnar

101 612 61 21 detta
183 612 72 22 arbete
273 613 22 20 åt
313 612 75 22 firman
407 611 115 23 Frenckell
539 613 20 21 &
575 611 52 29 Son,
647 616 57 18 emot
719 613 132 22 förbindelse

101 646 13 21 å
129 646 50 22 dess
194 646 54 26 sida,
263 647 18 28 ej
298 646 82 22 mindre
395 649 31 18 att
441 647 76 28 trycka
533 647 133 27 protokollet
680 647 49 22 med
739 648 112 21 enahanda

101 681 68 26 stilar,
191 681 28 27 på
237 688 81 20 papper
334 681 24 20 af
370 687 80 14 samma
466 681 91 27 qvalitet
571 681 40 22 och
628 681 7 22 i
650 681 77 21 sådant
741 681 111 22 oktavfor-

101 718 51 23 mat,
167 722 46 13 som
230 715 166 27 presteståndets
411 715 65 20 redan
493 715 86 28 tryckta
594 715 109 28 protokoll
720 716 88 27 utvisar,
824 717 27 21 än

101 749 42 21 ock
166 752 30 18 att
216 749 91 21 aflemna
326 749 109 28 upplagan
454 749 7 20 i
477 749 88 21 häftade
581 749 39 21 och
636 749 47 22 med
700 750 152 29 broschyrom-

103 784 49 28 slag
166 783 101 22 försedda
281 783 116 28 exemplar.
428 783 45 21 För
489 783 89 26 arbetet,
593 783 36 22 väl
645 783 89 28 utfördt,
750 791 50 21 eger
816 785 36 21 be-

103 818 70 21 mälde
195 817 61 22 firma
277 818 25 21 af
317 817 95 22 ständets
432 817 165 28 expensemedel
612 818 97 28 uppbära
724 819 128 28 ersättning,

103 851 108 22 beräknad
232 853 53 20 efter
300 851 30 22 tio
346 852 60 21 rubel
422 851 75 22 silfver
513 853 34 20 för
563 852 72 27 hvarje
651 852 73 29 tryckt
739 853 45 26 ark,
799 860 53 21 pap-

102 890 72 24 perets
189 886 65 21 värde
268 886 40 22 och
319 886 71 28 öfriga
402 885 103 23 tillsatser
517 885 46 23 deri
575 886 133 29 inbegripne.
733 886 119 30 Upplagan

102 924 60 24 tages
178 920 32 21 till
227 920 126 22 femhundra
367 920 110 28 exemplar
492 920 41 22 och
550 920 101 28 fördelas,
666 922 54 20 efter
731 921 36 22 det
780 922 26 21 de
818 922 34 21 till

101 954 107 22 särskilda
227 955 139 21 auktoriteter
381 954 106 29 ingående
503 955 135 27 exemplaren
654 955 111 28 afdragits,
780 956 72 21 sålun-

101 989 35 27 da,
152 992 30 18 att
197 988 81 22 enhvar
293 988 47 22 stad
356 990 6 20 i
378 988 74 22 landet
466 988 66 22 deraf
545 989 92 21 erhåller
647 989 36 21 två
694 989 109 28 exemplar
817 990 35 21 för

102 1023 74 28 hvarje
192 1024 41 20 fem
248 1024 24 20 af
284 1022 27 22 de
326 1023 35 21 vid
378 1023 70 21 denna
463 1023 106 29 landtdag
580 1023 99 21 städerne
691 1023 69 22 åsatte
771 1023 81 22 skatte-

100 1057 38 27 tal,
154 1057 40 21 och
210 1060 69 18 resten
296 1057 96 21 förvaras
408 1057 44 21 tills
468 1057 75 21 vidare
558 1057 7 21 i
581 1057 96 22 ståndets
693 1058 67 22 arkiv,

170 1102 111 22 Anmältes
298 1102 40 22 och
353 1106 108 25 emottogs
477 1110 25 14 en
515 1102 126 28 deputation
653 1102 54 22 ifrån
721 1104 132 27 prestestän-

101 1137 44 27 det,
162 1136 68 24 under
248 1136 116 22 anförande
383 1136 23 21 af
421 1137 48 21 herr
485 1136 203 29 kontraktsprosten
703 1136 86 29 Hellön,
804 1144 48 14 som

101 1171 32 22 till
157 1170 176 29 borgareständet
355 1170 160 22 öfverlemnade
535 1167 105 25 transumt
658 1171 24 21 af
698 1170 154 22 förstbemälda

101 1205 75 23 ständs
196 1205 108 30 protokoll
321 1205 33 21 för
369 1204 41 22 den
427 1206 11 20 7
455 1205 42 21 och
514 1206 24 20 11
555 1205 144 21 innevarande
715 1212 62 19 mars,
792 1205 60 21 inne-

101 1239 97 22 fattande
220 1239 95 21 ständets
339 1239 70 21 beslut
429 1239 36 21 vid
486 1239 157 29 behandlingen
662 1239 24 21 af
698 1238 154 29 lagutskottets

101 1273 135 22 betänkande
254 1274 7 20 i
281 1273 115 28 anledning
418 1274 26 20 af
460 1273 79 29 nädiga
555 1273 170 29 propositionen,
740 1273 112 28 angäende

101 1308 92 27 ändring
208 1308 25 20 af
245 1315 26 13 nu
288 1308 100 28 gällande
404 1308 134 28 stadganden
555 1315 34 13 om
605 1306 128 29 kyrkoplikt
745 1307 39 21 och
798 1315 54 21 upp-

101 1341 107 22 häfvande
227 1342 24 20 af
267 1341 41 22 den
328 1342 34 20 för
376 1342 58 21 vissa
450 1342 59 21 brott
524 1342 109 28 päbjudna
648 1342 65 28 afgift
728 1342 32 20 till
776 1342 76 28 kyrka.

101 1376 49 21 Och
173 1376 145 28 tillkännagaf
338 1376 48 21 herr
408 1376 205 28 kontraktsprosten
633 1375 76 27 tillika,
725 1378 30 18 att
771 1379 82 25 preste-

101 1410 84 21 ständet
201 1410 65 21 fästat
278 1410 110 28 synnerlig
400 1410 192 28 uppmärksamhet
604 1409 35 21 vid
651 1410 153 28 lagförslagets
816 1418 36 13 an-

99 1444 40 21 dra
157 1444 19 30 8,
198 1444 71 21 sävidt
291 1445 124 22 densamma
434 1444 108 22 innehölle
561 1444 81 28 förslag
662 1444 32 21 till
710 1447 30 19 ett
756 1443 94 29 lagstad-
