<?xml version="1.0" encoding="UTF-8"?>
<alto xmlns="http://www.loc.gov/standards/alto/ns-v3#" xmlns:xlink="http://www.w3.org/1999/xlink" xmlns:xsi="http://www.w3.org/2001/XMLSchema-instance" xsi:schemaLocation="http://www.loc.gov/standards/alto/ns-v3# http://www.loc.gov/alto/v3/alto-3-0.xsd">
	<Description>
		<MeasurementUnit>pixel</MeasurementUnit>
		<sourceImageInformation>
			<fileName>/tmp/tess_mvfdf9ck_input.PNG</fileName>
		</sourceImageInformation>
		<OCRProcessing ID="OCR_0">
			<ocrProcessingStep>
				<processingSoftware>
					<softwareName>tesseract 5.3.4</softwareName>
				</processingSoftware>
			</ocrProcessingStep>
		</OCRProcessing>
	</Description>
	<Layout>
		<Page WIDTH="1039" HEIGHT="1773" PHYSICAL_IMG_NR="0" ID="page_0">
			<PrintSpace HPOS="0" VPOS="0" WIDTH="1039" HEIGHT="1773">
				<ComposedBlock ID="cblock_0" HPOS="768" VPOS="132" WIDTH="42" HEIGHT="23">
					<TextBlock ID="block_0" HPOS="768" VPOS="132" WIDTH="42" HEIGHT="23">
						<TextLine ID="line_0" HPOS="768" VPOS="132" WIDTH="42" HEIGHT="23">
							<String ID="string_0" HPOS="768" VPOS="132" WIDTH="42" HEIGHT="23" WC="0.95" CONTENT="203"/>
						</TextLine>
					</TextBlock>
				</ComposedBlock>
				<ComposedBlock ID="cblock_1" HPOS="88" VPOS="195" WIDTH="768" HEIGHT="1260">
					<TextBlock ID="block_1" HPOS="88" VPOS="195" WIDTH="752" HEIGHT="475">
						<TextLine ID="line_1" HPOS="89" VPOS="195" WIDTH="750" HEIGHT="30">
							<String ID="string_1" HPOS="89" VPOS="197" WIDTH="137" HEIGHT="28" WC="0.71" CONTENT="gjömanshus"/><SP WIDTH="21" VPOS="197" HPOS="226"/>
							<String ID="string_2" HPOS="247" VPOS="196" WIDTH="75" HEIGHT="22" WC="0.96" CONTENT="kunna"/><SP WIDTH="17" VPOS="196" HPOS="322"/>
							<String ID="string_3" HPOS="339" VPOS="196" WIDTH="34" HEIGHT="22" WC="0.96" CONTENT="för"/><SP WIDTH="19" VPOS="196" HPOS="373"/>
							<String ID="string_4" HPOS="392" VPOS="197" WIDTH="65" HEIGHT="21" WC="0.95" CONTENT="dessa"/><SP WIDTH="21" VPOS="197" HPOS="457"/>
							<String ID="string_5" HPOS="478" VPOS="196" WIDTH="85" HEIGHT="29" WC="0.96" CONTENT="fartygs"/><SP WIDTH="22" VPOS="196" HPOS="563"/>
							<String ID="string_6" HPOS="585" VPOS="195" WIDTH="93" HEIGHT="29" WC="0.96" CONTENT="räkning"/><SP WIDTH="19" VPOS="195" HPOS="678"/>
							<String ID="string_7" HPOS="697" VPOS="196" WIDTH="8" HEIGHT="21" WC="0.93" CONTENT="i"/><SP WIDTH="18" VPOS="196" HPOS="705"/>
							<String ID="string_8" HPOS="723" VPOS="195" WIDTH="116" HEIGHT="23" WC="0.92" CONTENT="framtideti"/>
						</TextLine>
						<TextLine ID="line_2" HPOS="88" VPOS="230" WIDTH="752" HEIGHT="29">
							<String ID="string_9" HPOS="88" VPOS="232" WIDTH="90" HEIGHT="27" WC="0.96" CONTENT="inrättas"/><SP WIDTH="15" VPOS="232" HPOS="178"/>
							<String ID="string_10" HPOS="193" VPOS="231" WIDTH="29" HEIGHT="28" WC="0.96" CONTENT="på"/><SP WIDTH="13" VPOS="231" HPOS="222"/>
							<String ID="string_11" HPOS="235" VPOS="230" WIDTH="83" HEIGHT="27" WC="0.96" CONTENT="landet,"/><SP WIDTH="13" VPOS="230" HPOS="318"/>
							<String ID="string_12" HPOS="331" VPOS="230" WIDTH="41" HEIGHT="22" WC="0.96" CONTENT="och"/><SP WIDTH="16" VPOS="230" HPOS="372"/>
							<String ID="string_13" HPOS="388" VPOS="231" WIDTH="24" HEIGHT="21" WC="0.96" CONTENT="så"/><SP WIDTH="14" VPOS="231" HPOS="412"/>
							<String ID="string_14" HPOS="426" VPOS="230" WIDTH="65" HEIGHT="28" WC="0.96" CONTENT="länge"/><SP WIDTH="16" VPOS="230" HPOS="491"/>
							<String ID="string_15" HPOS="507" VPOS="230" WIDTH="27" HEIGHT="21" WC="0.96" CONTENT="de"/><SP WIDTH="15" VPOS="230" HPOS="534"/>
							<String ID="string_16" HPOS="549" VPOS="231" WIDTH="19" HEIGHT="27" WC="0.96" CONTENT="ej"/><SP WIDTH="16" VPOS="231" HPOS="568"/>
							<String ID="string_17" HPOS="584" VPOS="230" WIDTH="82" HEIGHT="26" WC="0.95" CONTENT="finnas,"/><SP WIDTH="16" VPOS="230" HPOS="666"/>
							<String ID="string_18" HPOS="682" VPOS="230" WIDTH="76" HEIGHT="22" WC="0.93" CONTENT="kunna"/><SP WIDTH="14" VPOS="230" HPOS="758"/>
							<String ID="string_19" HPOS="772" VPOS="230" WIDTH="68" HEIGHT="29" WC="0.92" CONTENT="farty-"/>
						</TextLine>
						<TextLine ID="line_3" HPOS="89" VPOS="263" WIDTH="751" HEIGHT="32">
							<String ID="string_20" HPOS="89" VPOS="272" WIDTH="54" HEIGHT="23" WC="0.96" CONTENT="gens"/><SP WIDTH="15" VPOS="272" HPOS="143"/>
							<String ID="string_21" HPOS="158" VPOS="265" WIDTH="148" HEIGHT="28" WC="0.96" CONTENT="besättningar"/><SP WIDTH="10" VPOS="265" HPOS="306"/>
							<String ID="string_22" HPOS="316" VPOS="264" WIDTH="36" HEIGHT="22" WC="0.96" CONTENT="till"/><SP WIDTH="12" VPOS="264" HPOS="352"/>
							<String ID="string_23" HPOS="364" VPOS="264" WIDTH="72" HEIGHT="29" WC="0.96" CONTENT="någon"/><SP WIDTH="15" VPOS="264" HPOS="436"/>
							<String ID="string_24" HPOS="451" VPOS="271" WIDTH="72" HEIGHT="14" WC="0.93" CONTENT="annan"/><SP WIDTH="15" VPOS="271" HPOS="523"/>
							<String ID="string_25" HPOS="538" VPOS="263" WIDTH="199" HEIGHT="23" WC="0.91" CONTENT="understödskassa"/><SP WIDTH="14" VPOS="263" HPOS="737"/>
							<String ID="string_26" HPOS="751" VPOS="263" WIDTH="89" HEIGHT="29" WC="0.94" CONTENT="erlägga"/>
						</TextLine>
						<TextLine ID="line_4" HPOS="89" VPOS="296" WIDTH="751" HEIGHT="31">
							<String ID="string_27" HPOS="89" VPOS="296" WIDTH="88" HEIGHT="31" WC="0.92" CONTENT="afgifter"/><SP WIDTH="18" VPOS="296" HPOS="177"/>
							<String ID="string_28" HPOS="195" VPOS="299" WIDTH="35" HEIGHT="21" WC="0.96" CONTENT="för"/><SP WIDTH="17" VPOS="299" HPOS="230"/>
							<String ID="string_29" HPOS="247" VPOS="298" WIDTH="102" HEIGHT="28" WC="0.96" CONTENT="bildande"/><SP WIDTH="19" VPOS="298" HPOS="349"/>
							<String ID="string_30" HPOS="368" VPOS="299" WIDTH="23" HEIGHT="21" WC="0.96" CONTENT="af"/><SP WIDTH="15" VPOS="299" HPOS="391"/>
							<String ID="string_31" HPOS="406" VPOS="298" WIDTH="120" HEIGHT="28" WC="0.93" CONTENT="pensioner"/><SP WIDTH="13" VPOS="298" HPOS="526"/>
							<String ID="string_32" HPOS="539" VPOS="306" WIDTH="29" HEIGHT="14" WC="0.94" CONTENT="m."/><SP WIDTH="15" VPOS="306" HPOS="568"/>
							<String ID="string_33" HPOS="583" VPOS="306" WIDTH="28" HEIGHT="13" WC="0.88" CONTENT="m."/><SP WIDTH="37" VPOS="306" HPOS="611"/>
							<String ID="string_34" HPOS="648" VPOS="298" WIDTH="68" HEIGHT="21" WC="0.96" CONTENT="Hvad"/><SP WIDTH="17" VPOS="298" HPOS="716"/>
							<String ID="string_35" HPOS="733" VPOS="298" WIDTH="43" HEIGHT="22" WC="0.93" CONTENT="den"/><SP WIDTH="18" VPOS="298" HPOS="776"/>
							<String ID="string_36" HPOS="794" VPOS="305" WIDTH="46" HEIGHT="14" WC="0.92" CONTENT="om-"/>
						</TextLine>
						<TextLine ID="line_5" HPOS="89" VPOS="331" WIDTH="750" HEIGHT="31">
							<String ID="string_37" HPOS="89" VPOS="332" WIDTH="153" HEIGHT="30" WC="0.91" CONTENT="ständigheten"/><SP WIDTH="15" VPOS="332" HPOS="242"/>
							<String ID="string_38" HPOS="257" VPOS="333" WIDTH="67" HEIGHT="29" WC="0.96" CONTENT="angår"/><SP WIDTH="14" VPOS="333" HPOS="324"/>
							<String ID="string_39" HPOS="338" VPOS="335" WIDTH="32" HEIGHT="19" WC="0.96" CONTENT="att"/><SP WIDTH="14" VPOS="335" HPOS="370"/>
							<String ID="string_40" HPOS="384" VPOS="332" WIDTH="34" HEIGHT="28" WC="0.96" CONTENT="för"/><SP WIDTH="15" VPOS="332" HPOS="418"/>
							<String ID="string_41" HPOS="433" VPOS="332" WIDTH="101" HEIGHT="29" WC="0.96" CONTENT="fartygen"/><SP WIDTH="13" VPOS="332" HPOS="534"/>
							<String ID="string_42" HPOS="547" VPOS="332" WIDTH="8" HEIGHT="22" WC="0.96" CONTENT="i"/><SP WIDTH="12" VPOS="332" HPOS="555"/>
							<String ID="string_43" HPOS="567" VPOS="340" WIDTH="26" HEIGHT="13" WC="0.96" CONTENT="en"/><SP WIDTH="12" VPOS="340" HPOS="593"/>
							<String ID="string_44" HPOS="605" VPOS="332" WIDTH="35" HEIGHT="21" WC="0.96" CONTENT="del"/><SP WIDTH="11" VPOS="332" HPOS="640"/>
							<String ID="string_45" HPOS="651" VPOS="332" WIDTH="74" HEIGHT="22" WC="0.96" CONTENT="städer"/><SP WIDTH="12" VPOS="332" HPOS="725"/>
							<String ID="string_46" HPOS="737" VPOS="333" WIDTH="19" HEIGHT="28" WC="0.96" CONTENT="ej"/><SP WIDTH="13" VPOS="333" HPOS="756"/>
							<String ID="string_47" HPOS="769" VPOS="331" WIDTH="70" HEIGHT="23" WC="0.96" CONTENT="skulle"/>
						</TextLine>
						<TextLine ID="line_6" HPOS="89" VPOS="366" WIDTH="751" HEIGHT="31">
							<String ID="string_48" HPOS="89" VPOS="367" WIDTH="82" HEIGHT="27" WC="0.92" CONTENT="betalag"/><SP WIDTH="15" VPOS="367" HPOS="171"/>
							<String ID="string_49" HPOS="186" VPOS="367" WIDTH="73" HEIGHT="30" WC="0.96" CONTENT="någon"/><SP WIDTH="16" VPOS="367" HPOS="259"/>
							<String ID="string_50" HPOS="275" VPOS="367" WIDTH="59" HEIGHT="28" WC="0.96" CONTENT="skatt"/><SP WIDTH="14" VPOS="367" HPOS="334"/>
							<String ID="string_51" HPOS="348" VPOS="367" WIDTH="33" HEIGHT="21" WC="0.92" CONTENT="till"/><SP WIDTH="17" VPOS="367" HPOS="381"/>
							<String ID="string_52" HPOS="398" VPOS="366" WIDTH="148" HEIGHT="28" WC="0.90" CONTENT="stadskassan,"/><SP WIDTH="16" VPOS="366" HPOS="546"/>
							<String ID="string_53" HPOS="562" VPOS="366" WIDTH="24" HEIGHT="27" WC="0.96" CONTENT="så"/><SP WIDTH="15" VPOS="366" HPOS="586"/>
							<String ID="string_54" HPOS="601" VPOS="366" WIDTH="89" HEIGHT="29" WC="0.96" CONTENT="medger"/><SP WIDTH="13" VPOS="366" HPOS="690"/>
							<String ID="string_55" HPOS="703" VPOS="367" WIDTH="38" HEIGHT="29" WC="0.95" CONTENT="jag"/><SP WIDTH="12" VPOS="367" HPOS="741"/>
							<String ID="string_56" HPOS="753" VPOS="369" WIDTH="31" HEIGHT="19" WC="0.93" CONTENT="att"/><SP WIDTH="11" VPOS="369" HPOS="784"/>
							<String ID="string_57" HPOS="795" VPOS="366" WIDTH="45" HEIGHT="21" WC="0.93" CONTENT="för-"/>
						</TextLine>
						<TextLine ID="line_7" HPOS="89" VPOS="400" WIDTH="751" HEIGHT="30">
							<String ID="string_58" HPOS="89" VPOS="401" WIDTH="111" HEIGHT="29" WC="0.91" CONTENT="hållandet"/><SP WIDTH="14" VPOS="401" HPOS="200"/>
							<String ID="string_59" HPOS="214" VPOS="403" WIDTH="24" HEIGHT="20" WC="0.97" CONTENT="är"/><SP WIDTH="14" VPOS="403" HPOS="238"/>
							<String ID="string_60" HPOS="252" VPOS="401" WIDTH="86" HEIGHT="27" WC="0.95" CONTENT="sådant,"/><SP WIDTH="19" VPOS="401" HPOS="338"/>
							<String ID="string_61" HPOS="357" VPOS="408" WIDTH="48" HEIGHT="20" WC="0.96" CONTENT="men"/><SP WIDTH="19" VPOS="408" HPOS="405"/>
							<String ID="string_62" HPOS="424" VPOS="400" WIDTH="175" HEIGHT="29" WC="0.96" CONTENT="skeppsredaren"/><SP WIDTH="15" VPOS="400" HPOS="599"/>
							<String ID="string_63" HPOS="614" VPOS="400" WIDTH="113" HEIGHT="23" WC="0.96" CONTENT="beskattas"/><SP WIDTH="14" VPOS="400" HPOS="727"/>
							<String ID="string_64" HPOS="741" VPOS="401" WIDTH="9" HEIGHT="21" WC="0.96" CONTENT="i"/><SP WIDTH="15" VPOS="401" HPOS="750"/>
							<String ID="string_65" HPOS="765" VPOS="400" WIDTH="75" HEIGHT="27" WC="0.96" CONTENT="stället"/>
						</TextLine>
						<TextLine ID="line_8" HPOS="89" VPOS="433" WIDTH="750" HEIGHT="31">
							<String ID="string_66" HPOS="89" VPOS="435" WIDTH="36" HEIGHT="22" WC="0.96" CONTENT="för"/><SP WIDTH="14" VPOS="435" HPOS="125"/>
							<String ID="string_67" HPOS="139" VPOS="436" WIDTH="34" HEIGHT="21" WC="0.96" CONTENT="sin"/><SP WIDTH="15" VPOS="436" HPOS="173"/>
							<String ID="string_68" HPOS="188" VPOS="435" WIDTH="86" HEIGHT="29" WC="0.93" CONTENT="rörelse."/><SP WIDTH="36" VPOS="435" HPOS="274"/>
							<String ID="string_69" HPOS="310" VPOS="434" WIDTH="12" HEIGHT="29" WC="0.94" CONTENT="I"/><SP WIDTH="14" VPOS="434" HPOS="322"/>
							<String ID="string_70" HPOS="336" VPOS="435" WIDTH="84" HEIGHT="27" WC="0.95" CONTENT="Raumo"/><SP WIDTH="16" VPOS="435" HPOS="420"/>
							<String ID="string_71" HPOS="436" VPOS="433" WIDTH="59" HEIGHT="30" WC="0.95" CONTENT="stad,"/><SP WIDTH="15" VPOS="433" HPOS="495"/>
							<String ID="string_72" HPOS="510" VPOS="435" WIDTH="39" HEIGHT="22" WC="0.96" CONTENT="der"/><SP WIDTH="12" VPOS="435" HPOS="549"/>
							<String ID="string_73" HPOS="561" VPOS="436" WIDTH="39" HEIGHT="28" WC="0.96" CONTENT="jag"/><SP WIDTH="15" VPOS="436" HPOS="600"/>
							<String ID="string_74" HPOS="615" VPOS="436" WIDTH="24" HEIGHT="20" WC="0.96" CONTENT="är"/><SP WIDTH="14" VPOS="436" HPOS="639"/>
							<String ID="string_75" HPOS="653" VPOS="434" WIDTH="85" HEIGHT="28" WC="0.96" CONTENT="bosatt,"/><SP WIDTH="19" VPOS="434" HPOS="738"/>
							<String ID="string_76" HPOS="757" VPOS="434" WIDTH="82" HEIGHT="23" WC="0.96" CONTENT="betalar"/>
						</TextLine>
						<TextLine ID="line_9" HPOS="91" VPOS="469" WIDTH="748" HEIGHT="29">
							<String ID="string_77" HPOS="91" VPOS="470" WIDTH="172" HEIGHT="28" WC="0.96" CONTENT="skeppsredaren"/><SP WIDTH="15" VPOS="470" HPOS="263"/>
							<String ID="string_78" HPOS="278" VPOS="477" WIDTH="27" HEIGHT="14" WC="0.96" CONTENT="en"/><SP WIDTH="15" VPOS="477" HPOS="305"/>
							<String ID="string_79" HPOS="320" VPOS="469" WIDTH="95" HEIGHT="28" WC="0.93" CONTENT="särskild"/><SP WIDTH="14" VPOS="469" HPOS="415"/>
							<String ID="string_80" HPOS="429" VPOS="469" WIDTH="129" HEIGHT="29" WC="0.91" CONTENT="lästeafgift,"/><SP WIDTH="11" VPOS="469" HPOS="558"/>
							<String ID="string_81" HPOS="569" VPOS="477" WIDTH="49" HEIGHT="14" WC="0.93" CONTENT="men"/><SP WIDTH="11" VPOS="477" HPOS="618"/>
							<String ID="string_82" HPOS="629" VPOS="472" WIDTH="86" HEIGHT="19" WC="0.91" CONTENT="taxeras"/><SP WIDTH="12" VPOS="472" HPOS="715"/>
							<String ID="string_83" HPOS="727" VPOS="469" WIDTH="112" HEIGHT="22" WC="0.96" CONTENT="dessutom"/>
						</TextLine>
						<TextLine ID="line_10" HPOS="90" VPOS="503" WIDTH="749" HEIGHT="29">
							<String ID="string_84" HPOS="90" VPOS="505" WIDTH="36" HEIGHT="20" WC="0.96" CONTENT="för"/><SP WIDTH="17" VPOS="505" HPOS="126"/>
							<String ID="string_85" HPOS="143" VPOS="505" WIDTH="34" HEIGHT="20" WC="0.96" CONTENT="sin"/><SP WIDTH="17" VPOS="505" HPOS="177"/>
							<String ID="string_86" HPOS="194" VPOS="505" WIDTH="88" HEIGHT="27" WC="0.94" CONTENT="rörelse."/><SP WIDTH="36" VPOS="505" HPOS="282"/>
							<String ID="string_87" HPOS="318" VPOS="504" WIDTH="54" HEIGHT="21" WC="0.96" CONTENT="Men"/><SP WIDTH="19" VPOS="504" HPOS="372"/>
							<String ID="string_88" HPOS="391" VPOS="511" WIDTH="36" HEIGHT="14" WC="0.95" CONTENT="om"/><SP WIDTH="19" VPOS="511" HPOS="427"/>
							<String ID="string_89" HPOS="446" VPOS="503" WIDTH="42" HEIGHT="28" WC="0.96" CONTENT="ock"/><SP WIDTH="14" VPOS="503" HPOS="488"/>
							<String ID="string_90" HPOS="502" VPOS="504" WIDTH="8" HEIGHT="21" WC="0.96" CONTENT="i"/><SP WIDTH="15" VPOS="504" HPOS="510"/>
							<String ID="string_91" HPOS="525" VPOS="511" WIDTH="27" HEIGHT="14" WC="0.96" CONTENT="en"/><SP WIDTH="19" VPOS="511" HPOS="552"/>
							<String ID="string_92" HPOS="571" VPOS="503" WIDTH="36" HEIGHT="26" WC="0.95" CONTENT="del"/><SP WIDTH="18" VPOS="503" HPOS="607"/>
							<String ID="string_93" HPOS="625" VPOS="503" WIDTH="74" HEIGHT="22" WC="0.93" CONTENT="städer"/><SP WIDTH="18" VPOS="503" HPOS="699"/>
							<String ID="string_94" HPOS="717" VPOS="503" WIDTH="122" HEIGHT="28" WC="0.92" CONTENT="lästeafgift"/>
						</TextLine>
						<TextLine ID="line_11" HPOS="91" VPOS="537" WIDTH="747" HEIGHT="31">
							<String ID="string_95" HPOS="91" VPOS="538" WIDTH="92" HEIGHT="29" WC="0.93" CONTENT="betalas,"/><SP WIDTH="15" VPOS="538" HPOS="183"/>
							<String ID="string_96" HPOS="198" VPOS="542" WIDTH="62" HEIGHT="24" WC="0.91" CONTENT="änser"/><SP WIDTH="12" VPOS="542" HPOS="260"/>
							<String ID="string_97" HPOS="272" VPOS="539" WIDTH="38" HEIGHT="29" WC="0.96" CONTENT="jag"/><SP WIDTH="15" VPOS="539" HPOS="310"/>
							<String ID="string_98" HPOS="325" VPOS="538" WIDTH="59" HEIGHT="27" WC="0.96" CONTENT="detta"/><SP WIDTH="14" VPOS="538" HPOS="384"/>
							<String ID="string_99" HPOS="398" VPOS="537" WIDTH="67" HEIGHT="29" WC="0.96" CONTENT="likväl"/><SP WIDTH="16" VPOS="537" HPOS="465"/>
							<String ID="string_100" HPOS="481" VPOS="539" WIDTH="19" HEIGHT="28" WC="0.96" CONTENT="ej"/><SP WIDTH="16" VPOS="539" HPOS="500"/>
							<String ID="string_101" HPOS="516" VPOS="539" WIDTH="79" HEIGHT="28" WC="0.96" CONTENT="utgöra"/><SP WIDTH="14" VPOS="539" HPOS="595"/>
							<String ID="string_102" HPOS="609" VPOS="538" WIDTH="68" HEIGHT="28" WC="0.96" CONTENT="något"/><SP WIDTH="15" VPOS="538" HPOS="677"/>
							<String ID="string_103" HPOS="692" VPOS="537" WIDTH="48" HEIGHT="23" WC="0.96" CONTENT="skäl"/><SP WIDTH="15" VPOS="537" HPOS="740"/>
							<String ID="string_104" HPOS="755" VPOS="540" WIDTH="32" HEIGHT="24" WC="0.92" CONTENT="att"/><SP WIDTH="13" VPOS="540" HPOS="787"/>
							<String ID="string_105" HPOS="800" VPOS="537" WIDTH="38" HEIGHT="28" WC="0.92" CONTENT="på-"/>
						</TextLine>
						<TextLine ID="line_12" HPOS="91" VPOS="571" WIDTH="749" HEIGHT="31">
							<String ID="string_106" HPOS="91" VPOS="571" WIDTH="65" HEIGHT="30" WC="0.92" CONTENT="lägga"/><SP WIDTH="14" VPOS="571" HPOS="156"/>
							<String ID="string_107" HPOS="170" VPOS="572" WIDTH="212" HEIGHT="30" WC="0.91" CONTENT="landtmannafartyg"/><SP WIDTH="14" VPOS="572" HPOS="382"/>
							<String ID="string_108" HPOS="396" VPOS="579" WIDTH="27" HEIGHT="21" WC="0.96" CONTENT="en"/><SP WIDTH="15" VPOS="579" HPOS="423"/>
							<String ID="string_109" HPOS="438" VPOS="571" WIDTH="68" HEIGHT="29" WC="0.96" CONTENT="sådan"/><SP WIDTH="16" VPOS="571" HPOS="506"/>
							<String ID="string_110" HPOS="522" VPOS="572" WIDTH="58" HEIGHT="28" WC="0.96" CONTENT="skatt"/><SP WIDTH="12" VPOS="572" HPOS="580"/>
							<String ID="string_111" HPOS="592" VPOS="572" WIDTH="34" HEIGHT="27" WC="0.96" CONTENT="till"/><SP WIDTH="13" VPOS="572" HPOS="626"/>
							<String ID="string_112" HPOS="639" VPOS="572" WIDTH="87" HEIGHT="27" WC="0.96" CONTENT="staden,"/><SP WIDTH="15" VPOS="572" HPOS="726"/>
							<String ID="string_113" HPOS="741" VPOS="575" WIDTH="53" HEIGHT="18" WC="0.96" CONTENT="utan"/><SP WIDTH="11" VPOS="575" HPOS="794"/>
							<String ID="string_114" HPOS="805" VPOS="571" WIDTH="35" HEIGHT="22" WC="0.96" CONTENT="må"/>
						</TextLine>
						<TextLine ID="line_13" HPOS="91" VPOS="604" WIDTH="749" HEIGHT="31">
							<String ID="string_115" HPOS="91" VPOS="607" WIDTH="90" HEIGHT="28" WC="0.96" CONTENT="redaren"/><SP WIDTH="18" VPOS="607" HPOS="181"/>
							<String ID="string_116" HPOS="199" VPOS="607" WIDTH="35" HEIGHT="28" WC="0.96" CONTENT="för"/><SP WIDTH="17" VPOS="607" HPOS="234"/>
							<String ID="string_117" HPOS="251" VPOS="607" WIDTH="64" HEIGHT="28" WC="0.96" CONTENT="dessa"/><SP WIDTH="21" VPOS="607" HPOS="315"/>
							<String ID="string_118" HPOS="336" VPOS="604" WIDTH="73" HEIGHT="31" WC="0.96" CONTENT="fartyg"/><SP WIDTH="23" VPOS="604" HPOS="409"/>
							<String ID="string_119" HPOS="432" VPOS="606" WIDTH="71" HEIGHT="28" WC="0.96" CONTENT="skatta"/><SP WIDTH="19" VPOS="606" HPOS="503"/>
							<String ID="string_120" HPOS="522" VPOS="607" WIDTH="34" HEIGHT="28" WC="0.96" CONTENT="till"/><SP WIDTH="25" VPOS="607" HPOS="556"/>
							<String ID="string_121" HPOS="581" VPOS="606" WIDTH="195" HEIGHT="28" WC="0.96" CONTENT="landskommunen"/><SP WIDTH="22" VPOS="606" HPOS="776"/>
							<String ID="string_122" HPOS="798" VPOS="605" WIDTH="42" HEIGHT="22" WC="0.96" CONTENT="och"/>
						</TextLine>
						<TextLine ID="line_14" HPOS="91" VPOS="638" WIDTH="558" HEIGHT="32">
							<String ID="string_123" HPOS="91" VPOS="641" WIDTH="122" HEIGHT="28" WC="0.91" CONTENT="rederierne"/><SP WIDTH="14" VPOS="641" HPOS="213"/>
							<String ID="string_124" HPOS="227" VPOS="641" WIDTH="35" HEIGHT="28" WC="0.93" CONTENT="för"/><SP WIDTH="15" VPOS="641" HPOS="262"/>
							<String ID="string_125" HPOS="277" VPOS="638" WIDTH="111" HEIGHT="31" WC="0.89" CONTENT="städernes"/><SP WIDTH="16" VPOS="638" HPOS="388"/>
							<String ID="string_126" HPOS="404" VPOS="641" WIDTH="73" HEIGHT="29" WC="0.96" CONTENT="fartyg"/><SP WIDTH="15" VPOS="641" HPOS="477"/>
							<String ID="string_127" HPOS="492" VPOS="641" WIDTH="35" HEIGHT="28" WC="0.93" CONTENT="till"/><SP WIDTH="15" VPOS="641" HPOS="527"/>
							<String ID="string_128" HPOS="542" VPOS="641" WIDTH="107" HEIGHT="26" WC="0.90" CONTENT="städerne."/>
						</TextLine>
					</TextBlock>
					<TextBlock ID="block_2" HPOS="91" VPOS="674" WIDTH="765" HEIGHT="678">
						<TextLine ID="line_15" HPOS="158" VPOS="674" WIDTH="683" HEIGHT="29">
							<String ID="string_129" HPOS="158" VPOS="675" WIDTH="59" HEIGHT="28" WC="0.96" CONTENT="Herr"/><SP WIDTH="14" VPOS="675" HPOS="217"/>
							<String ID="string_130" HPOS="231" VPOS="675" WIDTH="109" HEIGHT="21" WC="0.96" CONTENT="Hildén:"/><SP WIDTH="21" VPOS="675" HPOS="340"/>
							<String ID="string_131" HPOS="361" VPOS="674" WIDTH="45" HEIGHT="29" WC="0.96" CONTENT="Jag"/><SP WIDTH="18" VPOS="674" HPOS="406"/>
							<String ID="string_132" HPOS="424" VPOS="675" WIDTH="83" HEIGHT="28" WC="0.96" CONTENT="känner"/><SP WIDTH="15" VPOS="675" HPOS="507"/>
							<String ID="string_133" HPOS="522" VPOS="675" WIDTH="85" HEIGHT="28" WC="0.96" CONTENT="ganska"/><SP WIDTH="13" VPOS="675" HPOS="607"/>
							<String ID="string_134" HPOS="620" VPOS="675" WIDTH="37" HEIGHT="21" WC="0.95" CONTENT="väl"/><SP WIDTH="15" VPOS="675" HPOS="657"/>
							<String ID="string_135" HPOS="672" VPOS="677" WIDTH="33" HEIGHT="19" WC="0.92" CONTENT="att"/><SP WIDTH="13" VPOS="677" HPOS="705"/>
							<String ID="string_136" HPOS="718" VPOS="674" WIDTH="123" HEIGHT="27" WC="0.92" CONTENT="landtman-"/>
						</TextLine>
						<TextLine ID="line_16" HPOS="91" VPOS="708" WIDTH="765" HEIGHT="30">
							<String ID="string_137" HPOS="91" VPOS="709" WIDTH="129" HEIGHT="29" WC="0.92" CONTENT="nafartygen"/><SP WIDTH="21" VPOS="709" HPOS="220"/>
							<String ID="string_138" HPOS="241" VPOS="709" WIDTH="35" HEIGHT="27" WC="0.96" CONTENT="för"/><SP WIDTH="20" VPOS="709" HPOS="276"/>
							<String ID="string_139" HPOS="296" VPOS="709" WIDTH="134" HEIGHT="28" WC="0.93" CONTENT="närvarande"/><SP WIDTH="18" VPOS="709" HPOS="430"/>
							<String ID="string_140" HPOS="448" VPOS="710" WIDTH="37" HEIGHT="25" WC="0.96" CONTENT="äro"/><SP WIDTH="20" VPOS="710" HPOS="485"/>
							<String ID="string_141" HPOS="505" VPOS="709" WIDTH="8" HEIGHT="21" WC="0.96" CONTENT="i"/><SP WIDTH="18" VPOS="709" HPOS="513"/>
							<String ID="string_142" HPOS="531" VPOS="709" WIDTH="126" HEIGHT="29" WC="0.96" CONTENT="åtnjutande"/><SP WIDTH="18" VPOS="709" HPOS="657"/>
							<String ID="string_143" HPOS="675" VPOS="709" WIDTH="25" HEIGHT="21" WC="0.96" CONTENT="af"/><SP WIDTH="18" VPOS="709" HPOS="700"/>
							<String ID="string_144" HPOS="718" VPOS="717" WIDTH="27" HEIGHT="13" WC="0.96" CONTENT="en"/><SP WIDTH="15" VPOS="717" HPOS="745"/>
							<String ID="string_145" HPOS="760" VPOS="708" WIDTH="96" HEIGHT="28" WC="0.89" CONTENT="mängd"/><SP WIDTH="-14" VPOS="708" HPOS="856"/>
							<String ID="string_146" HPOS="842" VPOS="704" WIDTH="17" HEIGHT="38" WC="0.81" CONTENT=":"/>
						</TextLine>
						<TextLine ID="line_17" HPOS="91" VPOS="742" WIDTH="749" HEIGHT="33">
							<String ID="string_147" HPOS="91" VPOS="742" WIDTH="149" HEIGHT="33" WC="0.89" CONTENT="prerogativer"/><SP WIDTH="18" VPOS="742" HPOS="240"/>
							<String ID="string_148" HPOS="258" VPOS="743" WIDTH="90" HEIGHT="28" WC="0.93" CONTENT="framför"/><SP WIDTH="18" VPOS="743" HPOS="348"/>
							<String ID="string_149" HPOS="366" VPOS="743" WIDTH="112" HEIGHT="27" WC="0.91" CONTENT="städernes"/><SP WIDTH="19" VPOS="743" HPOS="478"/>
							<String ID="string_150" HPOS="497" VPOS="743" WIDTH="84" HEIGHT="30" WC="0.96" CONTENT="fartyg,"/><SP WIDTH="24" VPOS="743" HPOS="581"/>
							<String ID="string_151" HPOS="605" VPOS="743" WIDTH="42" HEIGHT="28" WC="0.96" CONTENT="och"/><SP WIDTH="16" VPOS="743" HPOS="647"/>
							<String ID="string_152" HPOS="663" VPOS="744" WIDTH="39" HEIGHT="28" WC="0.89" CONTENT="jag:"/><SP WIDTH="17" VPOS="744" HPOS="702"/>
							<String ID="string_153" HPOS="719" VPOS="743" WIDTH="40" HEIGHT="21" WC="0.96" CONTENT="har"/><SP WIDTH="15" VPOS="743" HPOS="759"/>
							<String ID="string_154" HPOS="774" VPOS="742" WIDTH="66" HEIGHT="22" WC="0.96" CONTENT="också"/>
						</TextLine>
						<TextLine ID="line_18" HPOS="91" VPOS="776" WIDTH="750" HEIGHT="30">
							<String ID="string_155" HPOS="91" VPOS="777" WIDTH="98" HEIGHT="28" WC="0.96" CONTENT="förordat"/><SP WIDTH="15" VPOS="777" HPOS="189"/>
							<String ID="string_156" HPOS="204" VPOS="777" WIDTH="41" HEIGHT="27" WC="0.96" CONTENT="den"/><SP WIDTH="15" VPOS="777" HPOS="245"/>
							<String ID="string_157" HPOS="260" VPOS="777" WIDTH="124" HEIGHT="29" WC="0.96" CONTENT="föreslagna"/><SP WIDTH="13" VPOS="777" HPOS="384"/>
							<String ID="string_158" HPOS="397" VPOS="777" WIDTH="120" HEIGHT="28" WC="0.93" CONTENT="utvidgade"/><SP WIDTH="15" VPOS="777" HPOS="517"/>
							<String ID="string_159" HPOS="532" VPOS="777" WIDTH="216" HEIGHT="29" WC="0.91" CONTENT="seglationsfriheten"/><SP WIDTH="15" VPOS="777" HPOS="748"/>
							<String ID="string_160" HPOS="763" VPOS="776" WIDTH="78" HEIGHT="22" WC="0.96" CONTENT="endast"/>
						</TextLine>
						<TextLine ID="line_19" HPOS="91" VPOS="811" WIDTH="750" HEIGHT="29">
							<String ID="string_161" HPOS="91" VPOS="811" WIDTH="69" HEIGHT="27" WC="0.90" CONTENT="under"/><SP WIDTH="14" VPOS="811" HPOS="160"/>
							<String ID="string_162" HPOS="174" VPOS="811" WIDTH="168" HEIGHT="29" WC="0.95" CONTENT="förutsättning,"/><SP WIDTH="16" VPOS="811" HPOS="342"/>
							<String ID="string_163" HPOS="358" VPOS="815" WIDTH="31" HEIGHT="24" WC="0.96" CONTENT="att"/><SP WIDTH="14" VPOS="815" HPOS="389"/>
							<String ID="string_164" HPOS="403" VPOS="812" WIDTH="93" HEIGHT="27" WC="0.93" CONTENT="nämnde"/><SP WIDTH="12" VPOS="812" HPOS="496"/>
							<String ID="string_165" HPOS="508" VPOS="812" WIDTH="150" HEIGHT="28" WC="0.92" CONTENT="prerogativer"/><SP WIDTH="15" VPOS="812" HPOS="658"/>
							<String ID="string_166" HPOS="673" VPOS="811" WIDTH="63" HEIGHT="27" WC="0.93" CONTENT="skola"/><SP WIDTH="10" VPOS="811" HPOS="736"/>
							<String ID="string_167" HPOS="746" VPOS="811" WIDTH="95" HEIGHT="22" WC="0.92" CONTENT="försvin-"/>
						</TextLine>
						<TextLine ID="line_20" HPOS="91" VPOS="844" WIDTH="750" HEIGHT="32">
							<String ID="string_168" HPOS="91" VPOS="853" WIDTH="38" HEIGHT="21" WC="0.96" CONTENT="na,"/><SP WIDTH="22" VPOS="853" HPOS="129"/>
							<String ID="string_169" HPOS="151" VPOS="845" WIDTH="84" HEIGHT="28" WC="0.96" CONTENT="hvilket"/><SP WIDTH="19" VPOS="845" HPOS="235"/>
							<String ID="string_170" HPOS="254" VPOS="846" WIDTH="38" HEIGHT="30" WC="0.96" CONTENT="jag"/><SP WIDTH="22" VPOS="846" HPOS="292"/>
							<String ID="string_171" HPOS="314" VPOS="853" WIDTH="64" HEIGHT="21" WC="0.96" CONTENT="anser"/><SP WIDTH="21" VPOS="853" HPOS="378"/>
							<String ID="string_172" HPOS="399" VPOS="853" WIDTH="53" HEIGHT="14" WC="0.96" CONTENT="vara"/><SP WIDTH="18" VPOS="853" HPOS="452"/>
							<String ID="string_173" HPOS="470" VPOS="853" WIDTH="27" HEIGHT="19" WC="0.93" CONTENT="en"/><SP WIDTH="15" VPOS="853" HPOS="497"/>
							<String ID="string_174" HPOS="512" VPOS="844" WIDTH="79" HEIGHT="30" WC="0.92" CONTENT="gifven"/><SP WIDTH="18" VPOS="844" HPOS="591"/>
							<String ID="string_175" HPOS="609" VPOS="845" WIDTH="46" HEIGHT="27" WC="0.96" CONTENT="sak."/><SP WIDTH="36" VPOS="845" HPOS="655"/>
							<String ID="string_176" HPOS="691" VPOS="846" WIDTH="50" HEIGHT="21" WC="0.94" CONTENT="Den"/><SP WIDTH="16" VPOS="846" HPOS="741"/>
							<String ID="string_177" HPOS="757" VPOS="845" WIDTH="24" HEIGHT="22" WC="0.96" CONTENT="af"/><SP WIDTH="14" VPOS="845" HPOS="781"/>
							<String ID="string_178" HPOS="795" VPOS="845" WIDTH="46" HEIGHT="28" WC="0.96" CONTENT="mig"/>
						</TextLine>
						<TextLine ID="line_21" HPOS="91" VPOS="879" WIDTH="751" HEIGHT="35">
							<String ID="string_179" HPOS="91" VPOS="879" WIDTH="123" HEIGHT="35" WC="0.96" CONTENT="uppgjorda"/><SP WIDTH="22" VPOS="879" HPOS="214"/>
							<String ID="string_180" HPOS="236" VPOS="879" WIDTH="119" HEIGHT="33" WC="0.95" CONTENT="beräkning"/><SP WIDTH="18" VPOS="879" HPOS="355"/>
							<String ID="string_181" HPOS="373" VPOS="880" WIDTH="24" HEIGHT="28" WC="0.93" CONTENT="af"/><SP WIDTH="16" VPOS="880" HPOS="397"/>
							<String ID="string_182" HPOS="413" VPOS="880" WIDTH="114" HEIGHT="28" WC="0.96" CONTENT="städernas"/><SP WIDTH="24" VPOS="880" HPOS="527"/>
							<String ID="string_183" HPOS="551" VPOS="880" WIDTH="97" HEIGHT="27" WC="0.95" CONTENT="inkomst"/><SP WIDTH="22" VPOS="880" HPOS="648"/>
							<String ID="string_184" HPOS="670" VPOS="887" WIDTH="80" HEIGHT="21" WC="0.93" CONTENT="genom"/><SP WIDTH="21" VPOS="887" HPOS="750"/>
							<String ID="string_185" HPOS="771" VPOS="879" WIDTH="71" HEIGHT="22" WC="0.84" CONTENT="landt-"/>
						</TextLine>
						<TextLine ID="line_22" HPOS="91" VPOS="905" WIDTH="749" HEIGHT="44">
							<String ID="string_186" HPOS="91" VPOS="910" WIDTH="150" HEIGHT="39" WC="0.92" CONTENT="mannafartyg"/><SP WIDTH="1" VPOS="910" HPOS="241"/>
							<String ID="string_187" HPOS="242" VPOS="922" WIDTH="39" HEIGHT="20" WC="0.90" CONTENT="ens"/><SP WIDTH="17" VPOS="922" HPOS="281"/>
							<String ID="string_188" HPOS="298" VPOS="905" WIDTH="140" HEIGHT="38" WC="0.96" CONTENT="beskattning"/><SP WIDTH="18" VPOS="905" HPOS="438"/>
							<String ID="string_189" HPOS="456" VPOS="914" WIDTH="41" HEIGHT="28" WC="0.89" CONTENT="har"/><SP WIDTH="18" VPOS="914" HPOS="497"/>
							<String ID="string_190" HPOS="515" VPOS="915" WIDTH="51" HEIGHT="21" WC="0.96" CONTENT="herr"/><SP WIDTH="15" VPOS="915" HPOS="566"/>
							<String ID="string_191" HPOS="581" VPOS="914" WIDTH="132" HEIGHT="28" WC="0.96" CONTENT="Tengström"/><SP WIDTH="18" VPOS="914" HPOS="713"/>
							<String ID="string_192" HPOS="731" VPOS="916" WIDTH="72" HEIGHT="20" WC="0.96" CONTENT="ansett"/><SP WIDTH="18" VPOS="916" HPOS="803"/>
							<String ID="string_193" HPOS="821" VPOS="914" WIDTH="19" HEIGHT="27" WC="0.95" CONTENT="ej"/>
						</TextLine>
						<TextLine ID="line_23" HPOS="91" VPOS="948" WIDTH="751" HEIGHT="30">
							<String ID="string_194" HPOS="91" VPOS="948" WIDTH="93" HEIGHT="28" WC="0.91" CONTENT="förtjena"/><SP WIDTH="18" VPOS="948" HPOS="184"/>
							<String ID="string_195" HPOS="202" VPOS="946" WIDTH="67" HEIGHT="32" WC="0.96" CONTENT="något"/><SP WIDTH="17" VPOS="946" HPOS="269"/>
							<String ID="string_196" HPOS="286" VPOS="948" WIDTH="108" HEIGHT="28" WC="0.93" CONTENT="afseende."/><SP WIDTH="36" VPOS="948" HPOS="394"/>
							<String ID="string_197" HPOS="430" VPOS="948" WIDTH="46" HEIGHT="29" WC="0.96" CONTENT="Jag"/><SP WIDTH="19" VPOS="948" HPOS="476"/>
							<String ID="string_198" HPOS="495" VPOS="949" WIDTH="40" HEIGHT="28" WC="0.95" CONTENT="gör"/><SP WIDTH="16" VPOS="949" HPOS="535"/>
							<String ID="string_199" HPOS="551" VPOS="950" WIDTH="18" HEIGHT="27" WC="0.95" CONTENT="ej"/><SP WIDTH="15" VPOS="950" HPOS="569"/>
							<String ID="string_200" HPOS="584" VPOS="948" WIDTH="70" HEIGHT="22" WC="0.96" CONTENT="heller"/><SP WIDTH="19" VPOS="948" HPOS="654"/>
							<String ID="string_201" HPOS="673" VPOS="948" WIDTH="95" HEIGHT="28" WC="0.96" CONTENT="anspråk"/><SP WIDTH="14" VPOS="948" HPOS="768"/>
							<String ID="string_202" HPOS="782" VPOS="948" WIDTH="60" HEIGHT="28" WC="0.96" CONTENT="uppå"/>
						</TextLine>
						<TextLine ID="line_24" HPOS="91" VPOS="981" WIDTH="752" HEIGHT="31">
							<String ID="string_203" HPOS="91" VPOS="985" WIDTH="32" HEIGHT="25" WC="0.96" CONTENT="att"/><SP WIDTH="14" VPOS="985" HPOS="123"/>
							<String ID="string_204" HPOS="137" VPOS="982" WIDTH="43" HEIGHT="28" WC="0.97" CONTENT="den"/><SP WIDTH="15" VPOS="982" HPOS="180"/>
							<String ID="string_205" HPOS="195" VPOS="982" WIDTH="55" HEIGHT="28" WC="0.96" CONTENT="skall"/><SP WIDTH="18" VPOS="982" HPOS="250"/>
							<String ID="string_206" HPOS="268" VPOS="983" WIDTH="49" HEIGHT="21" WC="0.96" CONTENT="med"/><SP WIDTH="18" VPOS="983" HPOS="317"/>
							<String ID="string_207" HPOS="335" VPOS="982" WIDTH="125" HEIGHT="29" WC="0.96" CONTENT="fullkomlig"/><SP WIDTH="20" VPOS="982" HPOS="460"/>
							<String ID="string_208" HPOS="480" VPOS="983" WIDTH="139" HEIGHT="29" WC="0.91" CONTENT="noggranhet"/><SP WIDTH="17" VPOS="983" HPOS="619"/>
							<String ID="string_209" HPOS="636" VPOS="982" WIDTH="107" HEIGHT="29" WC="0.91" CONTENT="uppgifva"/><SP WIDTH="18" VPOS="982" HPOS="743"/>
							<String ID="string_210" HPOS="761" VPOS="981" WIDTH="82" HEIGHT="23" WC="0.92" CONTENT="förhäl-"/>
						</TextLine>
						<TextLine ID="line_25" HPOS="91" VPOS="1016" WIDTH="752" HEIGHT="30">
							<String ID="string_211" HPOS="91" VPOS="1016" WIDTH="85" HEIGHT="30" WC="0.96" CONTENT="landet,"/><SP WIDTH="22" VPOS="1016" HPOS="176"/>
							<String ID="string_212" HPOS="198" VPOS="1024" WIDTH="48" HEIGHT="20" WC="0.96" CONTENT="men"/><SP WIDTH="20" VPOS="1024" HPOS="246"/>
							<String ID="string_213" HPOS="266" VPOS="1016" WIDTH="41" HEIGHT="28" WC="0.95" CONTENT="den"/><SP WIDTH="19" VPOS="1016" HPOS="307"/>
							<String ID="string_214" HPOS="326" VPOS="1018" WIDTH="84" HEIGHT="26" WC="0.96" CONTENT="utvisar"/><SP WIDTH="18" VPOS="1018" HPOS="410"/>
							<String ID="string_215" HPOS="428" VPOS="1017" WIDTH="59" HEIGHT="21" WC="0.96" CONTENT="dock"/><SP WIDTH="18" VPOS="1017" HPOS="487"/>
							<String ID="string_216" HPOS="505" VPOS="1020" WIDTH="32" HEIGHT="18" WC="0.93" CONTENT="att"/><SP WIDTH="16" VPOS="1020" HPOS="537"/>
							<String ID="string_217" HPOS="553" VPOS="1017" WIDTH="66" HEIGHT="29" WC="0.92" CONTENT="sagde"/><SP WIDTH="19" VPOS="1017" HPOS="619"/>
							<String ID="string_218" HPOS="638" VPOS="1017" WIDTH="97" HEIGHT="21" WC="0.96" CONTENT="inkomst"/><SP WIDTH="14" VPOS="1017" HPOS="735"/>
							<String ID="string_219" HPOS="749" VPOS="1016" WIDTH="35" HEIGHT="22" WC="0.93" CONTENT="för"/><SP WIDTH="15" VPOS="1016" HPOS="784"/>
							<String ID="string_220" HPOS="799" VPOS="1017" WIDTH="44" HEIGHT="20" WC="0.91" CONTENT="stä-"/>
						</TextLine>
						<TextLine ID="line_26" HPOS="91" VPOS="1050" WIDTH="752" HEIGHT="30">
							<String ID="string_221" HPOS="91" VPOS="1051" WIDTH="66" HEIGHT="28" WC="0.91" CONTENT="derne"/><SP WIDTH="18" VPOS="1051" HPOS="157"/>
							<String ID="string_222" HPOS="175" VPOS="1051" WIDTH="71" HEIGHT="28" WC="0.86" CONTENT="blefve"/><SP WIDTH="14" VPOS="1051" HPOS="246"/>
							<String ID="string_223" HPOS="260" VPOS="1051" WIDTH="83" HEIGHT="29" WC="0.96" CONTENT="ganska"/><SP WIDTH="19" VPOS="1051" HPOS="343"/>
							<String ID="string_224" HPOS="362" VPOS="1051" WIDTH="118" HEIGHT="29" WC="0.96" CONTENT="obetydlig."/><SP WIDTH="31" VPOS="1051" HPOS="480"/>
							<String ID="string_225" HPOS="511" VPOS="1051" WIDTH="45" HEIGHT="29" WC="0.96" CONTENT="Jag"/><SP WIDTH="15" VPOS="1051" HPOS="556"/>
							<String ID="string_226" HPOS="571" VPOS="1051" WIDTH="67" HEIGHT="29" WC="0.96" CONTENT="vågar"/><SP WIDTH="15" VPOS="1051" HPOS="638"/>
							<String ID="string_227" HPOS="653" VPOS="1050" WIDTH="110" HEIGHT="22" WC="0.96" CONTENT="bestämdt"/><SP WIDTH="16" VPOS="1050" HPOS="763"/>
							<String ID="string_228" HPOS="779" VPOS="1050" WIDTH="64" HEIGHT="29" WC="0.96" CONTENT="påstå"/>
						</TextLine>
						<TextLine ID="line_27" HPOS="91" VPOS="1083" WIDTH="751" HEIGHT="31">
							<String ID="string_229" HPOS="91" VPOS="1087" WIDTH="32" HEIGHT="25" WC="0.93" CONTENT="att"/><SP WIDTH="15" VPOS="1087" HPOS="123"/>
							<String ID="string_230" HPOS="138" VPOS="1084" WIDTH="111" HEIGHT="29" WC="0.91" CONTENT="städernes"/><SP WIDTH="19" VPOS="1084" HPOS="249"/>
							<String ID="string_231" HPOS="268" VPOS="1085" WIDTH="72" HEIGHT="29" WC="0.96" CONTENT="fartyg"/><SP WIDTH="18" VPOS="1085" HPOS="340"/>
							<String ID="string_232" HPOS="358" VPOS="1084" WIDTH="78" HEIGHT="22" WC="0.93" CONTENT="nästan"/><SP WIDTH="19" VPOS="1084" HPOS="436"/>
							<String ID="string_233" HPOS="455" VPOS="1085" WIDTH="142" HEIGHT="29" WC="0.92" CONTENT="ingenstädes"/><SP WIDTH="19" VPOS="1085" HPOS="597"/>
							<String ID="string_234" HPOS="616" VPOS="1085" WIDTH="7" HEIGHT="21" WC="0.96" CONTENT="i"/><SP WIDTH="19" VPOS="1085" HPOS="623"/>
							<String ID="string_235" HPOS="642" VPOS="1084" WIDTH="75" HEIGHT="22" WC="0.96" CONTENT="landet"/><SP WIDTH="14" VPOS="1084" HPOS="717"/>
							<String ID="string_236" HPOS="731" VPOS="1083" WIDTH="111" HEIGHT="23" WC="0.96" CONTENT="beskattas"/>
						</TextLine>
						<TextLine ID="line_28" HPOS="91" VPOS="1119" WIDTH="752" HEIGHT="30">
							<String ID="string_237" HPOS="91" VPOS="1119" WIDTH="56" HEIGHT="27" WC="0.93" CONTENT="efter"/><SP WIDTH="13" VPOS="1119" HPOS="147"/>
							<String ID="string_238" HPOS="160" VPOS="1119" WIDTH="93" HEIGHT="30" WC="0.91" CONTENT="lästetal,"/><SP WIDTH="16" VPOS="1119" HPOS="253"/>
							<String ID="string_239" HPOS="269" VPOS="1119" WIDTH="67" HEIGHT="28" WC="0.94" CONTENT="ehuru"/><SP WIDTH="16" VPOS="1119" HPOS="336"/>
							<String ID="string_240" HPOS="352" VPOS="1120" WIDTH="68" HEIGHT="28" WC="0.96" CONTENT="några"/><SP WIDTH="14" VPOS="1120" HPOS="420"/>
							<String ID="string_241" HPOS="434" VPOS="1119" WIDTH="23" HEIGHT="27" WC="0.96" CONTENT="få"/><SP WIDTH="14" VPOS="1119" HPOS="457"/>
							<String ID="string_242" HPOS="471" VPOS="1120" WIDTH="112" HEIGHT="28" WC="0.96" CONTENT="undantag"/><SP WIDTH="15" VPOS="1120" HPOS="583"/>
							<String ID="string_243" HPOS="598" VPOS="1119" WIDTH="104" HEIGHT="28" WC="0.96" CONTENT="möjligen"/><SP WIDTH="15" VPOS="1119" HPOS="702"/>
							<String ID="string_244" HPOS="717" VPOS="1119" WIDTH="73" HEIGHT="21" WC="0.91" CONTENT="kunna"/><SP WIDTH="12" VPOS="1119" HPOS="790"/>
							<String ID="string_245" HPOS="802" VPOS="1126" WIDTH="41" HEIGHT="20" WC="0.91" CONTENT="ega"/>
						</TextLine>
						<TextLine ID="line_29" HPOS="91" VPOS="1152" WIDTH="751" HEIGHT="30">
							<String ID="string_246" HPOS="91" VPOS="1161" WIDTH="54" HEIGHT="20" WC="0.96" CONTENT="rum,"/><SP WIDTH="15" VPOS="1161" HPOS="145"/>
							<String ID="string_247" HPOS="160" VPOS="1160" WIDTH="49" HEIGHT="20" WC="0.96" CONTENT="men"/><SP WIDTH="15" VPOS="1160" HPOS="209"/>
							<String ID="string_248" HPOS="224" VPOS="1153" WIDTH="63" HEIGHT="28" WC="0.96" CONTENT="äfven"/><SP WIDTH="15" VPOS="1153" HPOS="287"/>
							<String ID="string_249" HPOS="302" VPOS="1153" WIDTH="28" HEIGHT="28" WC="0.96" CONTENT="då"/><SP WIDTH="14" VPOS="1153" HPOS="330"/>
							<String ID="string_250" HPOS="344" VPOS="1155" WIDTH="66" HEIGHT="27" WC="0.93" CONTENT="utgör"/><SP WIDTH="14" VPOS="1155" HPOS="410"/>
							<String ID="string_251" HPOS="424" VPOS="1154" WIDTH="111" HEIGHT="21" WC="0.93" CONTENT="lästetalet"/><SP WIDTH="15" VPOS="1154" HPOS="535"/>
							<String ID="string_252" HPOS="550" VPOS="1153" WIDTH="77" HEIGHT="22" WC="0.96" CONTENT="endast"/><SP WIDTH="12" VPOS="1153" HPOS="627"/>
							<String ID="string_253" HPOS="639" VPOS="1161" WIDTH="27" HEIGHT="14" WC="0.95" CONTENT="en"/><SP WIDTH="13" VPOS="1161" HPOS="666"/>
							<String ID="string_254" HPOS="679" VPOS="1152" WIDTH="163" HEIGHT="28" WC="0.96" CONTENT="bestämmande"/>
						</TextLine>
						<TextLine ID="line_30" HPOS="91" VPOS="1186" WIDTH="750" HEIGHT="30">
							<String ID="string_255" HPOS="91" VPOS="1187" WIDTH="73" HEIGHT="28" WC="0.96" CONTENT="faktor"/><SP WIDTH="18" VPOS="1187" HPOS="164"/>
							<String ID="string_256" HPOS="182" VPOS="1187" WIDTH="34" HEIGHT="28" WC="0.96" CONTENT="för"/><SP WIDTH="18" VPOS="1187" HPOS="216"/>
							<String ID="string_257" HPOS="234" VPOS="1187" WIDTH="166" HEIGHT="29" WC="0.95" CONTENT="beskattningen"/><SP WIDTH="16" VPOS="1187" HPOS="400"/>
							<String ID="string_258" HPOS="416" VPOS="1188" WIDTH="24" HEIGHT="28" WC="0.96" CONTENT="af"/><SP WIDTH="14" VPOS="1188" HPOS="440"/>
							<String ID="string_259" HPOS="454" VPOS="1188" WIDTH="78" HEIGHT="28" WC="0.96" CONTENT="sjelfva"/><SP WIDTH="18" VPOS="1188" HPOS="532"/>
							<String ID="string_260" HPOS="550" VPOS="1188" WIDTH="105" HEIGHT="21" WC="0.95" CONTENT="rörelsen."/><SP WIDTH="36" VPOS="1188" HPOS="655"/>
							<String ID="string_261" HPOS="691" VPOS="1186" WIDTH="12" HEIGHT="21" WC="0.93" CONTENT="I"/><SP WIDTH="15" VPOS="1186" HPOS="703"/>
							<String ID="string_262" HPOS="718" VPOS="1186" WIDTH="27" HEIGHT="22" WC="0.93" CONTENT="de"/><SP WIDTH="16" VPOS="1186" HPOS="745"/>
							<String ID="string_263" HPOS="761" VPOS="1186" WIDTH="80" HEIGHT="26" WC="0.96" CONTENT="städer,"/>
						</TextLine>
						<TextLine ID="line_31" HPOS="91" VPOS="1220" WIDTH="752" HEIGHT="30">
							<String ID="string_264" HPOS="91" VPOS="1221" WIDTH="39" HEIGHT="28" WC="0.95" CONTENT="der"/><SP WIDTH="17" VPOS="1221" HPOS="130"/>
							<String ID="string_265" HPOS="147" VPOS="1221" WIDTH="100" HEIGHT="29" WC="0.96" CONTENT="fartygen"/><SP WIDTH="19" VPOS="1221" HPOS="247"/>
							<String ID="string_266" HPOS="266" VPOS="1221" WIDTH="89" HEIGHT="28" WC="0.96" CONTENT="alldeles"/><SP WIDTH="22" VPOS="1221" HPOS="355"/>
							<String ID="string_267" HPOS="377" VPOS="1222" WIDTH="48" HEIGHT="21" WC="0.96" CONTENT="icke"/><SP WIDTH="23" VPOS="1222" HPOS="425"/>
							<String ID="string_268" HPOS="448" VPOS="1222" WIDTH="111" HEIGHT="27" WC="0.96" CONTENT="beskattas"/><SP WIDTH="18" VPOS="1222" HPOS="559"/>
							<String ID="string_269" HPOS="577" VPOS="1222" WIDTH="35" HEIGHT="21" WC="0.93" CONTENT="för"/><SP WIDTH="19" VPOS="1222" HPOS="612"/>
							<String ID="string_270" HPOS="631" VPOS="1221" WIDTH="118" HEIGHT="26" WC="0.92" CONTENT="lästetalet,"/><SP WIDTH="24" VPOS="1221" HPOS="749"/>
							<String ID="string_271" HPOS="773" VPOS="1220" WIDTH="70" HEIGHT="22" WC="0.96" CONTENT="skulle"/>
						</TextLine>
						<TextLine ID="line_32" HPOS="91" VPOS="1254" WIDTH="753" HEIGHT="33">
							<String ID="string_272" HPOS="91" VPOS="1254" WIDTH="85" HEIGHT="28" WC="0.95" CONTENT="således"/><SP WIDTH="15" VPOS="1254" HPOS="176"/>
							<String ID="string_273" HPOS="191" VPOS="1254" WIDTH="143" HEIGHT="33" WC="0.95" CONTENT="beskattning"/><SP WIDTH="15" VPOS="1254" HPOS="334"/>
							<String ID="string_274" HPOS="349" VPOS="1256" WIDTH="24" HEIGHT="28" WC="0.93" CONTENT="af"/><SP WIDTH="11" VPOS="1256" HPOS="373"/>
							<String ID="string_275" HPOS="384" VPOS="1256" WIDTH="243" HEIGHT="29" WC="0.89" CONTENT="landtmannafartygen"/><SP WIDTH="15" VPOS="1256" HPOS="627"/>
							<String ID="string_276" HPOS="642" VPOS="1256" WIDTH="19" HEIGHT="28" WC="0.96" CONTENT="ej"/><SP WIDTH="16" VPOS="1256" HPOS="661"/>
							<String ID="string_277" HPOS="677" VPOS="1255" WIDTH="87" HEIGHT="21" WC="0.96" CONTENT="komma"/><SP WIDTH="14" VPOS="1255" HPOS="764"/>
							<String ID="string_278" HPOS="778" VPOS="1254" WIDTH="8" HEIGHT="21" WC="0.93" CONTENT="i"/><SP WIDTH="14" VPOS="1254" HPOS="786"/>
							<String ID="string_279" HPOS="800" VPOS="1254" WIDTH="44" HEIGHT="21" WC="0.88" CONTENT="frå-"/>
						</TextLine>
						<TextLine ID="line_33" HPOS="91" VPOS="1288" WIDTH="752" HEIGHT="31">
							<String ID="string_280" HPOS="91" VPOS="1297" WIDTH="38" HEIGHT="21" WC="0.93" CONTENT="ga,"/><SP WIDTH="16" VPOS="1297" HPOS="129"/>
							<String ID="string_281" HPOS="145" VPOS="1290" WIDTH="89" HEIGHT="27" WC="0.96" CONTENT="emedan"/><SP WIDTH="18" VPOS="1290" HPOS="234"/>
							<String ID="string_282" HPOS="252" VPOS="1290" WIDTH="73" HEIGHT="28" WC="0.96" CONTENT="någon"/><SP WIDTH="19" VPOS="1290" HPOS="325"/>
							<String ID="string_283" HPOS="344" VPOS="1298" WIDTH="70" HEIGHT="19" WC="0.96" CONTENT="annan"/><SP WIDTH="16" VPOS="1298" HPOS="414"/>
							<String ID="string_284" HPOS="430" VPOS="1290" WIDTH="72" HEIGHT="29" WC="0.96" CONTENT="grund"/><SP WIDTH="15" VPOS="1290" HPOS="502"/>
							<String ID="string_285" HPOS="517" VPOS="1291" WIDTH="35" HEIGHT="27" WC="0.96" CONTENT="för"/><SP WIDTH="15" VPOS="1291" HPOS="552"/>
							<String ID="string_286" HPOS="567" VPOS="1289" WIDTH="65" HEIGHT="28" WC="0.96" CONTENT="dessa"/><SP WIDTH="14" VPOS="1289" HPOS="632"/>
							<String ID="string_287" HPOS="646" VPOS="1289" WIDTH="85" HEIGHT="29" WC="0.92" CONTENT="fartygs"/><SP WIDTH="16" VPOS="1289" HPOS="731"/>
							<String ID="string_288" HPOS="747" VPOS="1288" WIDTH="96" HEIGHT="22" WC="0.92" CONTENT="beskatt-"/>
						</TextLine>
						<TextLine ID="line_34" HPOS="91" VPOS="1321" WIDTH="283" HEIGHT="31">
							<String ID="string_289" HPOS="91" VPOS="1321" WIDTH="54" HEIGHT="31" WC="0.95" CONTENT="ning"/><SP WIDTH="14" VPOS="1321" HPOS="145"/>
							<String ID="string_290" HPOS="159" VPOS="1325" WIDTH="19" HEIGHT="27" WC="0.95" CONTENT="ej"/><SP WIDTH="14" VPOS="1325" HPOS="178"/>
							<String ID="string_291" HPOS="192" VPOS="1324" WIDTH="44" HEIGHT="21" WC="0.92" CONTENT="kan"/><SP WIDTH="14" VPOS="1324" HPOS="236"/>
							<String ID="string_292" HPOS="250" VPOS="1324" WIDTH="124" HEIGHT="28" WC="0.89" CONTENT="förefinnas."/>
						</TextLine>
					</TextBlock>
					<TextBlock ID="block_3" HPOS="91" VPOS="1356" WIDTH="755" HEIGHT="99">
						<TextLine ID="line_35" HPOS="159" VPOS="1356" WIDTH="685" HEIGHT="30">
							<String ID="string_293" HPOS="159" VPOS="1357" WIDTH="59" HEIGHT="29" WC="0.96" CONTENT="Herr"/><SP WIDTH="14" VPOS="1357" HPOS="218"/>
							<String ID="string_294" HPOS="232" VPOS="1358" WIDTH="133" HEIGHT="28" WC="0.95" CONTENT="Juselius:"/><SP WIDTH="23" VPOS="1358" HPOS="365"/>
							<String ID="string_295" HPOS="388" VPOS="1358" WIDTH="11" HEIGHT="21" WC="0.93" CONTENT="I"/><SP WIDTH="16" VPOS="1358" HPOS="399"/>
							<String ID="string_296" HPOS="415" VPOS="1358" WIDTH="228" HEIGHT="27" WC="0.91" CONTENT="öfverensstämmelse"/><SP WIDTH="14" VPOS="1358" HPOS="643"/>
							<String ID="string_297" HPOS="657" VPOS="1358" WIDTH="50" HEIGHT="27" WC="0.96" CONTENT="med"/><SP WIDTH="14" VPOS="1358" HPOS="707"/>
							<String ID="string_298" HPOS="721" VPOS="1356" WIDTH="59" HEIGHT="22" WC="0.92" CONTENT="hvad"/><SP WIDTH="15" VPOS="1356" HPOS="780"/>
							<String ID="string_299" HPOS="795" VPOS="1356" WIDTH="49" HEIGHT="22" WC="0.92" CONTENT="her-"/>
						</TextLine>
						<TextLine ID="line_36" HPOS="91" VPOS="1390" WIDTH="753" HEIGHT="30">
							<String ID="string_300" HPOS="91" VPOS="1399" WIDTH="36" HEIGHT="20" WC="0.95" CONTENT="rar"/><SP WIDTH="15" VPOS="1399" HPOS="127"/>
							<String ID="string_301" HPOS="142" VPOS="1392" WIDTH="136" HEIGHT="26" WC="0.93" CONTENT="Dahlström,"/><SP WIDTH="17" VPOS="1392" HPOS="278"/>
							<String ID="string_302" HPOS="295" VPOS="1392" WIDTH="124" HEIGHT="27" WC="0.92" CONTENT="Wesander"/><SP WIDTH="15" VPOS="1392" HPOS="419"/>
							<String ID="string_303" HPOS="434" VPOS="1392" WIDTH="42" HEIGHT="22" WC="0.96" CONTENT="och"/><SP WIDTH="16" VPOS="1392" HPOS="476"/>
							<String ID="string_304" HPOS="492" VPOS="1392" WIDTH="82" HEIGHT="27" WC="0.96" CONTENT="Hildén"/><SP WIDTH="16" VPOS="1392" HPOS="574"/>
							<String ID="string_305" HPOS="590" VPOS="1394" WIDTH="75" HEIGHT="26" WC="0.96" CONTENT="yttrat,"/><SP WIDTH="16" VPOS="1394" HPOS="665"/>
							<String ID="string_306" HPOS="681" VPOS="1399" WIDTH="64" HEIGHT="14" WC="0.96" CONTENT="anser"/><SP WIDTH="12" VPOS="1399" HPOS="745"/>
							<String ID="string_307" HPOS="757" VPOS="1391" WIDTH="38" HEIGHT="27" WC="0.96" CONTENT="jag"/><SP WIDTH="12" VPOS="1391" HPOS="795"/>
							<String ID="string_308" HPOS="807" VPOS="1390" WIDTH="37" HEIGHT="21" WC="0.96" CONTENT="det"/>
						</TextLine>
						<TextLine ID="line_37" HPOS="92" VPOS="1424" WIDTH="754" HEIGHT="31">
							<String ID="string_309" HPOS="92" VPOS="1432" WIDTH="53" HEIGHT="22" WC="0.90" CONTENT="vara"/><SP WIDTH="15" VPOS="1432" HPOS="145"/>
							<String ID="string_310" HPOS="160" VPOS="1426" WIDTH="88" HEIGHT="28" WC="0.91" CONTENT="alldeles"/><SP WIDTH="16" VPOS="1426" HPOS="248"/>
							<String ID="string_311" HPOS="264" VPOS="1426" WIDTH="87" HEIGHT="29" WC="0.90" CONTENT="obilligt"/><SP WIDTH="15" VPOS="1426" HPOS="351"/>
							<String ID="string_312" HPOS="366" VPOS="1430" WIDTH="31" HEIGHT="24" WC="0.93" CONTENT="att"/><SP WIDTH="15" VPOS="1430" HPOS="397"/>
							<String ID="string_313" HPOS="412" VPOS="1426" WIDTH="105" HEIGHT="29" WC="0.91" CONTENT="förpligta"/><SP WIDTH="20" VPOS="1426" HPOS="517"/>
							<String ID="string_314" HPOS="537" VPOS="1426" WIDTH="124" HEIGHT="22" WC="0.92" CONTENT="rederierne"/><SP WIDTH="15" VPOS="1426" HPOS="661"/>
							<String ID="string_315" HPOS="676" VPOS="1426" WIDTH="35" HEIGHT="26" WC="0.93" CONTENT="för"/><SP WIDTH="14" VPOS="1426" HPOS="711"/>
							<String ID="string_316" HPOS="725" VPOS="1424" WIDTH="121" HEIGHT="28" WC="0.91" CONTENT="landtman-"/>
						</TextLine>
					</TextBlock>
				</ComposedBlock>
			</PrintSpace>
		</Page>
	</Layout>
</alto>
