1039 1773
774 164 41 21 233

90 232 35 27 sig
140 230 41 21 och
201 230 67 28 gingo
288 228 75 27 under,
383 228 42 21 och
440 227 79 29 många
533 228 69 20 måste
617 235 94 20 rymma,
730 227 114 22 lemnande

90 265 78 22 hustru
184 264 41 21 och
241 264 54 20 barn
310 263 8 21 i
333 262 44 22 nöd
393 262 41 22 och
450 262 229 28 fattigförsörjningen
694 261 34 21 till
743 262 49 21 last.

158 298 59 21 Herr
233 296 152 23 Träskelin:
400 296 54 28 Nog
465 296 69 22 måste
544 297 38 27 jag
593 296 127 28 ytterligare
732 296 112 21 framhålla

91 332 86 29 åsigten
193 340 36 13 om
244 330 193 29 nödvändigheten
452 330 71 27 deraf,
540 333 31 18 att
586 330 33 21 för
627 327 111 31 rättighet
749 333 32 18 att
791 330 53 21 drif-

91 375 28 13 va
138 370 31 18 ett
188 366 54 29 yrke
262 365 70 21 skulle
352 364 109 22 erfordras
481 365 62 27 intyg
563 364 62 21 öfver
639 364 123 29 kunnighet
776 364 7 21 i
798 364 47 21 det-

92 408 87 14 samma.
208 400 40 21 Ett
264 399 77 21 sådant
355 399 63 28 intyg
433 398 68 22 borde
517 399 66 20 vinna
598 398 7 21 i
620 398 165 28 tillförlitlighet
797 398 48 22 der-

91 435 100 28 igenom,
208 436 32 18 att
254 434 37 20 det
306 434 18 27 ej
341 433 69 21 skulle
425 432 87 22 komma
528 435 31 18 att
573 432 98 21 utfärdas
685 433 24 21 af
721 436 32 18 ett
763 432 82 22 enskilt

93 469 60 27 skrå,
165 471 52 18 utan
229 468 146 28 förmodligen
388 468 24 21 af
421 467 298 29 handtverksföreningarne,
732 475 46 14 som
790 467 56 22 efter

94 503 90 21 skråens
204 502 156 23 försvinnande
379 501 86 22 komme
485 504 32 18 att
535 501 98 21 inrättas.
666 501 34 22 En
715 501 93 28 yngling
824 501 24 21 af

93 537 44 22 tolf
150 537 52 21 eller
220 537 84 21 femton
323 536 34 22 års
377 536 60 21 ålder
453 535 57 22 skall
525 536 8 21 i
548 535 27 22 de
590 535 63 22 flesta
668 535 38 22 fall
722 535 68 22 blifva
804 535 42 21 lik-

93 571 65 30 giltig
173 571 34 21 för
223 574 32 18 att
270 571 54 22 söka
338 570 112 22 förvärfva
466 570 72 28 någon
555 571 68 20 större
640 569 131 29 skicklighet
785 569 7 21 i
808 569 38 21 det

93 606 64 30 yrke,
174 606 21 20 åt
209 605 85 24 hvilket
308 605 43 20 han
367 607 65 26 egnat
448 605 44 28 sig,
509 605 90 20 såframt
613 604 42 21 han
672 605 18 27 ej
705 604 81 21 drifves
798 603 48 22 der-

94 640 34 21 till
137 640 23 21 af
169 639 42 22 den
220 639 173 28 omständighet,
405 641 33 18 att
449 638 41 21 han
503 638 48 21 icke
564 638 51 29 sjelf
623 638 42 21 kan
678 638 94 29 anlägga
782 638 64 21 verk-

95 674 49 21 stad
158 677 52 18 utan
226 676 32 18 att
273 673 69 21 förete
358 673 61 21 bevis
436 673 61 21 öfver
511 672 123 29 kunnighet
649 673 6 20 i
671 672 70 29 yrket.

163 708 59 21 Herr
240 707 172 29 Tengström:
432 707 87 28 Frågan
539 715 35 13 om
593 707 52 28 prof
661 707 53 21 eller
734 707 65 28 betyg
818 707 29 28 på

96 742 132 29 skicklighet
243 742 7 21 i
266 744 31 20 ett
312 741 52 28 yrke
379 741 34 21 för
429 741 52 27 den,
497 748 47 14 som
560 741 38 20 vill
613 741 66 21 vinna
691 742 44 20 rätt
747 744 31 18 att
790 741 57 21 utöf-

95 785 29 13 va
142 777 45 26 det,
208 776 180 28 sammanhänger
407 775 29 29 på
454 775 38 21 det
507 777 108 20 närmaste
629 775 49 22 med
694 776 94 21 arbetets
805 775 42 21 och

95 811 117 28 kapitalets
228 809 103 22 inbördes
343 809 134 22 förhållande
489 809 32 21 till
534 809 127 22 hvarandra.
691 810 46 21 Det
748 810 39 21 har
799 809 49 22 blif-

96 846 33 20 vit
147 844 100 22 anmärkt
266 844 72 22 såsom
354 851 26 15 en
396 843 123 23 erfarenhet
534 843 41 21 och
594 843 73 23 såsom
685 851 27 14 en
731 844 69 28 regel,
816 846 32 18 att

97 879 94 22 arbetets
207 878 138 29 fullkomliga
360 878 66 21 frihet
441 879 24 20 är
477 878 89 22 slafveri
578 878 35 21 för
624 878 121 27 arbetaren,
761 878 37 21 det
809 877 39 22 vill

97 916 63 26 säga,
178 916 31 18 att
223 913 33 22 uti
272 916 30 18 ett
320 912 62 28 land,
401 912 38 21 der
454 912 59 21 helst
528 912 71 28 någon
615 912 92 28 tillgång
723 912 28 29 på
765 912 83 28 kapital

96 948 80 26 finnes,
195 947 40 22 har
254 946 112 22 arbetaren
387 946 68 21 sällan
473 947 71 28 utsigt
563 949 32 18 att
612 946 77 27 blifva,
711 946 72 22 såsom
798 954 50 13 man

97 982 70 22 kallar
186 981 45 27 det,
252 981 32 21 sin
303 988 65 21 egen,
387 984 31 19 att
436 980 76 23 kunna
531 981 76 21 utöfva
623 981 38 20 sitt
675 980 53 28 yrke
743 980 34 21 för
793 988 55 21 egen

97 1016 104 28 räkning;
216 1018 24 26 ty
256 1015 52 27 den,
324 1023 47 14 som
386 1023 52 20 eger
448 1015 93 29 tillgång
553 1015 28 27 på
592 1014 82 31 kapital
686 1014 52 22 eller
749 1014 40 21 har
800 1014 49 21 kre-

97 1050 43 27 dit,
155 1050 43 21 blir
216 1050 6 21 i
239 1050 86 20 tillfälle
346 1052 42 25 att,
404 1052 52 18 utan
474 1050 80 20 minsta
569 1049 122 29 kunnighet
705 1049 8 21 i
732 1049 38 21 sitt
784 1048 65 30 yrke,

98 1085 72 21 drifva
184 1084 119 22 detsamma
318 1084 7 20 i
342 1087 45 17 stor
399 1084 152 28 utsträckning
563 1084 78 20 endast
652 1090 79 21 genom
742 1082 64 29 legda
817 1090 33 14 ar-

99 1119 83 26 betare,
198 1118 79 21 hvaraf
290 1118 81 28 följden
386 1118 42 21 blir
444 1120 31 18 att
491 1118 40 21 den
547 1118 96 28 kunnige
659 1117 122 26 arbetaren,
802 1124 48 14 som

98 1153 49 21 icke
162 1160 51 20 eger
228 1155 66 17 annat
309 1152 83 29 kapital
407 1153 27 19 än
451 1152 34 20 sin
497 1152 186 28 konstfärdighet,
700 1152 34 21 sin
747 1151 103 28 skicklig-

100 1188 39 20 het
154 1186 39 22 och
213 1186 138 28 följaktligen
366 1186 48 22 icke
430 1187 42 20 kan
488 1186 71 21 drifva
574 1186 64 28 yrket
652 1187 6 19 i
675 1188 71 19 större
761 1185 89 28 omfång

98 1221 53 21 eller
159 1220 54 22 täfla
220 1220 47 22 med
277 1220 151 28 kapitalisten,
437 1220 71 29 aldrig
516 1220 42 22 kan
566 1220 69 22 blifva
646 1223 66 18 annat
723 1221 27 20 än
761 1227 26 13 en
799 1219 51 29 legd

99 1255 104 21 arbetare.
233 1255 45 21 För
293 1258 31 19 att
339 1255 134 22 förekomma
489 1256 60 20 detta
564 1256 38 20 har
618 1256 93 27 mången
723 1256 81 25 ansett,
820 1256 31 18 att

99 1297 35 13 om
154 1288 40 22 ock
214 1288 130 29 stadgandet
363 1297 35 15 om
416 1290 46 20 viss
482 1289 79 21 lärotid
581 1290 70 20 skulle
671 1288 125 27 försvinna,
814 1288 38 21 det

99 1323 67 21 likväl
185 1323 35 23 för
239 1323 107 28 rättighet
364 1326 31 19 att
413 1323 72 22 drifva
505 1326 31 18 ett
554 1323 53 30 yrke
627 1323 70 21 skulle
716 1322 86 24 fordras
818 1325 34 19 ut-

99 1357 92 28 redning
210 1364 35 16 om
264 1357 132 30 skicklighet
415 1358 55 26 deri,
494 1358 104 28 antingen
621 1365 78 21 genom
719 1356 132 30 afläggande

99 1392 25 20 af
140 1392 52 27 prof
208 1391 52 21 eller
280 1392 42 20 ock
340 1392 92 21 medelst
447 1392 125 21 företeende
589 1392 23 23 af
625 1392 60 21 bevis
702 1390 84 27 derom;
803 1398 48 14 men

99 1426 131 28 pröfningen
250 1426 5 20 i
271 1426 93 22 nämnde
383 1426 124 21 hänseende
527 1426 71 21 skulle
613 1426 58 26 icke,
691 1426 71 21 såsom
783 1424 70 29 enligt

99 1459 26 24 de
142 1461 57 19 förra
219 1460 243 29 skräförfattningarne,
483 1460 120 21 tillkomma
620 1462 121 20 mästarene
756 1460 6 20 i
779 1458 73 29 yrket,
