1039 1773
238 159 28 21 98

553 221 12 29 &
582 221 33 21 11.
948 234 2 2 :

277 256 59 21 Herr
347 255 142 23 Sundman:
505 256 49 20 Den
569 256 86 28 garanti
667 256 24 21 af
701 257 41 21 110
753 260 92 25 procent
855 258 49 21 utaf
912 258 49 22 kre-

201 291 153 21 -ditsedlarnes
371 290 90 28 belopp,
478 297 47 15 som
540 290 73 21 blifvit
624 290 31 21 uti
669 290 72 22 denna
751 292 13 27 &
775 292 134 28 föreslagen,
924 300 36 21 sy-

208 334 39 14 nes
261 333 54 13 vara
330 332 44 21 nog
389 324 54 28 högt
458 324 105 28 tilltagen.
592 325 51 21 Den
658 325 80 29 nådiga
749 326 166 28 propositionen
927 326 33 22 fö-

201 360 76 22 .reslår
292 359 7 21 i
315 358 60 21 detta
394 358 100 21 afseende
513 358 26 20 75
555 361 92 25 procent
666 359 42 21 och
724 360 39 28 jag
777 359 131 29 hemställer,
924 368 35 14 om

208 394 48 21 icke
272 396 32 17 ett
314 392 102 21 medeltal
428 392 24 20 af
462 392 40 20 100
513 394 92 26 procent
615 392 119 29 lämpligen
745 393 72 22 kunde
828 394 130 28 fastställas,

207 428 59 20 helst
281 426 132 28 pröfningen
429 426 24 20 af
465 425 146 28 hypothekets
627 426 102 22 säkerhet
743 428 19 27 ej
778 428 24 20 är
817 427 107 23 beroende
936 428 25 22 af

201 461 185 28 -bankstyrelsen,
405 463 52 18 utan
477 460 23 21 af
517 460 36 21 det
570 460 90 28 publika
679 461 112 27 ombudet,
810 461 52 22 eller
880 463 8 20 i
906 463 50 22 dess

201 496 107 23 frånvaro
324 495 25 21 af
360 494 164 22 vederbörande
539 495 116 28 guvernör.

275 529 59 22 Herr
349 528 97 21 Mölsä:
462 527 53 22 Med
527 528 117 29 anledning
655 528 24 21 af
689 528 97 23 ståndets
800 529 88 22 beslut
877 523 14 39 i
899 530 57 21 före-

205 563 84 30 gående
304 564 12 27 $
332 563 92 21 föreslår
436 563 38 27 jag
489 565 31 18 att
535 562 171 29 sedelutgifning
721 563 48 22 icke
783 563 35 22 må
831 564 125 28 privatban-

206 598 66 21 kerne
288 597 80 21 tillåtas
388 597 52 21 eller
459 600 40 23 att,
515 604 35 13 om
565 596 66 21 sådan
648 596 42 21 blir
705 597 49 20 dem
769 597 134 29 medgifven,
922 599 33 20 så-

206 639 48 14 som
268 631 72 22 vilkor
355 631 73 21 derför
443 631 65 20 måtte
524 630 143 21 föreskrifvas
682 633 33 18 att
729 630 34 21 till
777 631 85 28 garanti
873 632 35 21 för
918 632 36 21 de-

205 673 36 15 ras
260 665 86 29 utgifna
365 659 72 27 Sedlar
456 664 55 21 skall
529 664 120 28 deponeras
668 665 130 22 åtminstone
817 665 27 21 50
862 669 92 24 procent

205 699 110 22 metallisk
333 699 75 21 valuta
426 701 56 19 samt
499 698 36 22 det
553 698 135 22 återstående
707 699 104 29 beloppet
828 700 7 21 i
854 701 99 20 räntebä-

205 733 67 22 rande
288 733 153 28 obligationer.

272 767 59 22 Herr
346 767 91 21 Malm:
454 765 44 30 Jag
513 765 97 22 anhåller
625 768 32 19 att
671 766 22 21 få
708 767 94 28 upplysa
817 767 84 27 derom,
920 770 32 19 att

204 802 28 21 då
250 801 197 29 föreningsbanken
466 800 89 29 nyligen
574 801 41 21 hos
633 801 118 28 kejserliga
769 804 88 19 senaten
875 802 76 28 gjorde

203 836 123 28 ansökning
342 843 35 13 om
392 835 97 21 tillstånd
505 837 31 18 att
550 835 85 28 utgifva
647 834 77 28 sedlar,
739 835 42 21 den
792 835 72 22 tillika
876 836 75 28 erbjöd

204 870 34 29 sig
254 872 32 19 att
303 869 34 21 till
352 869 101 22 säkerhet
467 869 34 21 för
517 869 47 21 sina
580 869 70 22 sedlar
665 869 110 28 deponera
789 869 111 22 enahanda
916 870 35 22 be-

203 904 65 28 lopp,
288 912 48 13 som
354 904 73 21 blifvit
446 904 23 20 af
485 903 164 21 bankutskottet
667 903 129 28 föreslaget,
814 904 35 21 för
867 904 83 21 hvilket

203 938 99 21 ändamål
314 937 92 22 nämnde
418 937 57 21 bank
485 937 65 21 redan
563 936 76 22 samlat
651 937 24 21 af
683 936 266 30 hypotheksföreningens

203 972 145 29 obligationer
364 971 33 21 till
412 974 32 18 ett
458 970 66 22 värde
539 970 24 22 af
575 971 112 27 2,000,000
703 971 68 21 mark.
800 971 72 21 Häraf
880 971 69 23 finnes

202 1010 32 18 att
249 1014 26 14 en
290 1005 131 29 privatbank
435 1005 35 21 väl
485 1005 43 21 kan
543 1005 132 21 underkasta
690 1005 34 28 sig
735 1005 163 29 ifrågavarande
910 1006 40 22 vil-

201 1040 47 28 kor,
264 1041 65 21 hvars
340 1040 165 28 nödvändighet
515 1040 112 21 dessutom
639 1039 59 21 inses
710 1040 61 21 såväl
781 1040 63 21 deraf
851 1043 31 19 att
894 1040 54 22 obli-

202 1075 100 27 gationer
320 1074 40 21 lätt
378 1074 74 20 kunna
468 1073 52 21 falla
537 1074 8 20 i
563 1073 66 21 värde
649 1080 47 14 som
715 1073 42 21 ock
775 1074 62 21 deraf
852 1077 42 25 att,
913 1082 35 14 om

200 1116 28 14 en
247 1108 58 22 bank
323 1108 70 22 skulle
412 1108 87 20 komma
517 1107 68 21 under
602 1108 127 28 utredning,
749 1108 37 21 det
804 1116 52 13 vore
870 1108 78 29 nödigt

200 1145 32 18 att
247 1142 169 22 innehafvarene
431 1142 25 20 af
467 1141 50 22 dess
533 1140 72 23 sedlar
619 1141 73 22 kunde
704 1142 100 28 tilläggas
816 1143 61 20 ränta
888 1142 12 21 å
912 1142 36 22 de-

201 1184 91 20 samma,
308 1176 42 22 och
365 1176 34 21 till
413 1176 133 21 betäckande
561 1176 19 28 ej
596 1176 83 21 mindre
696 1176 64 22 häraf
772 1177 27 21 än
814 1176 24 27 af
846 1176 26 22 de
887 1176 61 22 kost-

198 1210 68 22 nader
278 1219 26 13 en
315 1210 97 22 konkurs
424 1210 62 21 alltid
497 1210 90 26 medför,
599 1210 63 22 torde
673 1210 125 28 deposition
810 1210 24 22 af
845 1210 40 22 110
896 1218 51 21 pro-

198 1247 51 19 cent
267 1245 49 21 utaf
332 1244 42 21 den
394 1244 85 28 utgifna
497 1243 146 22 sedelmassan
659 1247 102 25 nogsamt
775 1251 51 15 vara
840 1244 105 29 behöflig.

198 1278 33 22 På
246 1279 65 21 dessa
325 1278 96 30 grunder
432 1277 123 23 hemställer
568 1279 47 27 jag,
631 1281 32 18 att
677 1278 119 22 utskottets
811 1278 135 22 betänkande

198 1312 76 22 härom
288 1313 66 21 måtte
370 1313 24 20 af
407 1312 86 22 ståndet
507 1312 134 28 godkännas.

266 1346 59 22 Herr
343 1346 156 22 Wesander:
515 1346 72 22 Jemte
603 1346 36 21 det
652 1347 38 27 jag
705 1346 28 28 på
744 1346 26 21 de
782 1346 25 21 af
815 1346 51 22 herr
876 1345 69 23 Malm

197 1388 29 14 nu
245 1380 135 22 framställda
399 1380 47 21 skäl
465 1380 120 29 tillstyrker
605 1380 61 21 bifall
683 1380 34 21 till
735 1380 118 21 utskottets
872 1380 74 21 betän-

196 1414 71 22 kande
285 1415 8 21 i
308 1416 82 25 ämnet,
410 1414 96 22 anhäller
521 1416 38 26 jag
578 1416 32 19 att
627 1414 23 21 få
667 1414 125 28 ytterligare
808 1414 91 28 tillägga
913 1417 33 19 att

196 1449 152 22 kännedomen
367 1449 76 22 derom
462 1451 31 19 att
514 1448 195 30 privatbankernes
733 1448 169 30 sedelutgifning
921 1450 23 20 är
