1039 1773
213 147 26 21 76

183 213 39 18 tet.
256 210 45 29 Jag
317 210 60 22 inser
395 209 86 22 således
497 210 20 28 ej
532 208 194 31 nödvändigheten
741 211 24 21 af
778 210 41 23 den
835 212 107 30 föreslag-

183 252 28 14 na
228 244 164 29 förändringen.

253 279 33 21 På
302 279 74 21 derom
392 278 24 21 af
424 278 51 21 herr
490 278 152 21 talmannen
658 278 122 22 framställd
791 281 151 28 proposition,

254 343 66 32 Öfver
334 346 100 21 nittonde
446 350 123 22 momentet,
584 345 85 22 hvilket
680 346 100 28 föreslår,
796 350 32 19 att
839 348 37 22 det
887 348 55 29 hög-

184 384 35 19 sta
234 381 91 27 belopp,
345 388 47 13 som
408 380 47 21 från
474 380 112 28 primitiva
601 380 42 22 och
658 380 235 29 hypotheksfonderna
908 383 34 21 får.

184 416 25 21 af
227 415 99 21 bankens
349 414 110 22 direktion
481 415 23 21 åt
523 422 27 14 en
573 414 41 22 och
637 422 82 14 samma
741 423 81 21 person
845 416 96 28 utlånas,

184 450 68 21 måtte
268 448 120 23 fastställas
404 448 33 22 till
453 448 93 28 300,000
560 449 73 27 mark,
649 449 56 22 utlät
721 450 34 29 sig

253 483 59 22 Herr
327 483 142 23 Sundman:
492 483 45 28 Jag
553 490 63 14 anser
631 483 37 22 det
683 483 39 22 här
737 484 113 22 bestämda
865 485 76 29 belop-

183 520 49 27 pet,
251 518 53 21 eller
320 518 78 26 75,000
413 517 62 22 rubel
495 517 80 27 silfver,
594 525 53 14 vara
665 517 75 22 alltför
759 519 61 28 högt.
856 519 46 22 Det
917 521 24 20 är

184 560 70 20 mera,
272 553 28 20 än
316 553 38 27 jag
374 551 70 22 skulle
462 552 54 28 vilja
534 551 131 22 tillerkänna
683 552 198 23 bankdirektionen
897 555 45 20 rätt

184 589 43 24 att,
249 589 52 18 utan
324 586 209 28 bankfullmäktiges
556 585 105 28 hörande,
685 586 75 21 utlåna
782 587 28 28 på
829 595 26 13 en
875 587 65 22 hand.

184 621 37 22 Dä
235 629 27 13 en
278 620 99 29 betydlig
393 627 83 14 summa
491 620 56 21 skall
567 620 82 21 lemnas
665 620 22 21 ät
703 627 27 14 en
745 621 57 21 enda
816 621 124 29 låntagare,

184 656 25 20 är
223 655 38 21 det
276 655 88 21 säkrare
380 661 34 14 om
430 653 51 22 flere
497 661 104 21 personer
616 653 66 22 hafva
694 654 86 21 tillfälle
792 657 32 19 att
835 655 106 30 rådpläga

184 689 7 21 i
208 689 74 22 saken.
320 689 44 28 Jag
382 689 92 21 föreslår
491 689 60 28 förty
567 691 31 18 att
613 691 58 18 detta
692 689 116 21 maximum
828 689 112 23 nedsättes

184 723 34 22 till
234 723 92 28 200,000
341 723 61 21 mark
418 722 53 22 eller
486 723 77 26 50,000
578 722 61 21 rubel
655 723 84 21 silfver.

254 757 58 21 Herr
334 757 151 22 talmannen
507 756 135 21 framställde
664 756 54 22 härä
739 758 140 27 proposition
898 758 41 21 och

185 791 219 29 kontraproposition
420 791 28 28 pä
463 790 96 29 följande
575 792 54 20 sätt:

254 825 134 23 Godkänner
404 824 86 22 ständet
506 825 117 22 utskottets
635 825 138 22 betänkande
788 825 7 22 i
809 825 71 22 denna
890 826 50 22 del?

184 859 47 28 De,
247 867 47 14 som
308 859 53 29 vilja
376 859 70 28 detta,
462 866 65 15 svara
539 860 30 28 ja.

528 894 63 22 eller:

254 928 47 22 Vill
320 928 88 22 ständet
429 928 46 22 deri
497 924 71 25 införa
587 928 41 22 den
647 928 24 21 af
686 928 51 22 herr
752 928 112 23 Sundman
883 929 57 21 före-

184 963 78 29 slagna
277 962 107 29 ändring?
415 963 44 26 De,
475 970 48 14 som
537 963 60 21 rösta
612 962 82 28 härför,
711 970 65 14 svara
790 964 42 28 nej.

254 997 86 28 Frågan
356 996 131 22 besvarades
502 996 50 22 med
567 996 104 22 blandadt
683 998 24 27 ja
722 997 42 21 och
776 998 45 28 nej,
837 997 101 22 hvarföre

184 1031 102 29 votering
302 1031 118 21 anställdes
437 1030 41 22 och
493 1031 100 21 utvisade
610 1032 24 20 11
649 1032 23 28 ja
687 1031 42 21 och
746 1032 25 20 17
787 1033 42 28 nej.

253 1065 59 21 Herr
333 1065 152 21 talmannen
511 1065 123 22 förklarade
660 1065 99 22 ständets
786 1066 72 22 beslut
880 1067 58 29 förty

184 1108 62 18 vara,
266 1102 32 18 att
316 1099 37 22 det
371 1100 80 28 högsta
468 1099 140 29 länebelopp,
628 1107 48 14 som
691 1100 24 21 af
731 1100 207 28 bankdirektionen,

183 1137 54 17 utan
251 1134 208 28 bankfullmäktiges
474 1134 106 26 hörande,
596 1134 58 28 finge
670 1134 29 28 pä
713 1142 27 14 en
755 1134 59 22 hand
829 1136 108 28 utgifvas,

183 1169 20 27 ej
219 1168 68 22 borde
303 1168 120 28 öfverstiga
439 1168 90 28 200,000
545 1168 66 21 mark.

255 1202 111 29 Tjugonde
382 1207 113 17 momentet
510 1202 92 29 gillades
617 1206 53 18 utan
686 1202 134 22 diskussion.

252 1236 58 22 Utaf
326 1237 177 21 bankutskottets
522 1237 83 28 förslag
623 1237 34 21 till
672 1237 134 21 instruktion
821 1237 35 21 för
871 1237 67 21 bank-

183 1271 147 29 fnllmäktige,
345 1271 85 21 hvilket
444 1279 29 13 nu
485 1271 126 29 föredrogs,
627 1271 128 28 godkändes
767 1272 122 28 punkterne
904 1272 42 21 1:0-

183 1305 37 21 till
234 1306 34 20 5:0
285 1309 50 17 utan
352 1306 150 28 anmärkning.

252 1340 120 28 Angående
389 1339 35 22 6:e
435 1340 98 28 punkten
547 1340 87 22 föreföll
650 1340 95 28 följande
761 1340 136 22 diskussion:

251 1374 59 21 Herr
324 1374 141 22 Sundman:
481 1375 45 21 Det
537 1382 65 21 synes
615 1375 44 28 mig
673 1374 52 22 böra
737 1375 155 27 föreskrifvas,
905 1377 32 19 att

182 1408 196 28 bankfullmäktige
397 1409 63 21 skola
475 1409 159 21 sammanträda
652 1408 75 28 hvarje
743 1408 53 29 dag,
816 1416 35 14 om
866 1410 19 27 ej
902 1409 34 21 för

182 1442 75 28 längre
273 1442 42 28 tid,
335 1443 24 20 så
374 1443 131 22 åtminstone
521 1451 26 13 en
563 1444 80 20 timme.
673 1442 33 22 På
724 1442 63 22 deras
806 1442 130 29 tillgörande
