1039 1773
792 162 13 21 5

81 225 105 29 begrepp,
205 224 55 22 skall
280 223 80 23 förstås
380 223 169 29 propositionen
566 224 6 20 i
591 224 34 21 sin
644 224 74 22 helhet
735 224 53 22 eller
806 233 27 14 en

81 259 95 21 derifrån
195 258 99 28 lösryckt
310 257 93 21 särskild
419 257 42 21 del.
496 257 45 21 För
557 257 44 21 min
617 257 35 22 del
668 266 63 14 anser
744 259 38 28 jag
797 259 37 21 det

81 293 49 21 med
154 292 50 22 vida
226 293 70 21 större
315 292 47 22 skäl
381 292 75 21 kunna
475 294 91 26 antagas
586 294 32 18 att
637 292 64 22 dessa
719 293 37 21 två
771 293 39 21 ord
826 294 6 20 i

82 326 142 22 förevarande
244 326 38 21 fall
301 327 19 27 ej
340 327 37 20 äro
394 326 132 28 tillämpliga
541 326 28 27 på
585 326 90 21 enstaka
690 328 25 27 $$
730 328 7 20 i
752 336 82 20 propo-

82 361 104 26 sitionen,
203 364 51 18 ntan
270 361 28 28 på
312 360 126 22 densamma
453 360 7 21 i
477 360 33 21 sin
526 360 80 21 helhet.
621 373 28 3 —
665 360 42 22 Om
723 370 48 13 man
784 364 49 19 när-

81 403 58 13 mare
160 395 103 21 betänker
282 394 156 28 förhållandet,
454 394 23 21 så
493 394 68 21 borde
577 402 49 13 man
641 394 86 22 komma
742 396 33 21 till
790 396 43 22 den

82 429 102 28 slutsats,
200 432 31 18 att
242 429 76 29 frågan
331 436 35 14 om
377 428 200 22 nämndemännens
592 428 96 30 aflöning
700 429 45 21 står
756 430 6 21 i
775 438 57 14 ome-

81 464 85 21 delbart
183 463 157 29 sammanhang
359 463 48 21 med
428 463 77 28 frågan
522 471 35 13 om
573 463 63 22 deras
653 464 121 28 antagande
790 465 42 21 och

82 497 133 23 afskedande
232 498 40 21 och
288 497 118 29 ingalunda
422 498 38 21 äro
476 497 25 21 af
514 497 122 21 hvarandra
652 498 132 27 oberoende,
798 499 34 21 så-

82 540 47 14 som
145 532 41 21 den
202 532 54 21 sista
272 532 79 21 talaren
368 532 58 21 velat
437 531 121 22 framhålla.
588 531 50 29 Mig
651 532 110 21 förefaller
773 533 59 21 detta

82 567 131 21 åtminstone
236 574 52 13 vara
309 566 84 29 ganska
415 565 81 29 tydligt
515 566 41 21 och
574 567 39 27 jag
635 566 128 21 återbemtar
785 567 48 21 der-

82 601 47 21 före
144 600 118 22 innehället
276 601 24 20 af
316 601 58 20 förut
394 600 131 21 omnämnda
545 601 134 21 reservation
699 604 55 18 samt
775 601 57 21 hem-

81 635 83 27 ställer,
186 643 35 14 om
244 636 18 27 ej
284 635 42 22 den
344 635 48 21 deri
410 635 96 21 uttalade
525 635 89 29 mening
632 643 52 14 vore
703 636 89 28 förtjent
811 636 24 21 af

81 669 98 22 ståndets
196 669 67 22 bifall.

151 703 58 22 Herr
224 703 170 27 Tengström:
416 703 58 22 Lika
489 703 49 22 med
553 703 50 22 herr
619 703 82 22 Hildén
717 705 69 20 finner
801 705 32 21 äf-

83 746 41 13 ven
141 739 38 28 jag
198 740 32 19 att
251 738 6 28 &
272 739 12 19 7
300 738 7 21 i
323 738 41 21 den
383 738 80 29 nådiga
481 738 168 28 propositionen
669 739 116 21 innefattar
800 742 32 18 ett

83 772 121 29 stadgande
223 773 34 20 för
276 773 43 28 sig,
342 779 48 15 som
409 772 48 21 icke
477 773 45 21 står
540 773 7 20 i
566 773 69 28 något
653 773 128 29 ovilkorligt
795 773 37 22 be-

82 806 81 21 roende
182 806 24 21 af
222 807 179 27 propositionens
421 806 71 28 öfrige
511 807 32 28 $$.
576 800 141 29 Åtminstone
735 807 42 22 kan
793 809 39 27 jag

82 841 20 27 ej
118 840 54 21 fatta
187 843 32 18 att
238 840 76 29 frågan
334 848 35 13 om
391 841 155 21 nämndemäns
567 841 121 28 antagande
703 841 42 22 och
761 841 71 22 afske-

81 874 81 28 dande,
178 874 60 22 tiden
255 875 33 21 för
304 875 62 21 deras
381 875 159 29 tjenstgöring,
555 875 63 21 deras
635 875 58 21 antal
709 879 55 18 samt
775 876 55 22 huru

82 909 27 21 de
131 908 7 21 i
160 909 123 21 hänseende
305 908 33 22 till
365 909 82 21 antalet
473 909 54 21 böra
552 909 92 21 emellan
666 910 51 21 flere
740 911 92 21 försam-

82 943 71 28 lingar
175 943 7 21 i
205 943 119 29 tingslaget
346 943 106 27 fördelas,
475 950 52 22 eger
549 944 128 28 oskiljaktig
698 944 133 28 gemenskap

81 977 50 21 med
151 978 65 20 sättet
231 978 34 20 för
280 977 62 22 deras
358 977 121 22 aflönande.
509 977 28 29 Ej
553 978 56 21 blott
625 978 135 28 grundlagen
778 982 53 18 utan

81 1012 65 21 äfven
158 1012 74 28 praxis
244 1012 54 21 talar
310 1012 34 20 för
358 1012 42 20 den
416 1012 105 28 tydning,
533 1015 32 18 att
576 1012 28 21 då
615 1012 136 22 beträffande
764 1012 67 28 något

82 1046 56 21 visst
153 1046 119 28 stadgande
288 1046 7 20 i
310 1048 31 19 ett
355 1046 121 28 lagförslag
491 1046 38 21 två
540 1046 64 21 stånd
616 1049 87 18 stannat
714 1050 58 18 emot
783 1046 48 28 två,

81 1080 41 21 bör
141 1080 105 28 förslaget
263 1080 7 20 i
289 1080 41 21 den
348 1079 64 22 delen
431 1080 96 27 förfalla,
550 1080 114 21 hvaremot
683 1081 72 27 öfriga
773 1080 59 22 stad-

81 1114 86 29 ganden
187 1114 7 20 i
212 1114 152 28 lagförslaget,
384 1114 46 21 deri
450 1117 31 18 ett
499 1117 136 25 gemensamt
649 1114 72 22 beslut
735 1114 25 21 af
773 1116 59 20 stän-

81 1148 68 22 derne
164 1148 129 27 förefinnes,
309 1148 53 21 böra
376 1148 50 21 med
441 1151 116 25 regentens
574 1148 101 22 sanktion
692 1148 29 21 bli
736 1148 36 28 lag
788 1148 42 22 och

81 1182 87 21 komma
186 1185 32 18 att
237 1182 63 21 lända
318 1182 34 21 till
367 1182 152 21 efterrättelse.
535 1194 27 4 —
577 1182 45 29 Jag
637 1182 145 21 öfverlemnar
797 1182 34 21 till

82 1216 86 22 ståndet
188 1216 59 28 sjelft
265 1219 32 18 att
312 1216 129 27 bestämma,
461 1216 106 21 hvarthän
582 1216 37 22 det
634 1216 71 22 skulle
720 1216 58 27 leda,
794 1224 36 13 om

81 1251 6 21 i
107 1253 32 19 ett
156 1250 132 29 lagförslag,
308 1258 48 14 som
371 1251 73 21 består
464 1250 24 21 af
503 1250 52 22 flere
574 1250 146 30 stadganden,
740 1250 24 21 så
779 1250 51 22 obe-

81 1284 81 22 roende
178 1284 24 22 af
214 1284 121 22 hvarandra
350 1292 47 14 som
413 1285 30 21 uti
457 1292 28 14 nu
497 1284 166 29 ifrågavarande
675 1284 48 26 fall,
735 1287 31 17 ett
777 1284 53 21 eller

81 1322 67 18 annat
166 1318 120 29 stadgande
304 1319 25 21 af
344 1322 33 18 tre
396 1318 65 22 stånd
480 1319 53 21 eller
551 1320 24 20 af
587 1319 43 21 alla
645 1318 62 22 stånd
724 1318 107 22 förkasta-

81 1353 50 27 des,
149 1353 53 21 eller
217 1354 41 20 ock
274 1353 36 21 två
325 1353 64 21 stånd
404 1353 46 21 deri
467 1353 104 22 stannade
587 1356 58 18 emot
660 1352 47 27 två,
723 1352 48 21 hela
786 1352 44 22 för-

81 1387 70 29 slaget
166 1387 85 21 derföre
267 1387 69 21 skulle
348 1394 64 14 anses
426 1387 53 21 böra
490 1387 93 22 förfalla.
610 1387 63 21 Hvar
684 1386 70 22 skulle
766 1388 64 26 grän-

81 1429 38 14 sen
135 1421 70 21 finnas
221 1421 90 21 emellan
326 1421 27 21 de
368 1421 131 29 lagförslag,
515 1422 89 20 hvarest
619 1421 26 21 de
661 1420 109 22 särskilda
784 1420 46 28 lag-

80 1454 160 30 stadganderne
263 1455 69 21 skulle
355 1463 63 14 anses
438 1456 35 20 stå
491 1455 34 22 till
544 1454 121 23 hvarandra
681 1455 6 20 i
703 1457 31 19 ett
753 1454 77 22 sådant
