1039 1773
209 159 41 21 184

180 221 37 21 det
232 221 6 21 i
255 221 99 22 enskilda
370 221 200 22 besvärsutskottet
589 221 128 27 förehades,
736 221 106 29 framgick
858 229 26 13 ur
899 221 37 21 nä-

180 263 40 21 gra
235 255 31 21 till
287 255 70 21 hands
378 255 94 22 varande
496 256 129 28 handlingar
644 258 32 20 att
691 255 244 29 universitets-afgiften

181 290 34 20 för
238 290 94 28 plankor
354 290 42 21 och
419 290 77 23 bräder
519 290 68 21 under
609 292 31 19 ett
663 290 24 23 år
710 290 92 30 uppgått
824 289 56 22 ända
902 290 33 23 till

183 324 77 28 18,000
276 324 67 22 rubel.

251 358 58 24 Herr
324 358 93 22 Wolff:
438 359 78 28 Enligt
531 359 43 21 min
590 358 65 21 tanke
670 358 69 21 borde
755 358 181 22 universitets-af=

182 392 68 29 giften
268 392 130 21 bestämmas
414 393 24 21 sä
454 393 45 28 lägt
514 400 45 14 som
577 393 92 27 möjligt.
692 392 85 28 Sägade
791 392 91 30 plankor
894 393 42 24 och

182 426 78 22 bräder
274 427 38 20 äro
328 426 63 23 äfven
408 426 136 25 dessförutan
560 426 112 22 belastade
688 426 49 21 med
753 426 83 29 ganska
849 426 42 29 hög
903 430 33 18 ut-

182 460 120 27 förseltull,
325 460 68 29 högre
412 462 26 20 än
458 462 7 21 i
483 462 68 27 något
573 464 66 18 annat
657 460 135 23 civiliseradt
810 461 50 21 land
880 462 56 21 före-

182 495 104 21 kommer.
316 494 11 25 I
342 495 118 29 anledning
475 496 24 20 af
512 496 49 20 herr
577 495 129 28 Grönbergs
723 495 101 28 yttrande
840 498 30 18 att
888 496 48 20 uni-

183 529 204 28 versitets-afgiften
403 529 70 22 skulle
488 529 129 22 bestämmas
634 529 5 21 i
656 529 135 22 förbållande
804 529 32 21 till
850 533 86 25 export-

183 563 68 21 tullen
268 563 40 21 och
324 565 65 27 göras
406 564 107 22 beroende
529 564 24 21 af
566 563 80 28 denna,
666 563 39 21 vill
722 564 38 28 jag
776 564 112 27 anmärka,
904 567 32 18 att

183 605 49 14 man
248 597 64 22 äfven
328 598 7 21 i
351 598 49 21 vårt
415 598 50 21 land
481 605 43 17 mer
539 597 42 22 och
597 606 44 13 mer
657 597 92 23 kommit
760 597 32 22 till
804 598 42 21 den
858 599 78 28 insigt,

184 635 32 18 att
230 635 106 24 exporten
351 632 41 21 bör
407 635 141 25 uppmuntras
562 632 40 21 och
615 632 104 28 förtjenar
735 633 69 20 större
820 633 116 28 uppmärk-

184 665 84 23 samhet
283 667 27 20 än
325 673 50 14 man
391 666 84 21 härtills
495 669 65 26 egnat
578 666 136 27 densamma,
734 668 56 19 samt
804 669 32 18 att
850 666 37 21 det
902 666 34 23 till

184 700 54 28 följd
254 700 64 21 deraf
330 701 24 20 är
369 703 31 18 att
418 704 93 23 emotse,
531 703 32 18 att
581 700 27 21 all
625 700 134 22 utförseltull
775 700 5 21 i
797 700 41 21 den
853 701 83 20 närma-

185 738 32 17 ste
232 735 117 24 framtiden
368 734 97 21 kommer
479 737 32 20 att
526 735 109 28 upphöra,
655 734 28 21 då
698 734 6 22 i
721 734 42 21 och
779 734 47 21 med
843 734 93 21 detsam-

184 776 35 13 ma
235 769 249 28 universitets-afgiften,
500 777 34 13 om
544 764 48 25 den
607 768 72 21 blefve
696 768 108 22 beroende
817 768 23 23 af
849 771 87 26 export-

185 803 78 26 tullen,
279 803 65 20 äfven
360 803 71 25 skulle
447 803 85 21 komma
548 805 31 18 att
595 803 122 20 försvinna.

254 837 58 21 Herr
329 835 27 23 C.
368 837 22 22 J.
403 837 149 29 Grönberg:
568 837 10 20 I
591 837 104 20 händelse
708 837 146 28 exporttullen
866 836 70 22 skulle

185 871 109 28 upphöra,
310 871 85 21 hvilket
410 872 55 20 visst
480 879 52 14 vore
548 871 106 28 önskligt,
671 871 69 21 ehuru
753 871 38 28 jag
806 871 57 21 dock
879 871 57 21 befa-

185 913 35 14 rar
235 908 32 18 att
282 906 21 23 vi
319 914 44 22 nog
378 906 64 28 länge
458 906 22 21 få
494 907 66 19 vänta
575 901 76 39 derpå,
667 905 70 21 finner
751 906 37 28 jag
804 913 26 13 en
842 905 95 29 naturlig

185 939 54 29 följd
248 940 62 21 deraf
319 940 75 26 blifva,
406 943 30 18 att
444 940 64 21 äfven
517 940 242 28 universitets-afgiften
771 939 27 21 dä
810 939 56 22 skall
878 940 59 20 bort-

186 977 72 25 tagas,
277 974 77 22 såvida
371 974 125 21 densamma
513 974 7 22 i
540 974 77 28 sjelfva
636 973 75 25 verket
727 974 48 23 icke
790 974 24 20 är
829 977 65 17 annat
909 975 27 22 än

186 1016 26 13 en
232 1008 67 27 skatt,
322 1016 48 14 som
385 1008 73 21 blifvit
472 1008 50 28 lagd
542 1008 28 28 på
588 1011 105 24 exporten
713 1008 42 20 och
776 1007 79 25 hvaraf
867 1006 70 22 denna

186 1042 107 29 betungas
308 1042 29 29 på
352 1050 81 16 samma
449 1044 43 19 sätt
510 1050 46 13 som
572 1042 25 20 af
608 1041 143 29 tullafziften.

255 1076 58 22 Herr
332 1076 145 24 Hackman:
501 1076 95 21 Såframt
616 1076 151 20 universitetet
784 1076 19 29 ej
820 1075 54 21 skall
894 1074 44 22 lida

186 1111 73 29 någon
281 1110 126 29 minskning
425 1111 32 20 uti
479 1110 164 28 ifrågavarande
665 1110 108 26 inkomst,
796 1117 47 13 som
866 1109 72 21 blifvit

187 1146 151 21 universitetet
352 1144 160 27 tillförsäkrad,
531 1144 43 21 kan
589 1144 93 29 afgiften
697 1144 18 27 ej
732 1144 130 21 bestämmas
878 1143 60 29 lägre

187 1180 27 20 än
230 1179 32 21 till
278 1178 40 26 8!/2
333 1179 66 28 penni
415 1179 34 21 för
464 1178 118 22 reducerad
593 1178 60 28 tolft,
669 1177 154 25 motsvarande
837 1176 24 27 !/>
872 1178 66 29 penni

186 1220 40 22 per
240 1213 108 21 kubikfot.

255 1247 58 21 Herr
329 1246 27 23 O.
372 1248 22 23 J.
411 1247 150 29 Grönberg:
584 1247 45 21 Det
647 1247 24 24 är
689 1249 51 18 utan
760 1245 76 22 tvifvel
854 1245 84 28 lämpli-

187 1284 50 26 gast
255 1284 32 22 att
306 1282 242 28 universitets-afoiften
567 1281 106 21 beräknas
693 1281 55 21 efter
767 1280 111 25 kubikfot;
898 1280 41 21 och

187 1316 69 20 ehuru
269 1316 38 28 jag
322 1316 99 24 förordat
438 1315 23 26 !/4
476 1311 75 39 penni,
567 1315 39 21 vill
619 1316 38 27 jag
672 1314 57 22 dock
745 1315 19 30 ej
780 1315 102 20 motsätta
894 1314 45 28 mig

188 1349 50 22 herr
253 1349 126 25 Hackmans
396 1350 83 28 förslag
497 1353 32 18 att
543 1350 92 20 berörde
654 1349 65 29 afgift
737 1348 71 22 skulle
824 1347 52 29 utgå
890 1348 49 24 med

189 1383 25 26 !/2
229 1384 65 29 penni
311 1385 33 20 för
360 1384 78 21 sådant
453 1384 60 21 mått.

256 1418 62 21 Efter
334 1418 71 22 slutad
420 1418 136 25 diskussion,
572 1417 146 22 framställdes
734 1418 24 21 af
770 1416 49 22 herr
834 1416 106 24 talman-

190 1460 46 15 nen
252 1452 162 24 nedanstående
430 1452 174 29 propositioner;
