1039 1773
788 149 40 21 219

105 214 27 24 de
147 212 194 27 landthandlande,
358 220 46 14 som
420 212 65 21 redan
502 212 113 28 uppslagit
629 211 79 21 handel
720 212 29 28 på
759 214 98 21 närmare

107 247 84 25 afständ
207 248 48 24 från
271 247 58 26 stad,
349 254 35 13 om
400 246 77 26 sådant
493 246 135 25 förhållande
644 246 112 27 existerar,
772 248 84 21 hvilket

103 283 38 27 jag
159 283 19 27 ej
197 282 88 26 känner,
306 281 24 21 så
345 281 67 20 måste
428 280 60 21 detta
503 280 36 21 väl
555 280 105 21 erkännas
677 280 72 22 såsom
765 284 31 18 ett
811 282 47 21 fak-

106 319 54 25 tum,
180 316 40 21 och
236 316 63 21 desse
315 314 121 22 haitdlande
452 314 134 21 fortfarande
603 314 20 21 få
638 314 72 21 drifva
725 316 34 20 sin
775 316 82 20 rörelse

105 350 29 33 pä
149 358 80 15 samma
244 349 72 23 vilkor
331 357 47 13 som
393 348 65 21 förut.
488 349 35 21 De
538 350 37 19 äro
591 348 34 21 för
640 348 72 22 denna
724 349 82 21 rörelse
818 357 39 13 un-

106 384 128 22 derkastade
254 392 26 17 en
299 382 129 30 godtycklig
448 382 55 29 årlig
522 383 63 28 afgift
604 382 33 21 till
656 386 80 24 staten,
760 384 41 20 och
820 384 37 21 det

106 419 62 23 torde
187 420 19 27 ej
224 426 51 18 vara
295 418 46 21 skäl
360 420 32 18 att
410 417 42 21 öka
470 417 73 21 denna
558 417 138 29 beskattning
712 418 49 21 med
777 426 27 13 en
818 426 38 13 an-

106 460 52 20 nan,
173 452 44 26 lika
232 452 138 29 godtyckligt
385 451 106 22 bestämd.

174 487 58 26 Herr
247 487 163 24 Dahlström:
431 486 35 21 Då
481 487 38 27 jag
538 487 97 20 närmare
650 485 105 22 betänker
769 487 27 20 de
812 487 44 21 olä-

106 521 104 28 genbeter
228 521 41 21 och
289 520 140 29 svårigheter,
450 528 47 13 som
518 520 70 21 skulle
608 520 79 28 uppstå
702 521 38 20 vid
755 521 101 28 taxering

107 555 24 25 af
142 555 163 28 näringsidkare
324 554 28 29 på
371 554 74 25 landet
460 554 6 21 i
483 554 102 22 afseende
604 554 13 21 å
637 553 62 22 deras
715 554 141 29 beskattning

106 589 34 22 till
158 589 88 28 staden,
262 592 56 23 samt
336 591 31 18 att
386 587 42 26 den
444 588 59 25 skatt
517 588 65 22 dessa
597 587 85 22 komme
698 591 32 18 att
745 589 89 28 erlägga
849 589 7 21 i

107 624 42 25 alla
163 623 38 26 fall
216 631 51 14 vore
283 623 24 21 af
319 623 52 28 föga
385 622 144 29 betydenhet,
543 622 70 25 finner
626 623 37 27 jag
675 623 45 28 mig
731 630 41 21 ega
783 623 73 22 anled-

106 658 53 29 ning
170 661 32 18 att
213 657 75 28 frångå
300 657 48 20 mitt
358 656 96 29 yrkande
467 664 36 14 om
515 656 81 22 sådana
607 656 177 29 näringsidkares
797 657 60 28 skyl-

107 691 75 29 dighet
196 695 32 18 att
242 692 7 20 i
264 692 60 21 vissa
338 690 38 22 fall
392 691 66 20 vinna
473 690 96 29 burskap
581 690 7 21 i
601 690 56 27 stad,
673 698 50 14 men
734 691 8 20 i
754 691 42 21 och
806 691 50 22 med

106 726 118 25 detsamma
242 725 68 22 måste
326 726 38 28 jag
386 725 64 21 äfven
469 725 98 28 återtaga
585 725 49 20 mitt
652 725 154 28 medgifvande
824 729 32 18 att

107 761 77 28 näring
203 760 71 26 skulle
292 760 22 25 få
331 759 29 28 på
377 759 75 21 landet
470 759 63 21 idkas
549 759 28 28 på
592 760 98 20 närmare
706 759 87 22 afstånd
807 759 49 22 från

106 795 49 25 stad
170 796 27 23 än
212 797 32 18 tre
259 794 47 27 mil,
322 794 41 21 och
379 793 86 22 förenar
478 794 39 28 jag
531 793 45 28 mig
592 793 45 21 helt
651 793 41 21 och
708 793 67 22 hållet
790 794 7 21 i
812 794 43 21 den

106 829 58 28 åsigt
178 829 50 21 herr
242 819 116 41 Öhrnberg
374 828 7 21 i
396 828 66 21 saken
482 827 85 25 uttalat.
601 827 66 21 Detta
682 835 66 20 synes
763 828 46 29 mig
824 829 32 21 äf-

106 871 42 15 yen
167 871 51 18 vara
236 870 58 18 mera
313 862 148 28 konsegvent,
481 861 28 22 dä
529 861 86 22 ständet
634 861 67 26 redan
720 863 78 20 uttalat
813 863 42 21 den

105 897 57 29 äsigt
180 900 32 23 att
230 896 212 29 landtmannafartyg
460 897 19 27 ej
501 896 94 21 behöfva
617 896 118 22 inskrifvas
755 896 38 22 vid
812 898 43 27 sjö-

105 931 103 26 manshus
223 931 8 26 i
246 931 48 25 stad
310 930 40 25 och
366 933 32 18 att
412 926 104 26 redarene
532 930 25 22 af
569 930 80 22 sädana
663 930 74 30 fartyg
752 932 19 27 ej
787 931 67 22 borde

105 965 104 29 beläggas
224 965 48 21 med
288 964 58 23 skatt
360 964 33 22 till
408 965 83 21 staden.

174 998 58 22 Herr
250 998 168 30 Tengström:
438 998 12 21 I
470 998 104 22 händelse
589 998 182 30 borgareständet
785 1000 70 22 skulle

105 1033 85 25 besluta
208 1033 34 29 sig
262 1034 34 20 för
308 1028 38 27 att
364 1033 48 21 icke
431 1033 119 29 godkänna
568 1041 64 13 mom.
656 1041 13 13 a
687 1034 7 20 i
714 1033 42 21 den
775 1034 80 28 nådiga

105 1068 177 28 propositionen,
301 1068 45 20 deri
366 1068 100 20 förordas
486 1075 27 13 en
529 1067 128 22 oinskränkt
676 1068 41 21 och
737 1068 118 29 ovilkorlig

104 1102 105 28 rättighet
224 1102 34 24 för
273 1109 27 18 en
316 1101 52 25 hvar
383 1104 31 18 att
430 1104 53 18 utan
498 1100 102 23 afseende
615 1102 28 27 på
655 1102 70 21 större
738 1102 52 21 eller
800 1102 55 21 min-

105 1136 38 21 dre
158 1136 88 22 afstånd
260 1136 48 25 från
323 1135 48 22 stad
382 1136 102 25 nedsätta
495 1136 35 28 sig
542 1136 28 28 på
581 1135 74 26 landet
664 1135 35 21 för
711 1138 31 18 att
753 1136 39 20 der
803 1136 52 21 drif-

105 1178 28 15 va
144 1170 67 28 något
222 1170 61 28 yrke,
296 1173 54 18 samt
362 1177 35 14 om
408 1170 182 28 borgareståndet
598 1170 7 20 i
614 1170 54 21 strid
677 1169 99 22 deremot
784 1170 70 21 skulle

104 1205 7 25 i
127 1204 90 22 berörde
233 1204 122 26 hänseende
370 1204 68 21 fixera
452 1207 33 20 ett
499 1204 108 25 bestämdt
622 1203 96 27 afstånd,
734 1203 37 21 det
781 1204 35 21 må
827 1204 28 21 då

104 1238 69 26 blifva
187 1242 32 18 tre
234 1238 53 26 eller
302 1239 42 23 fem
358 1238 48 27 mil,
422 1238 24 21 så
461 1246 64 14 anser
538 1239 37 27 jag
591 1246 26 13 en
633 1238 67 22 sådan
717 1237 137 29 bestämning

104 1272 54 22 böra
175 1273 59 28 tjena
252 1272 33 22 till
304 1272 117 28 ovilkorlig
436 1272 144 26 efterrättelse
596 1274 55 19 samt
665 1272 8 20 i
689 1271 41 21 och
745 1272 49 21 med
810 1272 46 21 det-

104 1314 82 18 samma
204 1306 29 21 all
251 1306 61 29 fråga
326 1313 35 14 om
380 1306 112 29 undantag
511 1306 47 22 från
574 1314 26 13 en
615 1305 67 22 sådan
697 1306 111 22 fastställd
823 1314 33 14 re-

103 1340 37 28 gel
157 1340 51 22 böra
223 1340 91 22 förfalla.
348 1340 116 29 Förslaget
482 1341 7 21 i
505 1340 67 22 slutet
587 1340 24 22 af
623 1340 40 22 den
679 1340 81 29 nådiga
775 1348 80 20 propo-

105 1369 95 30 sitionen
210 1374 84 28 derom,
307 1377 31 18 att
348 1374 52 27 den,
412 1382 47 14 som
467 1375 36 25 för
513 1374 114 26 drifvande
635 1374 24 25 af
667 1374 68 29 något
742 1374 54 29 yrke
804 1374 52 21 ned-

104 1410 68 22 sätter
190 1408 34 28 sig
243 1408 27 28 på
285 1408 73 22 landet
378 1409 60 21 inom
456 1416 27 14 en
501 1408 49 22 half
565 1409 50 25 mils
631 1408 86 22 afstånd
732 1408 46 21 från
794 1408 60 27 stad,

103 1442 67 26 borde
187 1442 65 21 vinna
268 1442 94 28 burskap
378 1442 7 21 i
401 1442 78 26 staden
495 1443 40 21 och
551 1442 34 22 till
600 1442 41 22 den
657 1442 82 28 skatta,
759 1442 96 28 grundar
