1039 1773
219 143 43 21 444

188 206 39 28 jag
242 205 131 29 visserligen
388 206 18 27 ej
423 213 79 21 genom
518 208 31 18 att
564 205 119 22 framkasta
699 206 68 29 några
778 208 167 28 anmärkningar

190 238 100 22 deremot
304 240 62 28 gifva
380 240 45 28 mig
441 240 53 21 sken
510 240 24 21 af
547 243 31 18 att
593 240 126 21 misskänna
735 240 54 22 hans
805 241 97 29 förmåga
914 245 30 17 att

190 273 74 21 kunna
284 276 111 19 motsvara
413 274 37 21 det
466 274 125 21 förtroende
607 274 41 22 hos
663 274 188 29 borgareståndet,
868 276 79 21 hvaraf

190 307 45 22 han
257 308 91 22 kommit
366 308 7 21 i
392 308 134 28 åtnjutande,
549 316 48 13 men
616 316 65 14 anser
699 308 68 22 likväl
782 309 27 21 de
826 310 118 28 obehöriga

190 342 220 27 kommunikationer,
434 350 48 13 som
504 342 95 28 föregått
621 342 64 27 valet,
705 342 90 22 alldeles
815 343 47 22 ieke
878 344 66 22 hafva

191 376 58 22 varit
270 376 29 28 på
320 376 34 22 sin
374 376 58 28 plats
452 379 56 18 samt
527 379 31 18 att
573 376 37 21 det
625 376 85 22 kunnat
725 384 52 14 vara
792 378 43 21 tids
852 386 43 20 nog
910 378 32 21 till

190 410 202 28 underhandlingar
407 410 68 21 sedan
491 410 58 21 valet
564 409 125 29 försiggått.

259 449 59 23 Herr
332 449 157 29 Bergstedt:
512 449 43 23 Till
567 450 129 21 bemötande
707 450 25 21 af
741 450 57 22 hvad
811 450 50 23 herr
872 451 73 22 Wolff

191 487 75 19 senast
283 485 81 27 anfört,
384 484 39 21 vill
440 485 38 28 jag
493 485 84 26 nämna,
594 487 32 18 att
641 484 42 21 den
700 485 134 28 upplysning
846 486 45 28 jag,
907 486 35 21 be-

190 518 108 23 träffande
316 519 51 22 herr
385 518 95 25 konsuln
498 518 123 27 Frenckell,
640 519 39 22 vid
693 519 77 28 början
786 519 24 21 af
822 519 120 22 diskussio-

190 561 43 14 nen
255 553 8 21 i
284 553 72 23 denna
378 553 62 28 fråga
461 552 133 27 meddelade,
617 553 49 28 gafs
689 553 7 21 i
719 553 115 29 anledning
854 554 23 21 af
892 554 50 21 herr

190 587 82 24 Malms
294 588 8 21 i
324 587 50 22 dess
394 587 131 28 föregående
543 586 102 29 yttrande
665 587 78 28 gjorda
762 588 132 28 uppmaning
909 588 33 21 till

190 621 95 23 konsuln
303 621 127 22 Frenckells
450 621 79 22 broder
547 624 32 18 att
598 621 126 22 underrätta
739 622 87 22 ståndet
842 630 34 13 om
892 623 50 21 herr

190 655 114 27 konsulns
316 656 59 28 åsigt
390 655 6 21 i
412 656 79 26 ämnet,
508 658 55 19 samt
577 658 33 18 att
625 656 163 29 upplysningen
804 657 136 22 meddelades

189 691 51 23 med
254 690 41 22 full
310 689 42 22 och
368 689 64 24 säker
448 689 121 23 kännedom
585 697 35 14 om
635 689 148 23 förhållandet
794 690 41 21 och
847 694 50 18 utan
910 695 31 17 ait

189 725 46 23 min
246 725 68 28 afsigt
326 724 77 22 dervid
416 731 38 15 var
467 727 31 18 att
509 724 108 30 uppträda
626 724 96 21 hvarken
731 725 35 21 för
774 725 52 21 eller
834 728 57 18 emot
899 725 41 21 den

190 767 41 14 ena
246 758 53 23 eller
313 758 42 21 den
371 758 73 27 andra,
458 757 54 22 eller
525 757 53 24 söka
589 757 41 22 hos
643 758 86 22 ständet
740 759 111 21 insinuera
862 759 78 28 nägon,

258 798 59 21 Herr
333 797 164 24 Dahlström:
527 798 36 21 Dä
577 797 38 22 det
629 798 25 22 af
667 798 135 23 elektorerne
818 799 122 29 uppgjorda

189 833 85 28 förslag
294 833 72 21 blifvit
384 833 90 22 föremäl
489 833 35 20 för
538 832 91 23 klander
643 833 60 21 inom
719 833 93 26 ständet,
827 833 61 21 torde
904 833 37 21 det

189 875 53 14 vara
256 867 8 21 i
279 867 34 21 sin
329 867 94 28 ordning
438 870 32 18 att
485 867 86 21 ständet
587 866 80 23 uttalar
682 867 41 28 sig,
739 867 109 22 huruvida
859 867 81 21 elekto-

189 909 75 16 rernes
283 901 125 24 förfarande
428 902 57 20 varit
500 901 77 29 riktigt
591 900 53 22 eller
659 902 26 27 ej,
701 902 28 30 pä
745 901 36 21 det
796 904 32 18 att
842 902 7 20 i
866 909 73 14 senare

188 936 63 21 fallet
264 943 44 23 nya
323 935 107 22 elektorer
445 936 35 23 mä
495 936 74 23 kunna
581 938 59 18 utses
653 935 41 22 och
706 936 64 22 desse
781 935 93 23 derefter
886 944 54 22 upp-

189 971 57 23 rätta
261 973 49 25 nytt
326 970 89 28 förslag.

258 1004 78 26 Sedan,
348 1004 55 20 efter
414 1004 76 23 derom
502 1004 25 21 af
535 1004 50 21 herr
597 1004 152 22 talmannen
762 1004 119 23 framställd
890 1013 49 20 pro-

188 1038 106 32 position,
317 1037 105 29 förslaget
440 1038 34 21 till
492 1038 182 29 bankfullmäktig
689 1038 74 22 blifvit
777 1038 49 22 med
841 1039 98 22 öfyervä-

188 1073 72 31 gande
278 1072 159 28 röstpluralitet
452 1073 24 21 af
489 1072 86 22 ständet
590 1076 52 20 utan
659 1072 95 23 särskild
770 1073 100 29 votering
886 1073 53 29 god-

188 1107 75 27 kändt,
278 1107 86 28 yttrade
380 1106 45 28 sig:

256 1141 59 22 Herr
331 1139 26 24 CF.
366 1140 187 29 Grönberg:
582 1141 63 22 Efter
659 1142 46 22 min
722 1141 63 23 tanke
801 1141 40 22 bör
857 1142 33 21 för
902 1150 36 12 va-

187 1176 42 24 lets
248 1175 93 23 bestånd
360 1175 110 23 erfordras
486 1175 87 22 absolut
587 1176 168 27 röstpluralitet,
771 1175 117 29 hvarjemte
901 1177 37 28 jag

187 1211 131 23 Aterhemtar
336 1209 44 21 min
400 1209 86 22 erinran
502 1212 31 18 att
548 1210 75 23 herrar
637 1209 114 23 Sundman
767 1210 41 21 och
824 1210 113 22 Frenckell

186 1246 20 27 ej
222 1245 34 22 mä
272 1245 6 20 i
294 1244 58 22 valet
367 1243 95 29 deltaga.

255 1278 59 22 Herr
328 1278 150 22 talmannen
495 1278 123 27 anmärkte,
639 1282 32 18 att
690 1278 36 22 vid
747 1279 43 21 alla
808 1278 130 29 föregående

186 1312 42 28 val,
244 1320 48 14 som
307 1312 73 21 blifvit
394 1312 59 21 inom
469 1312 88 22 ständet
571 1312 114 28 anställda,
701 1312 64 22 enkel
780 1312 158 29 röstpluralitet

186 1349 84 19 ansetts
286 1353 52 15 vara
352 1346 35 21 för
402 1346 69 21 valets
487 1346 119 29 afgörande
618 1346 125 29 tillräcklig,
757 1350 55 18 samt
824 1347 114 21 framställ-

184 1382 28 21 de
232 1381 95 21 derefter
346 1380 33 21 till
394 1380 99 22 ständets
509 1381 142 27 besvarande,
667 1390 35 12 om
719 1380 86 22 ständet
820 1382 68 28 ansäg
904 1382 34 20 be-

185 1416 81 28 höfligt
280 1418 32 18 att
326 1415 35 21 för
376 1415 60 21 detta
451 1415 86 21 tillfälle
553 1416 72 21 införa
639 1418 50 26 nytt
705 1415 81 22 valsätt
801 1415 91 21 sälunda
906 1418 32 20 att

184 1450 88 24 absolut
294 1448 161 29 röstpluralitet
474 1449 70 25 skulle
563 1450 34 22 för
616 1450 71 22 valets
703 1449 103 30 giltighe:
822 1449 115 28 erfordras,
