1039 1773
213 145 40 21 246

184 207 48 22 lens
247 208 227 28 generalguvernören
494 207 68 22 under
581 207 76 29 loppet
675 208 24 21 af
714 208 114 22 sessionen
847 209 88 22 ankom-

416 243 32 16 den
462 243 22 15 20
495 243 80 16 sistlidne
590 242 77 17 februari

184 260 50 15 men
250 252 115 24 skrifvelse
380 253 24 22 af

491 272 55 16 denne
559 272 34 20 dag

671 270 6 11 ,
691 252 25 23 så
730 253 106 29 lydande:

254 310 56 22 Till
332 311 123 21 talmannen
478 310 35 22 för
534 310 115 29 välloflige
671 310 189 29 borgareståndet,
885 311 51 22 herr

184 344 166 30 borgmästaren
366 340 54 26 Örn.

255 383 74 22 Sedan
345 385 38 28 jag
401 384 92 22 medelst
511 384 105 29 telegram
635 384 100 22 framfört
753 384 33 22 till
804 384 63 23 Hans
882 385 54 28 Kej-

185 418 81 28 serliga
280 417 107 29 Majestät
405 418 192 30 borgareståndets
613 426 78 22 genom
707 418 50 22 herr
771 418 164 30 borgmästaren

184 452 91 23 tolkade
296 452 188 29 lyckönskningar
505 453 49 22 med
576 452 118 29 anledning
717 452 24 22 af
761 452 106 29 årsdagen
889 453 50 21 utaf

184 486 64 23 Hans
264 487 116 28 Majestäts
396 487 204 29 thronbestigning,
615 487 40 22 har
669 487 63 21 Hans
747 487 125 29 Kejserliga
886 487 50 21 Ma-

182 522 79 28 jestät,
278 521 86 29 jemlikt
378 521 8 22 i
401 522 40 29 går
456 521 124 22 ankommet
597 521 114 30 telegram,
732 521 70 21 täckts
824 521 115 31 uppdraga

184 555 46 30 mig
246 558 32 19 att
292 555 35 22 för
342 555 41 22 den
400 556 24 21 af
440 555 49 22 herr
503 555 165 29 borgmästaren
688 555 96 22 uttalade
799 555 136 29 lyckönskan

184 589 104 30 uttrycka
302 589 63 22 Hans
380 589 107 30 Majestät
501 590 120 28 Kejsarens
641 589 79 29 nådiga
735 589 143 29 tacksägelse.

404 624 96 23 General
515 625 24 20 af
550 624 125 21 infanteriet
689 623 179 30 Rokassovsky.”

253 663 59 22 Herr
331 663 151 23 talmannen
503 664 40 29 gaf
559 663 116 28 tillkänna,
698 666 32 18 att
748 663 51 23 herr
817 664 119 29 kronofog-

185 697 52 28 den,
260 698 85 22 revisor
363 698 135 22 Lundström
517 698 106 21 förklarat
641 699 35 28 sig
694 697 63 29 villig
775 701 33 18 att
825 701 111 26 emottaga

186 731 37 24 det
238 732 80 21 honom
336 740 80 21 genom
435 732 98 23 ståndets
551 732 36 21 val
604 732 105 29 erbjudna
727 732 100 29 uppdrag
842 734 32 19 att
888 732 45 21 del-

185 768 51 27 taga
251 766 8 22 i
274 766 142 22 utarbetande
432 767 24 21 af
469 767 36 22 det
522 766 95 29 förslag,
636 774 47 14 som
701 766 86 21 komme
805 769 32 18 att
850 767 87 28 uppgö-

185 807 36 15 ras
236 800 8 21 i
259 800 77 29 frågan
352 808 34 13 om
402 801 135 29 omsättning
553 801 23 22 af
589 800 201 29 räntepersedlarne
805 801 7 20 i
827 800 80 21 landet.

254 840 72 23 Sedan
341 840 50 23 herr
405 841 124 22 Lemström
547 841 86 21 undfått
648 840 99 22 tillstånd
761 843 31 18 att
807 840 33 21 för
855 839 82 22 enskil-

186 874 28 24 da
229 874 182 30 angelägenheter
425 875 29 29 på
469 879 33 18 tre
517 875 81 22 veckor
612 875 33 22 till
661 875 113 22 hemorten
789 874 77 28 afresa,
880 882 57 21 upp-

186 908 69 23 hörde
270 909 115 23 sessionen
400 909 95 23 klockan
510 910 43 21 två.

724 938 21 17 In
756 938 60 17 fidem:

635 972 94 23 Sixtus
745 970 163 24 Calamnius.

400 1138 143 34 Torsdagen
561 1138 48 25 den
627 1139 15 23 3
660 1146 66 16 mars

186 1195 96 23 klockan
293 1195 43 21 fem
347 1194 173 30 eftermiddagen
532 1194 173 22 sammanträdde
717 1193 179 29 borgareständet
903 1194 34 22 till

186 1230 100 28 plenum,
308 1229 78 22 dervid
408 1229 99 22 ständets
529 1229 68 29 öfrige
616 1228 139 22 medlemmar
773 1228 35 28 sig
826 1228 111 28 inställde,

186 1266 62 19 utom
270 1263 74 22 herrar
365 1264 135 28 Björnberg,
518 1263 141 28 Lindegvist,
678 1262 132 27 Wesander,
828 1261 110 23 Snecken-

187 1298 70 22 ström
275 1297 42 22 och
335 1297 120 30 Kellgren,
473 1297 76 22 hvilka
566 1297 50 22 med
633 1296 102 23 tillständ
752 1296 34 22 till
801 1296 137 22 hemorterne

187 1332 103 22 bortrest.

256 1371 58 22 Herr
329 1372 153 22 talmannen
497 1371 103 29 föredrog
615 1370 109 23 särskilda
738 1370 48 21 frän
798 1369 140 23 medständen

188 1406 108 22 ankomna
310 1406 216 29 protokollsutdrag,
541 1405 149 23 innefattande
705 1404 66 22 dessa
781 1403 74 23 ständs
866 1403 73 22 beslut

187 1441 8 21 i
210 1439 112 30 åtskilliga
336 1440 99 28 ärender,
453 1440 109 30 nemligen
578 1440 47 22 från
641 1438 153 30 ridderskapet
809 1438 41 22 och
865 1438 72 22 adeln:
