1039 1773
791 133 40 20 215

111 195 105 27 industri,
232 198 52 18 utan
304 194 72 28 någon
395 194 160 28 inskränkning
574 194 7 20 i
600 194 101 21 afseende
721 194 13 20 å
753 195 107 21 afståndet

111 230 48 22 från
174 229 54 21 stad.
264 228 54 22 Med
333 231 31 17 ett
380 228 48 27 ord,
449 228 7 20 i
471 235 64 13 mom.
551 235 12 13 a
578 229 24 19 är
617 228 132 28 rättigheten
764 232 31 18 att
809 229 51 21 idka

111 264 78 28 näring
201 263 27 28 pä
240 262 73 21 landet
328 262 81 28 gifven.
439 262 36 20 Nu
488 262 65 21 beror
565 261 36 21 det
613 262 57 27 uppå
682 265 31 17 att
725 262 83 28 afgöra,
822 263 38 21 hu-

111 297 77 21 ruvida
206 296 38 22 vid
262 297 71 21 denna
351 297 105 27 rättighet
473 296 40 21 bör
528 296 70 21 fästas
613 296 73 28 nägon
701 296 159 30 inskränkning

111 331 53 21 eller
178 332 67 28 nägot
260 330 78 23 vilkor.

178 365 12 21 I
205 365 117 27 anledning
341 364 64 23 häraf
417 364 99 22 förmälte
531 364 51 24 herr
599 364 163 28 talmannen,
780 367 32 19 att
827 373 33 13 se-

111 399 42 21 dan
168 407 64 13 mom.
248 407 12 13 a
275 398 37 22 vid
327 399 59 21 förra
404 398 168 21 sammanträdet
587 398 93 22 lemnats
695 398 28 28 på
738 399 73 21 vidare
826 400 34 20 åt-

109 434 55 28 gärd
182 433 118 27 beroende,
320 432 51 23 ville
391 432 49 22 herr
458 432 152 22 talmannen
633 440 29 13 nu
680 432 33 22 till
732 433 125 21 diskussion

110 469 64 20 äfven
189 470 98 26 upptaga
301 467 91 23 berörde
407 475 64 15 mom.
491 467 50 21 med
556 467 102 22 afseende
673 467 13 20 å
701 467 37 22 det
753 476 106 13 samman-

110 502 68 28 hang,
202 510 48 13 som
269 502 54 28 egde
343 509 47 14 rum
409 501 91 22 emellan
519 501 120 22 detsamma
657 501 40 21 och
717 502 42 21 den
777 502 80 27 punkt,

112 537 89 21 hvarom
216 544 29 13 nu
257 537 23 20 är
296 537 70 27 fråga,
383 535 41 21 och
440 535 76 22 såvida
531 536 26 21 de
572 535 29 28 på
615 535 64 22 dessa
693 535 70 29 begge
779 535 78 22 ställen

110 570 92 22 berörda
220 570 150 23 förhållanden
385 570 126 28 lämpligast
525 569 72 22 kunde
613 569 28 29 på
656 577 27 14 en
698 569 59 29 gång
771 569 86 22 komma

109 604 68 22 under
192 605 110 28 pröfning.

176 638 60 24 Herr
253 638 167 28 Tengström:
443 638 45 21 Det
505 637 43 22 blir
566 638 7 21 i
593 637 76 22 sådant
687 638 38 21 fall
745 639 61 28 fråga
825 641 31 18 att

109 673 119 21 bestämma
246 680 36 13 om
300 672 132 28 rättigheten
451 675 31 18 att
497 675 52 17 utan
564 671 100 22 afseende
680 672 12 21 å
707 672 87 22 afstånd
808 672 48 21 från

108 707 48 22 stad
171 707 22 21 få
208 707 100 20 nedsätta
323 707 34 27 sig
371 706 29 28 på
414 706 75 21 landet
503 706 35 21 för
553 709 32 18 att
599 706 38 21 der
653 706 71 21 drifva
739 707 67 28 något
820 715 36 20 yr-

108 741 37 27 ke,
164 744 56 18 samt
238 744 31 18 att
288 740 102 28 derjemte
409 740 76 28 afgöra
502 741 29 27 på
550 740 54 21 huru
624 741 51 20 nära
690 740 44 21 håll
749 741 59 21 detta
822 741 34 21 får

108 775 39 21 ske
163 778 51 17 utan
230 773 125 29 skyldighet
370 777 32 18 att
416 775 7 20 i
438 774 76 21 staden
527 775 66 20 vinna
604 774 103 29 burskap.
736 775 45 21 För
792 775 63 21 hvar-

108 809 51 21 dera
170 809 60 21 fallet
241 808 121 28 tillstyrker
370 809 38 28 jag
422 808 121 29 antagande
556 809 23 20 af
589 809 118 22 utskottets
719 809 135 24 betänkande

107 846 52 18 utan
174 842 135 29 förändring.

173 877 59 21 Herr
247 876 97 22 Boehm
360 876 102 22 förenade
478 877 35 29 sig
527 877 7 21 i
549 877 51 24 herr
614 877 88 23 Kranks
717 877 107 29 yttrande,

173 911 58 21 Herr
242 910 154 23 Wesander:
411 910 44 29 Jag
466 911 86 23 förenar
563 912 45 28 mig
620 912 7 23 i
639 912 41 20 den
693 912 25 21 af
726 912 51 23 herr
784 912 70 21 Dahl-

106 947 67 21 ström
185 945 95 22 uttalade
291 945 96 28 åsigten,
399 948 31 18 att
442 953 25 13 en
481 946 62 26 hvar,
559 953 46 17 som
619 946 26 28 på
657 947 97 21 närmare
766 946 86 22 afstånd

105 981 28 19 än
148 983 31 18 tre
194 979 37 21 mil
246 979 47 21 från
309 979 49 21 stad
372 979 39 24 vill
426 980 101 22 nedsätta
542 980 34 28 sig
592 980 27 28 på
633 980 74 22 landet
721 980 34 22 för
771 983 32 19 att
814 980 38 22 der

104 1014 71 21 drifva
190 1013 78 21 handel
284 1014 52 20 eller
351 1021 69 16 annan
440 1014 88 28 näring,
547 1015 34 20 mä
597 1014 70 21 dertill
682 1022 41 21 ega
737 1014 113 28 rättighet,

104 1056 50 13 men
168 1048 50 21 med
233 1047 127 29 skyldighet
375 1050 31 22 att
421 1048 7 21 i
444 1048 76 21 staden
536 1048 65 22 vinna
616 1048 95 28 burskap
727 1048 40 21 och
782 1048 69 29 erläg-

103 1090 29 20 ga
143 1082 26 21 de
182 1082 86 24 dermed
279 1081 102 24 förenade
394 1082 89 28 afgifter
494 1082 34 21 till
541 1082 87 23 stadens
639 1082 72 22 kassa.
734 1083 35 21 Då
777 1084 73 20 nämu-

104 1116 27 21 de
149 1116 71 21 vilkor
239 1116 24 24 af
280 1116 235 28 burskapsskyldighet
532 1116 77 23 dervid
626 1116 79 28 fästes,
725 1124 65 20 synes
804 1117 45 29 mig

102 1150 166 28 ifrågavarande
286 1150 152 28 medgifvande
456 1151 29 27 pä
499 1151 55 21 intet
573 1152 44 20 sätt
632 1151 51 21 böra
697 1150 66 22 hafva
776 1150 72 28 någon

102 1184 81 28 menlig
201 1184 105 23 inverkan
324 1184 35 21 för
377 1184 26 22 de
422 1184 59 22 inom
497 1185 76 21 staden
589 1185 84 21 bosatte
689 1185 102 28 borgare,
806 1185 42 21 och

98 1220 39 27 jag
152 1222 36 21 vet
202 1220 20 28 ej
236 1218 101 22 hvarföre
352 1226 49 13 man
416 1218 38 22 vid
469 1218 77 23 sådant
557 1219 133 23 förhållande
703 1218 69 24 skulle
782 1219 65 21 tveka

100 1255 33 19 att
151 1252 109 29 medgifva
279 1253 70 21 större
370 1252 65 24 frihet
454 1253 6 20 i
481 1253 57 22 valet
557 1254 24 20 af
597 1253 86 27 boplats
699 1252 42 22 och
756 1252 91 22 sålunda

100 1287 80 24 bereda
194 1294 26 14 en
236 1286 54 21 hvar
304 1286 86 22 tillfälle
405 1290 32 18 att
451 1287 35 21 för
501 1286 114 22 drifvande
630 1286 23 21 af
666 1287 67 28 något
743 1286 53 28 yrke
807 1286 39 22 bo-

101 1322 57 23 sätta
173 1321 35 27 sig
222 1320 28 28 på
265 1320 83 27 landet,
364 1321 65 21 äfven
444 1321 6 20 i
466 1320 105 24 närheten
586 1321 24 21 af
622 1321 57 27 stad,
700 1321 88 21 såframt
803 1320 42 22 han

98 1354 70 25 finner
183 1362 58 14 mera
256 1354 69 29 behag
342 1355 6 21 i
364 1354 135 23 landtlifvets
515 1355 53 28 lugn
583 1356 27 20 än
626 1355 6 21 i
647 1354 36 23 det
693 1355 152 21 bullersamma

99 1388 125 22 stadslifvet
234 1388 53 22 eller
298 1388 63 28 eljest
372 1396 64 14 anser
448 1389 77 22 sådant
537 1389 35 21 för
584 1389 33 29 sig
625 1397 52 13 vara
683 1389 159 27 förmånligare.

165 1422 59 22 Herr
240 1421 25 23 OC.
281 1422 21 22 J.
319 1422 150 30 Grönberg:
490 1423 45 29 Jag
553 1423 54 21 ville
624 1423 77 22 endast
716 1424 80 25 erinra,
812 1425 31 19 att
