1039 1773
800 165 38 24 PI

115 227 87 29 derföre
225 227 18 31 ej
267 226 134 28 annorlunda
423 228 26 20 än
473 233 46 22 som
541 229 30 19 ett
591 226 142 29 våldförande
753 228 23 21 af
792 228 78 27 denna,

115 255 247 33 kronohemmansåboer
378 260 161 29 tillförsäkrade
555 261 104 28 rättighet
675 250 98 36 betrakta
783 262 44 29 det,
840 264 31 25 att

115 296 43 27 han
170 296 18 27 ej
202 295 70 28 skulle
284 295 30 21 uti
330 287 166 37 ifrågavarande
513 295 36 29 fall
567 286 67 37 undfå
649 296 119 28 ersättning
780 296 90 24 alldeles

116 330 27 37 på
155 337 81 20 samma
247 330 43 27 sätt
300 328 41 29 och
353 330 55 25 efter
419 328 112 27 enahanda
543 329 70 29 grund
627 336 45 22 som
684 330 49 26 den,
747 330 87 26 hvilken
846 331 25 20 är

116 362 64 30 egare
196 363 33 29 till
245 371 25 15 en
284 355 85 36 afstådd
385 363 67 25 mark.
484 344 73 50 Detta
566 356 72 37 kunde
649 364 102 28 möjligen
763 364 43 29 låta
818 365 52 27 säga

116 398 36 28 sig
171 398 6 29 i
196 398 27 29 de
239 398 46 28 fall,
299 398 28 29 då
342 398 86 28 marken
444 398 96 29 afträdes
556 389 33 31 till
605 398 67 32 något
686 388 35 32 för
736 402 69 20 staten
822 403 49 24 nyt-

118 433 42 28 tivt
179 422 107 39 ändamål,
305 440 48 21 men
369 432 161 29 expropriation
548 432 41 29 kan
606 434 63 27 äfven
685 433 105 29 komma
780 428 13 38 i
809 433 61 29 fråga

117 472 14 24 t.
148 475 32 13 ex.
198 467 33 28 för
250 475 26 16 en
292 452 118 48 menighets
426 465 52 27 eller
493 475 27 14 en
536 454 115 42 kommuns
667 468 71 28 behof,
755 468 41 21 och
811 468 60 28 isyn-

118 491 75 38 nerhet
212 501 7 22 i
237 501 59 29 detta
315 501 38 29 fall
368 508 66 21 synes
449 501 38 26 det
502 501 44 29 mig
564 509 51 20 vara
631 503 6 20 i
653 502 77 29 högsta
745 502 53 29 grad
815 503 55 24 obil-

119 537 47 29 ligt,
182 538 31 27 att
227 543 27 14 en
269 527 180 37 kronohemmans
464 535 42 29 äbo
522 523 56 40 skall
595 520 100 45 heröfvas
711 537 70 27 nägon
798 536 34 29 del
848 537 24 22 af

117 558 132 46 hemmanets
272 559 130 40 egoomräde
424 572 50 23 utan
498 570 122 31 ersättning
643 571 33 28 för
694 571 150 38 nyttjorätten,
863 571 7 21 i

117 605 83 30 hvilket
218 604 101 30 afseende
338 603 41 30 han
398 603 69 26 skulle
489 604 68 21 blifva
572 589 135 43 tillbakasatt
723 600 33 33 för
771 612 24 21 en
812 605 58 20 inne-

119 632 88 37 hafvare
226 639 24 21 af
265 630 169 49 kronoboställe,
454 631 88 37 hvilken
561 638 58 21 dock
638 639 77 21 endast
730 631 140 36 tillfälligtvis

117 667 41 34 och
183 673 103 32 möjligen
308 673 56 27 blott
383 672 27 36 på
428 672 68 30 några
515 673 22 29 få
551 673 24 29 år
591 673 84 30 komme
691 677 32 27 att
739 653 87 53 besitta
833 673 37 28 bg-

118 708 80 29 stället.

187 741 57 30 Herr
259 741 107 29 Hildén:
391 737 17 38 1
431 741 117 30 anledning
563 742 25 26 af
600 741 41 25 den
657 742 114 22 förefallna
785 742 85 21 diskus-

117 777 76 25 sionen
212 783 35 22 om
266 776 119 27 ersättning
404 775 32 22 till
452 775 183 30 kronohemmans
651 776 40 21 äbo
709 777 32 20 för
757 777 113 27 nyttjorät-

119 815 34 18 ten
169 810 31 29 till
222 809 148 31 exproprierad
387 805 65 35 mark,
468 817 62 18 anser
543 811 39 32 jag
597 811 44 28 mig
658 811 92 28 befogad
763 814 31 17 att
807 811 64 26 fram-

119 846 85 27 komma
221 844 47 29 med
284 843 26 22 en
326 844 149 29 anmärkning.
511 843 43 27 Om
572 853 49 13 man
637 845 42 26 ock
693 845 70 26 skulle
780 845 91 28 medgil-

118 888 28 15 va
161 882 31 27 att
207 879 47 27 skäl
269 879 69 29 finnas
354 879 32 29 för
401 879 41 28 den
458 879 64 29 äsigt,
539 882 31 18 att
582 887 26 17 en
621 879 66 30 sådan
700 879 120 29 ersättning
832 879 38 22 bör

119 904 82 36 ntfalla,
217 914 24 28 sä
256 913 42 21 blir
312 913 38 27 det
365 914 5 22 i
386 913 42 28 alla
444 913 37 30 fall
497 913 61 24 syärt
573 917 32 25 att
621 905 117 37 bestämma
753 913 67 29 under
833 914 37 21 hu-

118 956 24 22 pu
163 948 50 28 lång
232 939 30 36 tid
281 947 41 29 den
338 939 57 38 skall
411 936 114 50 utbetalas,
543 939 100 38 hyarföre
659 948 67 26 också
741 939 86 38 nämnda
843 948 15 21 å
849 957 21 12 å-

118 983 44 27 sigt
184 967 47 45 icke
253 972 61 39 torde
334 973 72 38 kunna
425 981 6 22 i
451 982 73 27 praxis
543 975 109 41 tillämpas
669 982 40 27 gel
725 984 144 28 genomföras.

118 1017 43 21 Till
181 1007 153 38 innehafvaren
350 1016 25 29 af
387 1007 31 33 ett
432 1015 165 30 kronoboställe
613 1017 96 29 kommer
724 1017 146 28 ersättningen

119 1040 143 43 förmodligen
278 1047 31 33 att
328 1040 106 38 utbetalas
453 1050 78 24 endast
551 1051 33 24 för
599 1051 24 25 så
639 1051 50 28 lång
705 1050 38 28 tid,
759 1050 53 22 hans
828 1052 43 20 rätt

117 1086 33 28 till
168 1085 110 29 boställets
294 1084 118 30 besittning
428 1085 84 28 fortfar,
528 1084 41 29 och
585 1085 32 29 till
634 1066 153 47 innebafvaren
804 1086 23 20 af
840 1089 31 17 ett

117 1110 149 39 ecklesiastikt
285 1114 91 37 boställe
391 1110 89 38 sålänge
496 1107 44 41 han
554 1119 44 27 står
614 1127 53 24 qvar
682 1119 37 22 vid
735 1119 41 21 den
794 1120 76 20 befatt-

118 1155 58 27 ning,
196 1154 6 21 i
222 1152 53 30 följd
294 1153 80 24 hvaraf
390 1153 103 26 bostället
511 1154 26 28 af
553 1148 79 35 honom
648 1153 133 21 innehafves.
818 1153 53 29 Men

119 1188 48 22 med
186 1196 26 13 en
228 1187 180 30 kronohemmans
423 1187 41 27 åbo
480 1195 51 22 eger
547 1191 30 23 ett
593 1188 44 21 helt
652 1192 65 17 annat
736 1188 134 25 förhållande

118 1230 52 16 rom.
202 1222 75 27 Denne
293 1221 89 27 besitter
397 1217 122 32 hemmanet
536 1222 33 26 för
585 1222 95 23 lifstiden
697 1222 41 22 och
751 1222 53 24 hans
818 1223 53 20 barn

118 1258 54 24 efter
187 1256 86 27 honom,
289 1256 23 28 så
328 1256 62 31 länge
406 1256 26 24 de
448 1255 120 30 prdentligt
583 1256 65 22 häfda
664 1256 128 28 lägenheten
808 1256 40 25 och
864 1257 7 20 i

117 1291 67 29 öfrigt
202 1290 98 28 iakttaga
318 1290 57 22 hvad
394 1290 181 28 författningarne
596 1291 5 21 i
621 1290 70 24 denna
706 1290 35 23 del
756 1290 115 26 innehålla,

117 1326 24 21 så
157 1328 31 18 att
202 1324 37 22 det
254 1324 41 21 blir
310 1323 82 30 ganska
407 1324 60 29 svårt
482 1328 31 25 att
529 1324 78 29 stadga
622 1325 71 31 någon
709 1324 70 28 grund
795 1325 33 21 för
840 1328 32 24 att

117 1360 119 25 bestämma
254 1358 53 28 huru
327 1358 63 28 länge
409 1358 147 28 ersättningen
576 1359 6 28 i
598 1358 76 30 sådant
691 1359 37 24 fall
744 1359 54 24 efter
814 1359 56 22 band

119 1394 39 21 bör
180 1392 82 25 utfalla.
299 1392 45 29 Jag
368 1396 89 25 antager
478 1393 108 29 nemligen
606 1397 32 17 att
656 1393 115 28 meningen
791 1394 30 25 är,
840 1397 32 22 att

117 1428 71 24 denna
203 1427 120 28 ersättning
338 1427 56 27 skall
410 1418 109 39 utbetalas
534 1427 83 29 ärligen
633 1427 31 21 till
681 1430 31 18 ett
727 1427 85 27 belopp,
824 1434 47 22 som

117 1465 120 25 motsvarar
252 1460 41 27 den
308 1461 70 28 ärliga
393 1460 128 33 afkastning
539 1460 41 28 den
601 1461 100 30 afträdda
719 1460 87 30 marken
827 1462 45 29 föra

117 1495 188 29 expropriationen
321 1495 86 29 lemnat.
