1039 1773
219 135 42 21 284

190 197 68 23 rande
281 197 71 21 skulle
375 197 49 22 leda
446 197 34 21 till
500 196 111 23 missbruk
631 200 56 18 samt
704 197 79 29 många
805 198 139 28 olägenheter

190 232 44 22 och
250 231 68 22 vådor
333 232 35 21 för
384 231 121 22 samhället.
534 231 93 29 Följden
643 231 73 22 blefve
731 232 108 28 nemligen
851 235 32 18 att
894 232 50 27 den,

192 274 48 14 som
256 274 80 21 genom
351 267 150 27 guvernörens
516 266 73 28 utslag
605 265 119 22 förklarats
740 266 88 29 skyldig
843 270 31 18 att
885 267 59 21 inom

190 301 48 22 viss
254 300 32 22 tid
301 301 59 21 förse
376 300 34 29 sig
425 300 50 21 med
489 300 51 28 laga
554 300 94 27 försvar,
663 300 73 22 skulle
750 300 8 22 i
773 300 25 22 de
814 301 54 21 allra
881 301 63 21 flesta

190 335 49 28 fall,
258 335 66 21 äfven
342 337 53 19 utan
414 334 47 22 skäl
481 334 92 21 besvära
591 334 35 28 sig
645 334 62 22 öfver
726 342 26 14 en
772 334 67 22 sådan
856 334 87 30 åtgärd,

190 369 92 22 emedan
304 369 44 21 han
371 368 57 22 dock
450 368 63 22 alltid
535 376 72 14 vunne
630 368 42 22 den
695 369 71 21 fördel
786 371 31 19 att
835 370 59 20 tiden
909 370 35 21 för

191 403 55 21 hans
266 402 128 28 skyldighet
412 405 32 18 att
462 410 51 14 vara
532 402 89 22 försedd
639 403 48 21 med
704 403 50 29 laga
772 403 85 22 försvar
872 404 70 21 blefve

191 437 162 28 undanskjuten
372 436 44 22 tills
437 436 104 22 besvären
560 437 75 22 blifvit
653 438 107 27 pröfvade
776 437 40 22 och
832 438 111 29 afgjorda;

192 471 43 22 och
249 479 50 14 man
310 471 43 22 kan
366 474 80 25 antaga
461 471 34 21 för
509 471 76 29 gifvet,
601 475 33 18 att
648 475 37 23 ett,
702 472 53 21 eller
770 472 130 21 åtminstone
912 475 31 19 ett

191 506 57 22 halft
262 506 25 21 år
302 506 70 21 skulle
391 505 59 29 åtgå,
466 506 66 21 innan
551 506 78 21 sådant
643 506 60 22 skett
718 505 42 22 och
774 507 96 28 utslaget
884 507 7 21 i
907 515 37 12 an-

191 541 91 28 ledning
297 540 24 21 af
333 540 106 21 besvären
458 539 72 22 hunne
545 540 42 21 den
601 540 147 22 försvarslöse
763 541 109 20 meddelas
887 544 56 18 samt

192 575 43 21 den
250 574 90 29 slutliga
358 574 105 29 åtgärden
482 582 35 13 om
536 574 54 21 hans
610 574 131 21 inställande
759 575 8 20 i
785 574 73 22 arbete
873 574 70 22 vidta-

192 617 48 20 gas.
276 609 35 21 En
330 608 62 28 dylik
411 608 222 29 rättegångsordning
652 608 70 22 skulle
740 609 29 28 på
787 609 44 22 sätt
848 608 41 22 och
909 609 33 22 vis

192 644 79 27 utgöra
286 650 28 13 en
329 642 136 29 uppmaning
479 642 33 21 till
528 642 41 21 den
585 642 146 22 försvarslöse
747 645 31 18 att
793 643 99 29 förlänga
908 643 34 22 sin

192 677 112 22 frihetstid
327 679 56 19 samt
402 684 52 14 vara
473 675 44 23 helt
535 676 41 22 och
592 676 68 22 hållet
678 677 110 21 stridande
804 681 58 18 emot
877 677 67 28 syfte-

192 711 67 22 målet
273 711 49 21 med
340 710 166 29 ifrågavarande
525 711 142 28 författning,
686 718 47 14 som
753 711 57 22 afser
824 714 32 18 att
870 712 74 27 afböja

192 745 38 22 det
248 745 34 21 för
301 744 113 22 samhället
430 744 87 29 vådliga
535 745 56 26 deri,
616 747 33 19 att
671 745 145 22 försvarslöse
839 753 105 20 personer

192 779 84 22 lemnas
292 782 52 18 utan
359 779 91 28 uppsigt
465 779 41 21 och
517 779 178 28 sysselsättning.
719 779 176 22 Presteståndets
908 779 36 22 be-

193 813 45 22 slut
253 814 6 21 i
275 813 76 29 frågan
370 813 40 21 bör
425 814 19 27 ej
460 813 75 21 utöfva
552 813 69 28 något
638 813 120 28 inflytande
777 813 28 28 på
819 813 57 22 hvad
894 822 48 13 man

192 848 65 29 eljest
275 855 63 14 anser
356 855 52 14 vara
426 847 49 22 med
493 847 36 22 det
543 848 58 21 rätta
619 847 246 28 öfverensstämmande,
884 848 60 28 isyn-

192 882 78 22 nerhet
292 890 48 14 som
361 882 73 28 någon
457 883 70 21 större
549 881 122 22 erfarenhet
695 881 41 22 och
754 881 122 22 kännedom
894 882 49 22 icke

193 917 44 21 kan
252 916 40 22 hos
309 916 97 22 bemälde
422 916 63 21 stånd
501 916 128 21 förutsättas
645 916 8 21 i
668 916 81 28 frågor,
765 923 46 15 som
826 916 57 29 angå
896 916 48 22 ord-

193 951 82 29 ningen
290 950 42 22 och
347 950 135 22 förfarandet
497 950 7 21 i
519 950 141 28 processuela
675 950 45 21 fall.

262 984 58 22 Herr
334 984 99 23 Mölsä:
452 984 59 22 Herr
526 984 131 29 Tengström
672 984 41 22 har
727 984 106 29 tillstyrkt
848 984 96 22 bibehål-

192 1018 65 22 lande
272 1019 25 21 af
309 1018 37 22 det
362 1019 53 21 sista
430 1021 127 25 momentet,
573 1018 67 22 bland
655 1021 73 25 annat,
743 1018 29 29 på
786 1018 71 29 grund
872 1019 24 21 af
907 1020 37 20 det

193 1053 89 29 vådliga
300 1052 56 28 deri,
375 1056 31 18 att
425 1052 42 22 den
485 1052 146 22 försvarslöse
646 1060 27 14 en
689 1053 76 28 längre
782 1053 32 21 tid
829 1052 72 22 blefve
916 1054 28 28 på

192 1088 30 21 fri
236 1087 40 22 fot.
305 1088 69 20 Detta
390 1087 48 21 skäl
454 1094 63 22 synes
533 1087 45 29 mig
593 1087 83 21 förlora
691 1087 29 21 all
735 1086 141 29 betydenhet,
892 1089 52 20 enär

192 1122 14 28 &
222 1121 27 21 22
268 1122 8 20 i
294 1122 42 20 den
355 1121 81 29 nådiga
454 1122 176 28 propositionen,
653 1129 49 14 som
723 1121 73 21 blifvit
814 1122 25 21 af
858 1122 87 21 ståndet

192 1155 80 29 gillad,
294 1156 102 28 tillägger
415 1156 136 28 guvernören
569 1156 107 28 rättighet
695 1158 32 18 att
745 1159 77 25 genast
836 1158 51 26 taga
902 1156 43 21 den

192 1190 147 22 försvarslöse
354 1190 7 21 i
377 1190 106 28 fängsligt
500 1190 79 27 förvar,
599 1198 35 14 om
649 1190 45 21 han
712 1197 63 22 anses
791 1197 52 15 vara
856 1190 36 21 för
906 1190 39 21 all-

193 1226 81 20 männa
292 1224 129 22 säkerheten
439 1224 81 28 vådlig.
557 1224 50 22 Den
626 1224 76 28 längre
721 1224 137 22 frihetstiden
874 1224 70 22 skulle

194 1258 85 22 således
294 1258 88 22 komma
397 1262 32 18 att
443 1258 168 29 tillgodonjutas
630 1258 79 22 endast
724 1258 23 21 af
760 1258 59 28 dem,
835 1266 47 14 som
896 1258 49 22 icke

194 1300 53 14 vore
262 1293 8 20 i
286 1292 90 22 berörde
395 1292 101 22 afseende
511 1293 86 28 farliga.
628 1293 44 21 Det
687 1293 24 21 är
727 1293 127 28 visserligen
871 1296 74 24 sannt,

193 1330 33 18 att
240 1327 79 21 besvär
334 1327 62 21 öfver
414 1327 139 28 preliminära
571 1327 74 29 utslag
660 1327 7 21 i
683 1326 126 28 allmänhet,
828 1327 42 21 och
885 1327 61 28 isyn-

193 1360 77 22 nerhet
288 1360 28 22 då
334 1361 251 29 rättegångsordningen
601 1362 24 21 är
641 1361 140 27 summarisk,
801 1362 52 20 böra
870 1361 75 28 åtfölja

192 1394 160 28 hufvudsaken,
367 1403 50 15 men
431 1395 50 21 hela
496 1395 41 22 den
553 1396 166 28 ifrågavarande
733 1395 167 29 lagstiftningen
913 1399 32 17 ut-

192 1430 42 28 gör
252 1430 60 22 såväl
332 1429 33 22 till
384 1430 251 29 rättegångsordningen
655 1438 48 14 som
722 1429 33 23 till
778 1430 49 22 dess
850 1429 95 23 innehåll
