1039 1773
202 144 28 20 56

243 205 59 22 Herr
321 205 144 23 Sundman:
488 206 67 24 Hvad
573 205 50 22 herr
642 205 71 22 Malm
732 206 72 21 anfört
823 206 109 22 erkänner

173 243 38 27 jag
220 241 73 21 såsom
302 240 134 28 fullkomligt
444 240 88 28 riktigt,
543 248 50 13 men
601 247 35 14 om
644 240 37 21 det
692 248 29 14 nu
734 240 70 22 skulle
816 240 71 22 hända
899 243 31 19 att

173 275 89 22 banken
278 282 54 18 vore
347 275 8 21 i
370 274 69 22 behof
451 274 25 21 af
489 274 76 22 silfver
578 275 47 27 just
639 274 28 21 då
682 274 75 21 krisen
769 274 34 21 för
815 274 115 29 obligatio-

173 316 70 15 nerna
257 309 107 27 inträffar,
381 308 25 21 så
420 308 55 22 låter
491 308 37 21 det
542 308 36 21 väl
593 308 47 22 icke
656 309 55 27 göra
726 308 34 28 sig
776 311 32 18 att
822 308 44 21 låta
880 308 50 21 dem

174 344 71 27 hvila,
261 343 45 21 tills
322 343 75 21 krisen
409 343 24 20 är
448 342 166 26 öfverstånden,
629 345 52 18 utan
697 342 63 21 torde
775 342 86 22 banken
876 342 54 21 nöd-

176 385 40 21 gas
234 380 79 25 genast
332 376 100 22 anskaffa
447 376 82 21 silfver.
559 376 45 21 För
623 376 68 28 öfrigt
707 384 66 20 synes
788 376 38 21 det
839 376 45 29 mig
899 379 32 19 att

176 411 118 25 ständerne
313 410 67 21 redan
399 411 59 27 gjort
477 410 24 21 så
519 410 87 28 mycket
624 410 35 21 för
674 410 256 29 bypotheksföreningen

175 452 81 22 genom
271 444 135 29 beviljandet
425 445 24 20 af
462 444 99 29 garantin
580 444 35 21 för
633 444 142 29 föreningens
793 444 47 28 lån,
858 447 31 18 att
908 445 22 20 vi

174 479 50 22 icke
244 478 68 22 borde
330 479 128 29 ytterligare.
477 479 105 28 påtvinga
601 478 84 22 banken
705 479 73 28 någon
797 479 133 22 förbindelse

175 514 7 21 i
202 513 60 22 detta
282 513 63 29 syfte.
379 513 45 28 Jag
442 513 71 22 skulle
532 513 86 21 derföre
636 520 52 15 anse
707 515 31 19 att
757 513 37 21 det
808 513 72 22 kunde
897 513 34 22 stå

176 548 47 21 helt
245 547 42 22 och
310 547 67 21 hållet
398 547 35 20 till
455 547 208 28 bankfullmäktiges
682 549 50 26 eget
753 547 177 30 bästa”ompröf-

176 581 71 22 vande
267 584 31 19 att
317 581 57 28 välja
393 581 76 21 hvilka
488 581 156 21 räntebärande
663 581 146 28 obligationer
827 581 26 21 de
872 581 59 21 finna

177 623 53 16 vara
246 615 93 22 säkrast,

246 655 60 22 Herr
323 655 157 22 Wesander:
506 654 153 22 Betänkandet
680 655 122 20 innehåller
818 655 24 28 ju
864 655 66 21 redan

178 689 85 30 ganska
281 689 81 29 tydligt
377 692 32 18 att
430 689 37 22 det
482 689 85 21 komme
583 691 32 19 att
629 689 52 21 bero
697 689 25 21 af
733 689 197 28 bankfullmäktige

177 727 33 18 att
224 724 130 26 bestämma,
373 723 75 21 hvilka
464 723 150 28 obligationer,
630 723 102 28 antingen
749 723 182 28 hypotheksföre-

178 758 94 29 ningens
292 757 53 22 eller
364 757 77 28 andra,
461 757 66 23 borde
546 757 34 21 för
600 757 86 22 säkrast
705 765 64 14 anses
788 757 42 22 och
847 757 84 22 således

178 792 91 21 framför
285 792 67 21 andra
366 791 105 22 invexlas.

247 831 59 22 Herr
322 831 151 22 talmannen
493 831 133 22 framställde
646 831 51 23 härä
717 831 95 29 följande
832 829 100 38 proposi-

178 867 47 21 tion
242 866 41 22 och
300 865 229 29 kontraproposition
519 861 13 37 :

247 906 136 22 Godkänner
402 906 86 21 ständet
506 906 177 21 bankutskottets
701 906 83 28 förslag
799 906 7 21 i
821 906 59 22 förra
894 907 37 21 de-

178 941 35 21 len
232 941 24 20 af
272 941 60 21 detta
350 943 105 24 moment,
475 940 52 22 eller
547 940 71 21 sävidt
637 940 37 21 det
694 940 68 28 angär
777 940 154 29 konvertering

179 975 25 21 af
216 975 112 28 primitiva
342 974 94 22 fonden?
452 974 53 21 eller

247 1014 48 22 Vill
311 1014 86 22 ståndet
412 1014 93 21 derifrän
522 1014 94 21 utesluta
631 1014 78 21 orden:
729 1014 117 22 ”Finlands
861 1015 69 29 hypo-

180 1049 180 29 theksförenings
375 1048 53 24 eller
443 1048 92 21 andra”?

247 1084 37 21 Dä
298 1083 64 22 dessa
378 1082 163 28 propositioner
552 1082 33 21 till
594 1082 110 28 justering
716 1082 123 28 upplästes,
856 1083 74 28 begär-

179 1118 38 22 des
233 1118 47 20 äter
295 1118 62 20 ordet
372 1118 24 20 af
408 1112 95 33 följande
518 1117 77 21 talare:

249 1157 58 21 Herr
322 1152 151 32 Öhrnberg:
496 1156 44 28 Jag
559 1156 38 21 ber
613 1159 31 19 att
659 1156 21 21 få
696 1156 57 23 fästa
769 1157 163 28 uppmärksam-

180 1192 65 21 heten
254 1192 76 28 derpä,
343 1194 32 18 att
390 1191 42 21 den
444 1191 123 28 föreslagna
578 1191 212 27 nej-propositionen
803 1191 131 29 visserligen

180 1226 43 21 kan
243 1226 63 29 tydas
326 1226 34 26 sä,
381 1234 46 14 som
449 1225 70 24 skulle
535 1225 266 29 hypotheksföreningens
818 1226 114 28 obligatio-

180 1268 39 13 ner
235 1260 53 21 böra
303 1260 130 22 härutinnan
456 1260 67 20 blifva
538 1259 111 22 likställda
664 1259 49 21 med
729 1260 42 20 alla
786 1260 68 21 andra
869 1260 64 21 säkra

182 1294 151 28 obligationer.
364 1294 54 21 Men
438 1294 42 20 den
499 1293 41 21 kan
560 1293 41 21 ock
617 1293 70 22 tolkas
708 1294 142 21 annorlunda.
884 1294 49 21 Den

181 1329 73 21 kunde
263 1328 108 29 nemligen
381 1328 103 22 innebära
495 1330 31 18 att
539 1327 266 29 hypotheksföreningens
819 1328 114 28 obligatio-

182 1370 38 14 ner
229 1364 37 20 äro
276 1363 90 25 sådana,
378 1365 32 18 att
417 1362 27 21 de
452 1363 19 27 ej
481 1362 72 20 kunna
563 1362 113 30 nppköpas
685 1362 34 21 för
728 1362 97 22 bankens
834 1362 99 28 räkning.

250 1403 58 21 Herr
320 1402 160 22 Sundmann:
502 1402 41 21 Det
557 1410 75 13 senare
645 1403 23 20 är
680 1403 119 27 ingalunda
811 1404 121 27 meningen.

183 1437 42 25 Om
246 1437 66 31 sagde
332 1437 143 28 obligationer
496 1438 36 20 äro
552 1437 79 21 ställda
651 1437 11 21 å
681 1437 113 21 utländskt
814 1440 59 25 mynt
893 1437 40 21 och
