1039 1773
219 143 41 21 386

190 206 86 21 derföre
291 206 18 27 ej
326 205 69 22 oftare
410 213 52 13 vara
477 206 24 20 af
514 205 75 27 nöden,
605 206 26 20 än
649 205 72 29 hvarje
736 206 58 30 gång
806 208 72 29 fartyg
889 206 51 24 eller

191 240 63 21 andel
270 239 63 21 deraf
346 240 84 28 ombytt
445 247 70 21 egare.

259 280 42 20 4:o.
330 279 158 22 Förbindelsen
511 280 33 21 för
566 280 167 28 borgerskapets
755 281 73 28 fartyg
850 286 31 16 att
904 282 34 21 vid

191 314 107 29 seglation
316 314 82 22 inrikes
413 318 58 17 orter
487 314 89 21 emellan
593 320 51 15 vara
660 314 101 21 försedda
776 315 47 21 med
840 316 99 20 tullkam-

190 356 98 20 marpass
310 348 38 21 vid
367 348 67 21 andra
453 348 99 21 tillfällen
571 348 27 21 än
617 348 28 21 dä
660 348 80 21 sädana
756 348 22 22 af
793 349 146 21 landtmanna-

191 383 75 28 fartyg
280 382 119 25 erfordras;
414 382 40 20 och

259 418 41 20 5:0.
330 417 41 21 Att
385 416 37 21 vid
438 416 112 22 inhemska
565 416 76 22 alsters
656 417 118 28 inlastning
789 418 6 20 i
806 418 132 26 landthamn,

190 451 34 22 för
247 453 111 26 transport
380 450 32 21 till
437 459 68 12 annan
525 455 33 17 ort
576 451 57 20 inom
653 451 80 26 landet,
749 452 71 21 derom
837 453 35 20 vid
888 453 50 20 tull-

190 485 110 22 kammare
315 485 90 21 anmäla.
436 485 26 28 88&
477 485 26 22 85
519 485 40 21 och
575 485 26 20 86
618 486 24 19 af
655 485 236 30 seglationsordningen
907 487 31 20 in-

190 519 86 22 nehälla
291 519 134 22 föreskrifter
444 521 33 20 för
495 519 110 21 städernes
621 520 128 21 innevänare
765 523 31 18 att
812 521 36 21 vid
864 521 73 20 idkan-

190 554 27 21 de
233 554 24 21 af
269 554 80 21 inrikes
364 554 77 27 sjöfart
456 554 6 21 i
474 553 26 22 de
512 553 61 22 flesta
584 553 38 21 fall
634 553 90 31 utverka
735 553 34 28 sig
780 554 156 21 tullkammare-

190 588 139 28 förpassning
344 588 12 21 å
372 588 72 28 fartyg
459 588 40 21 och
515 588 50 24 last;
581 587 112 22 hvaremot
708 588 10 28 &
732 588 39 21 103
785 588 5 20 i
803 595 79 14 samma
895 589 42 20 för-

190 622 94 28 fattning
299 621 121 29 medgifver
434 621 93 28 allmoge
542 621 40 22 och
597 621 178 28 ständspersoner
787 622 12 21 ä
811 622 73 21 landet
894 623 42 20 rät-

190 656 68 28 tighet
277 659 31 18 att
326 655 48 22 med
393 655 61 22 deras
471 657 71 27 fartyg
558 656 80 21 besöka
653 659 58 18 orter
725 656 57 21 inom
798 656 100 27 Finland,
914 664 22 13 u-

190 694 36 17 tan
242 694 31 17 att
289 689 91 22 behöfva
396 697 51 14 vara
462 690 47 21 med
521 690 55 21 slika
586 690 165 29 förpassningar
762 691 108 26 försedda,
882 694 54 17 samt

189 728 51 17 utan
256 723 126 29 skyldighet
396 727 31 18 att
442 724 37 21 vid
494 724 99 21 ankomst
609 724 33 21 till
657 724 48 21 stad
721 725 83 20 anmäla
820 725 33 28 sig
859 719 10 38 ä
887 725 49 21 tull-

189 758 115 21 kammare.
341 758 49 21 Den
408 758 90 27 förmän,
521 765 44 14 som
585 757 90 22 sälunda
693 758 80 21 kunnat
789 759 147 21 landtmanna-

189 793 73 28 fartyg
285 793 101 20 förunnas
410 792 40 21 och
474 793 24 20 af
513 791 47 22 dem
580 792 7 21 i
605 792 75 29 längre
696 792 32 21 tid
744 792 124 29 begagnats,
884 797 50 17 utan

189 829 31 18 att
235 826 93 28 menliga
343 825 77 29 följder
436 826 61 21 deraf
512 826 117 27 veterligen
645 827 104 27 uppstätt,
765 826 65 21 borde
843 827 27 28 pä
881 834 54 13 sam-

189 868 35 13 ma
246 860 68 29 grund
337 860 73 21 kunna
432 861 109 20 städernes
561 861 129 20 innevänare
710 860 99 26 tilldelas,
825 865 55 16 samt
895 861 40 20 lik-

189 894 110 29 ställighet
318 895 33 21 för
370 895 42 21 alla
428 894 123 29 derigenom
567 895 188 29 tillvägabringas;
778 895 40 21 och
833 896 101 28 slutligen

189 936 63 14 anser
268 928 110 28 utskottet,

257 963 41 21 6:0.
327 963 41 21 Att
383 962 27 22 dä
426 963 90 27 borgare
531 963 107 29 tillhörigt
653 964 73 28 fartyg
741 964 7 20 i
763 964 124 21 landthamn
904 965 30 19 in-

188 999 61 26 tager
271 995 48 29 last,
341 1004 46 14 som
410 998 23 20 är
452 997 95 21 bestämd
567 1001 31 17 att
616 998 32 20 till
664 998 81 20 utrikes
761 1001 34 17 ort
810 998 123 28 utskeppas,

188 1031 144 28 inlastningen
352 1031 34 20 mä
404 1031 73 21 kunna
495 1031 127 22 verkställas
639 1032 27 27 pä
681 1039 82 13 samma
778 1032 48 26 sätt,
842 1039 45 14 som
903 1032 30 21 uti

188 1066 12 28 8
222 1066 25 20 72
271 1065 23 21 af
314 1065 234 28 seglationsordningen
572 1066 34 20 för
628 1066 211 28 landtmannafartyg
862 1066 72 22 blifvit

188 1099 108 28 stadgadt,
316 1100 52 20 eller
386 1102 31 18 att
435 1100 162 28 tullbevakning
613 1097 76 24 dervid
705 1100 48 20 icke
769 1100 103 21 behöfver
887 1101 47 20 när-

188 1142 58 18 vara,
265 1137 50 18 utan
334 1134 120 27 skepparen
474 1141 40 21 ega
531 1137 38 23 att,
584 1134 54 20 efter
653 1134 71 20 slutad
740 1134 101 28 lastning,
856 1134 78 28 anlöpa

187 1168 103 28 antingen
312 1168 162 20 tullkammaren
493 1168 7 20 i
518 1168 116 26 distriktet,
657 1168 52 20 eller
731 1168 41 21 ock
792 1168 66 21 första
874 1168 58 22 invid

187 1202 96 21 farleden
299 1202 91 28 belägna
406 1201 153 27 tullkammare,
574 1201 89 22 hvarest
678 1202 126 28 tuilafgifter
816 1202 39 22 och
868 1202 65 22 andra

186 1236 113 29 umgälder
314 1236 56 28 finge
386 1236 99 28 erläggas
500 1236 66 27 enligt
580 1236 133 28 skepparens
729 1236 107 28 skriftliga
848 1237 86 28 uppgift

187 1270 13 21 å
214 1270 80 22 lastens
310 1271 90 28 belopp;
423 1270 102 21 skolande
541 1271 119 27 skepparen
678 1271 33 20 för
726 1270 66 28 öfrigt
807 1271 53 21 efter
876 1271 56 21 hem-

186 1304 101 22 komsten
308 1304 96 29 iakttaga
426 1304 58 22 hvad
506 1304 72 22 vidare
600 1305 31 21 uti
650 1305 26 28 $$
692 1304 27 21 73
735 1304 40 21 och
791 1305 27 20 74
836 1306 7 20 i
862 1306 70 20 ämnet

187 1338 146 22 föreskrifves.

254 1378 71 21 Jemte
340 1376 37 23 det
392 1377 104 22 utskottet
511 1376 110 23 vördsamt
636 1377 91 22 föreslär
739 1380 32 19 att
783 1378 149 28 borgarestän-

186 1412 36 22 det
244 1412 70 22 skulle
336 1411 40 22 hos
394 1412 62 21 Hans
475 1409 123 31 Kejserliga
613 1410 105 30 Majestät
732 1411 53 29 göra
799 1412 133 30 underdänig

186 1447 159 27 framställning
360 1447 7 20 i
382 1447 222 21 öfverensstämmelse
620 1446 47 22 med
683 1446 37 22 det
735 1446 99 29 yttrande
850 1447 81 21 utskot-
