1039 1773
785 159 41 22 269

101 226 80 24 genom
196 219 67 23 andra
279 220 126 30 straffarter,
424 221 114 22 äfvensom
557 220 112 30 angående
688 220 168 32 verkställighet

101 257 24 20 af
137 254 152 27 frihetsstraff;
308 255 48 21 från
374 255 173 29 presteståndet,
567 255 34 22 för
620 256 42 21 den
679 256 26 21 12
721 256 105 28 februari,
846 258 8 20 i

100 290 119 28 anledning
237 289 25 22 af
277 289 79 29 nådiga
375 290 168 28 propositionen
558 290 44 21 N:o
618 290 27 21 39
664 297 35 14 om
719 290 93 30 ändring
833 290 25 22 af

100 331 29 14 nu
148 324 101 28 gällande
271 323 173 29 lagstadganden
467 324 93 22 rörande
579 324 89 28 egofred
687 327 57 19 samt
762 324 34 21 för
812 325 42 21 den

101 358 27 20 29
144 358 7 21 i
167 365 81 15 samma
266 358 89 27 månad,
377 358 8 21 i
408 358 118 28 anledning
545 357 24 22 af
586 358 79 28 nådiga
684 355 170 32 propositionen

100 391 45 22 N:o
154 392 19 28 8,
189 392 111 28 angående
318 392 113 29 uppsätlig
446 392 161 29 misshandling
622 392 25 22 af
658 392 95 28 kreatur,
765 392 44 22 N:o
820 394 33 27 16,

101 426 113 29 angående
229 426 54 28 dråp
299 429 51 18 utan
371 426 81 28 uppsåt
467 429 33 19 att
515 426 68 28 dräpa
598 426 41 22 och
655 434 72 14 annan
745 425 109 24 misshan-

100 460 36 22 hel
151 460 13 23 å
178 467 89 22 person,
286 461 45 22 N:o
347 461 33 26 17,
400 461 113 29 angående
529 461 66 28 envig
615 461 42 22 och
673 461 44 22 N:o
734 463 33 26 19,
787 463 67 28 angä-

101 495 55 22 ende
170 493 226 31 fridlysningsstadga
410 495 35 22 för
460 495 85 21 landets
561 496 124 27 jernvägar,
705 495 89 22 kanaler
809 497 43 21 och

100 529 248 29 telegrafinrättningar;
371 531 57 20 samt
450 529 48 22 från
517 529 169 27 bondeståndet,
709 530 36 21 för
763 529 42 22 den
824 531 28 20 22

100 563 106 27 februari,
228 563 112 30 angående
361 563 80 29 nådiga
458 563 191 28 propositionerne
665 563 44 22 N:o
726 564 26 21 12
771 563 82 22 beträf-

99 597 65 21 fande
183 597 109 22 allmänna
310 597 94 29 grunder
423 597 35 21 för
477 605 26 14 en
524 605 30 20 ny
569 597 165 30 brottsmålslag
749 597 41 22 och
806 597 44 23 N:o

101 631 37 27 13;
157 632 35 21 för
206 631 42 22 den
264 632 27 21 24
306 631 104 28 februari,
429 632 8 21 i
452 631 119 29 anledning
586 631 25 22 af
622 631 81 29 nädiga
717 632 135 29 propositio-

99 673 43 14 nen
156 665 45 22 N:o
217 666 11 20 6
245 666 41 21 och
301 666 8 21 i
324 665 118 30 anledning
457 666 24 21 af
494 666 257 28 expeditionsutskottets
767 666 84 29 förslag

99 700 35 21 till
149 700 128 22 ständernes
295 700 149 28 underdäniga
464 707 50 14 svar
533 699 12 22 å
564 699 80 30 nådiga
659 701 191 28 propositionerne

99 735 45 22 N:o
159 735 33 26 11,
207 734 111 29 angäende
334 741 108 22 anonyma
457 734 53 22 eller
526 734 124 29 aktiebolag
666 734 41 22 och
723 737 59 26 tysta
797 735 55 22 eller

99 767 211 30 kommanditbolag,
326 769 41 21 och
382 768 44 22 N:o
435 769 34 26 20,
485 767 112 30 angående
612 766 238 25 häradsnämndemäns

99 803 122 29 antagande
236 803 41 22 och
293 801 107 30 aflöning,
416 806 57 18 sait
487 802 35 21 för
537 801 42 23 den
595 803 27 20 26
637 803 8 21 i
660 803 97 28 änsagde
771 803 79 22 månad

98 837 8 22 i
121 837 118 29 anledning
254 837 24 21 af
290 837 79 28 nådiga
384 837 191 28 propositionerne
591 836 60 22 N:ris
669 837 24 21 17
710 837 42 22 och
770 837 32 21 19.

166 871 106 29 Samtliga
290 871 65 22 dessa
375 871 204 29 protokollsutdrag
601 870 81 28 skulle,
706 871 72 22 säsom
801 871 48 22 icke

98 905 156 22 föranledande
268 905 35 21 till
318 905 74 22 vidare
410 904 87 30 ätgärd,
516 906 77 28 läggas
611 905 34 21 till
665 905 97 22 ständets
781 906 69 21 hand-

98 940 71 29 lingar
185 942 56 19 samt
256 939 119 22 ärenderna
389 940 8 20 i
412 939 109 22 diarierna
536 939 88 21 afföras.

166 974 59 21 Herr
246 974 152 21 talmannen
425 973 104 29 föredrog
551 973 80 29 utdrag
653 974 25 21 af
696 973 153 29 ridderskapet

99 1008 41 22 och
160 1008 74 21 adelns
253 1008 111 28 protokoll
383 1008 35 21 för
436 1007 41 22 den
494 1008 27 20 24
539 1008 115 21 nästvikne
673 1007 106 28 februari,
802 1008 46 21 deri

98 1042 141 22 medständen
255 1042 99 28 inbjudas
370 1045 32 18 att
416 1042 87 29 deltaga
518 1042 33 21 uti
566 1050 27 14 en
605 1043 24 20 af
637 1042 135 22 förbemälda
784 1042 65 22 ständ

98 1080 94 26 antagen
214 1074 134 30 underdänig
371 1076 93 29 petition
487 1076 86 28 derom,
595 1079 32 18 att
646 1074 61 23 Hans
723 1075 125 30 Kejserliga

98 1111 106 29 Majestät
222 1110 83 22 täcktes
324 1110 13 22 ä
356 1112 63 20 nästa
437 1110 104 29 landtdag
562 1110 112 29 förelägga
688 1110 85 22 landets
789 1112 59 20 stän-

98 1146 39 21 der
151 1145 67 29 nädig
232 1145 146 28 proposition,
393 1144 142 29 hvarigenom
551 1144 115 22 ständerne
681 1144 111 29 inrymdes
804 1146 44 19 rätt

98 1183 33 18 att
145 1180 7 21 i
168 1179 85 22 samräd
268 1178 49 22 med
331 1179 129 29 regeringen
479 1179 120 21 bestämma
614 1178 26 22 de
655 1178 109 21 allmänna
781 1186 67 20 grun-

97 1214 46 27 der,
159 1214 109 21 hvarefter
285 1213 157 29 tullafgifterne
462 1212 67 22 borde
549 1212 108 22 debiteras
673 1211 41 22 och
729 1212 117 28 uppbäras.

166 1247 131 29 Upplästes;
320 1255 48 13 men
391 1255 46 14 som
457 1246 181 30 borgareständet
655 1246 42 22 den
712 1246 13 21 9
743 1247 8 20 i
771 1246 76 22 ofvan-

97 1282 92 22 nämnde
204 1281 84 27 månad,
304 1282 37 20 vid
356 1281 161 29 behandlingen
532 1281 25 21 af
569 1283 32 19 ett
611 1281 59 21 inom
681 1280 88 22 ståndet
779 1280 67 22 väckt

96 1316 191 29 petitionsförslag
302 1316 8 21 i
325 1323 81 14 samma
421 1316 68 26 ämne,
505 1315 96 22 beslutat
616 1317 31 19 att
662 1314 40 22 hos
717 1314 63 22 Hans
792 1314 54 29 Kej-

98 1350 80 29 serliga
193 1350 104 28 Majestät
315 1351 53 27 göra
387 1350 136 28 underdänig
541 1348 160 29 framställning
720 1356 35 14 om
769 1349 78 28 rättig-

96 1384 38 22 het
149 1385 34 21 för
198 1384 116 22 ständerne
328 1386 32 19 att
374 1384 87 21 besluta
475 1384 112 28 angäende
602 1382 189 29 tullbevillningen
803 1382 42 22 och

96 1418 120 22 bestämma
230 1418 151 22 tullsatsernas
396 1418 91 28 belopp,
507 1420 56 20 samt
577 1418 71 22 denna
662 1417 72 29 fråga,
749 1415 49 23 med
814 1416 32 21 af-

97 1452 79 22 seende
191 1452 52 22 derä
258 1455 31 19 att
304 1452 158 22 bondeständet
476 1452 109 22 meddelat
599 1451 141 22 medständen
760 1450 86 28 inbjud-
