1039 1773
777 139 41 21 115

87 197 109 23 tänkande
215 194 62 26 såväl
294 198 112 29 angående
429 200 116 28 ingressen
564 198 35 23 till
617 199 159 31 författningen
796 210 48 15 som

86 232 137 22 beträffande
238 233 27 28 $$
281 233 19 27 1,
317 233 13 20 2
346 233 41 21 och
403 234 20 20 3.

439 268 13 28 8
467 267 20 21 4.

155 301 59 22 Herr
230 299 26 24 C.
272 301 22 21 J.
310 300 150 30 Grönberg:
475 301 12 21 I
502 302 144 22 förevarande
661 303 12 27 $
688 303 39 21 äro
743 304 101 22 straffbes

87 336 135 22 stämmelser
236 338 83 19 utsatte
334 336 35 21 för
384 336 102 28 tillfogad
499 336 51 22 svär
561 335 164 30 kroppsskada,
742 338 101 28 hvartill,

87 370 69 28 enligt
179 378 76 14 senare
277 372 128 26 momentet,
428 370 67 22 bland
518 373 75 24 annat,
615 371 80 22 räknas
717 372 81 23 förlust
820 369 26 25 af

88 404 167 29 synförmägan,
276 404 88 21 dermed
379 404 62 22 torde
456 404 59 22 afses
530 404 81 22 förlust
625 405 24 20 af
662 405 70 30 begge
747 408 95 28 ögonen:

87 438 36 22 Då
138 438 84 22 således
242 438 92 22 nämnde
352 438 229 23 straffbestämmelser
598 439 48 22 icke
666 447 66 21 synas
751 448 41 22 ega
806 442 37 21 tile

87 472 113 29 lämpning
216 473 7 21 i
239 473 43 21 den
296 472 114 29 händelse,
426 476 32 18 att
473 473 78 22 endast
563 475 37 20 det
614 481 41 14 ena
670 475 52 28 ögat
737 475 46 28 gått
798 476 45 21 förs

88 507 71 21 loradt
177 514 49 14 men
246 507 154 28 synförmägan
420 508 23 20 är
461 507 8 21 i
488 503 83 31 behåll,
591 508 68 21 borde
675 509 67 28 sagde
757 509 12 28 &
784 510 58 21 redi-

88 548 63 21 geras
170 541 24 21 så
213 543 32 19 att
263 541 42 21 den
327 541 85 22 komme
435 544 32 19 att
485 541 111 22 innehålla
618 549 79 15 ansvar
720 543 64 22 äfven
806 544 36 21 för

89 575 136 22 sistnämnda
239 575 46 21 fall.

156 609 58 22 Herr
230 609 167 29 Tengström:
420 609 45 29 Jag
483 609 39 22 ber
537 612 32 19 att
583 609 22 22 få
619 609 93 22 hänvisa
726 610 43 22 den
784 611 58 22 före

88 643 83 29 gående
187 644 83 21 talaren
285 643 33 22 till
333 644 25 28 $$
370 645 12 19 7
396 644 41 21 och
452 644 20 27 8;
489 644 90 22 hvarest
593 651 80 15 ansvar
686 645 71 22 finnes
772 647 70 21 utsatt

88 678 35 21 för
138 678 102 28 tillfogad
254 678 84 21 mindre
354 678 68 21 skada
437 679 27 20 än
480 678 27 21 de
522 678 7 21 i
545 679 12 28 &
573 679 13 20 4
601 679 136 22 omnämnda.
764 679 77 23 Straff-

87 711 192 22 bestämmelserne
294 712 7 21 i
317 712 149 21 förstberörde
478 713 25 28 $$
515 712 63 21 torde
593 720 42 21 ega
647 713 149 30 tillämpning,
812 714 29 21 dä

88 746 72 28 nägon
176 747 8 20 i
198 746 55 28 följd
272 746 24 21 af
311 753 82 15 annans
415 746 161 29 misshandling
597 747 92 22 förlorat
707 748 78 22 endast
804 748 37 22 det

89 788 42 14 ena
145 781 59 28 ögat.

156 814 59 23 Herr
233 809 153 34 Öhrnbergi
409 815 45 22 Det
468 815 44 22 kan
527 815 36 21 väl
579 822 66 21 synas
660 815 61 30 ligga
735 817 106 22 temmeli-

89 856 42 21 gen
149 851 61 19 utom
228 850 72 20 ämnet
315 851 31 19 att
360 849 68 21 inläta
442 849 35 28 sig
492 849 7 21 i
514 849 128 22 diskussion
657 857 35 14 om
707 850 134 29 tillämpnin

88 891 43 21 gen
146 883 24 21 af
182 883 27 22 de
225 883 108 22 särskilda
347 883 27 29 $$
388 883 8 21 i
410 883 145 29 lagförslaget
566 884 29 28 pä
606 883 58 22 olika
674 885 104 26 rättsfall;
791 893 50 14 men

86 918 39 28 jag
143 918 39 21 vill
200 918 57 20 dock
275 919 79 20 nämna
368 920 32 19 att
416 919 38 27 jag
469 925 65 15 anser
552 918 144 22 förevarande
711 919 13 28 &
739 919 102 22 otvifvel-

89 952 71 29 aktigt
182 948 65 25 äfven
269 959 41 21 ega
329 951 137 29 tillämpning
481 952 35 21 för
533 952 38 21 det
588 952 49 27 fall,
657 955 31 19 att
707 960 26 14 en
748 961 93 20 person,

89 993 48 15 som
152 986 47 21 före
214 986 187 28 misshandlingen
416 986 56 22 hade
487 986 8 21 i
510 986 72 21 behåll
599 986 70 29 begge
688 988 96 28 ögonen,
803 996 38 20 ge

89 1028 51 13 nom
158 1020 74 22 väldet
250 1023 58 19 emot
330 1020 82 22 honom
434 1020 95 22 förlorar
547 1020 37 21 det
602 1028 47 14 enä.
685 1020 119 23 Förlusten
819 1022 25 21 af

89 1062 42 14 ena
145 1055 52 28 ögat
211 1055 69 21 måste
295 1054 37 21 väl
346 1054 74 22 kunna
438 1054 103 22 hänföras
557 1054 34 22 till
611 1055 60 21 svårt
688 1055 56 28 lyte;
768 1062 47 15 som
832 1056 9 21 i

89 1096 76 14 senare
180 1091 118 19 momentet
313 1089 24 21 af
348 1089 166 28 ifrågavarande
529 1089 12 27 &
556 1091 109 26 upptages
677 1089 66 22 bland
754 1090 26 22 de
791 1090 50 28 fall;

88 1123 36 21 för
138 1123 75 21 hvilka
228 1122 257 22 straffbestäminelserna
500 1123 63 21 skola
577 1123 65 28 gälla.

158 1157 59 21 Herr
235 1157 171 29 Tengström:
428 1158 77 21 Ehuru
527 1157 38 21 det
586 1157 83 22 kanske
691 1158 71 28 ligger
780 1160 62 20 utom

89 1192 73 21 ämnet
177 1194 31 18 att
222 1194 59 25 yttra
296 1192 35 27 sig
345 1192 93 21 rörande
453 1192 167 28 tillämpningen
635 1192 8 20 i
659 1192 58 21 olika
731 1192 38 21 fall
781 1192 25 21 af
814 1192 28 22 de

88 1226 8 21 i
115 1226 143 28 lagförslaget
279 1225 178 22 förekommande
475 1226 35 28 $$,
529 1226 39 20 vill
584 1226 39 28 jag
637 1226 58 21 dock
710 1227 80 25 erinra,
810 1230 32 19 att

89 1261 13 27 8
117 1256 12 24 7
148 1260 91 21 handlar
258 1268 35 13 om
312 1260 83 21 mindre
414 1260 141 28 kroppskada
573 1260 54 21 eller
645 1260 44 29 lyte
709 1258 27 24 än
751 1260 27 22 de
793 1261 49 21 ska-

89 1294 47 27 dor,
151 1294 90 22 hväi'om
256 1296 89 20 nämnes
361 1294 7 21 i
383 1295 13 27 &
412 1294 23 28 4,
451 1294 42 21 och
509 1294 27 21 dä
552 1294 107 22 förlusten
675 1294 24 21 af
711 1295 78 21 endast
805 1295 37 22 det

89 1336 42 14 ena
149 1330 61 27 ögat,
230 1329 103 21 förutsatt
351 1328 109 29 nemligen
476 1331 32 18 att
522 1328 71 29 begge
613 1330 85 26 ögonen
719 1329 59 21 förut
793 1330 49 21 fun-

89 1363 45 22 nits
149 1363 8 21 i
171 1362 81 28 behåll,
271 1362 36 22 väl
322 1362 68 22 måste
406 1370 53 14 vara
473 1362 84 22 mindre
573 1362 67 22 skada
656 1364 27 20 än
697 1363 109 21 förlusten
821 1364 25 21 af

89 1397 71 29 begge
180 1398 85 28 ögonen
288 1400 55 18 samt
358 1397 7 21 i
381 1396 41 22 och
441 1397 49 21 med
505 1397 120 21 detsamma
640 1396 24 22 af
677 1397 165 28 synförmägan,

89 1438 65 15 anser
166 1432 38 28 jag
220 1431 41 21 den
276 1430 171 30 misshandling,
464 1438 47 15 som
525 1431 49 21 haft
588 1431 33 21 till
636 1431 84 29 påföljd
734 1431 109 23 förlusten
