1039 1773
790 144 40 21 159

104 206 39 20 der
160 205 152 29 medgifvande
333 206 24 20 af
373 208 77 26 nyttan
467 206 25 20 af
505 212 26 15 en
547 206 138 28 obegränsad
700 206 101 22 handels-
817 208 42 22 och

104 240 165 28 näringsfrihet,
284 239 69 21 likväl
368 240 58 21 velat
442 240 37 20 vid
495 240 167 29 tillämpningen
677 240 24 22 af
714 241 70 21 denna
799 243 61 27 prin-

104 274 35 28 cip
155 274 58 21 fästa
228 274 60 21 vissa
305 273 108 22 förbehäll
429 274 42 21 och
486 274 187 29 inskränkningar
688 278 56 18 samt
759 275 6 21 i
781 276 78 22 sädant

104 308 112 27 afseende,
236 307 66 22 bland
318 311 74 23 annat,
412 308 65 28 yrkat
493 311 32 18 att
539 308 80 21 handel
635 308 41 22 och
691 308 124 22 handtverk
830 310 28 28 pä

104 342 74 22 landet
196 342 70 22 skulle
285 342 22 21 fä
325 342 87 21 utöfvas
429 342 77 21 endast
522 342 28 28 pä
566 343 57 21 visst
637 343 86 21 afständ
738 344 47 21 frän
801 344 57 22 stad.

103 377 36 21 En
158 377 136 29 obegränsad
313 376 66 22 frihet
394 377 7 20 i
416 376 94 22 berörda
526 377 125 21 hänseende
667 384 63 15 anser
743 378 37 28 jag
796 378 62 21 dere-

104 414 47 18 mot
168 412 67 20 lända
252 411 160 29 borgerskapet
430 411 48 21 icke
499 411 34 21 till
553 411 76 27 skada,
653 415 51 18 utan
723 412 34 22 till
776 413 80 28 fördel,

103 446 59 26 enär,
180 445 69 29 enligt
267 453 65 14 mom.
350 445 22 27 b,
393 445 114 22 städernes
531 445 167 29 näringsidkare
721 454 72 15 vunne
812 447 45 22 till

103 479 53 22 fälle
172 482 32 19 att
218 480 70 21 drifva
303 480 34 21 sin
353 480 77 27 näring
446 479 55 22 bäde
517 480 7 21 i
540 479 49 22 stad
605 480 41 21 och
661 480 30 28 pä
705 481 83 27 landet,
804 485 52 18 utan

104 517 41 24 att,
162 514 71 22 säsom
249 514 95 27 härtills,
364 522 52 13 vara
430 514 89 21 bundna
535 514 77 22 endast
626 515 34 20 till
675 515 84 22 staden.
789 516 68 21 Detta

104 548 121 29 stadgande
243 549 117 20 innefattar
379 548 85 21 således
480 556 27 13 en
522 549 153 28 utsträckning
691 549 64 21 äfven
770 549 24 21 af
807 551 50 20 bor-

103 583 128 28 gerskapets
250 583 135 28 rättigheter.
419 581 83 22 Vidare
518 582 40 21 har
577 590 49 14 man
646 584 108 26 anmärkt,
773 587 31 18 att
819 584 37 22 det

103 625 53 13 vore
174 617 62 29 fräga
254 625 35 14 om
308 620 32 18 att
358 617 99 28 fräntaga
477 617 159 28 borgerskapet
655 617 49 22 dess
720 618 136 28 rättigheter,

103 654 52 18 utan
170 655 32 18 att
216 651 58 22 fästa
289 651 102 22 afseende
406 651 28 28 pä
450 651 170 28 borgerskapets
637 652 94 27 anspräk
743 655 32 18 att
785 653 28 21 dä
824 653 32 21 äf-

102 694 43 13 ven
160 686 81 21 erhälla
256 686 97 28 eftergift
368 686 25 20 af
404 685 73 28 nägon
490 685 35 21 del
539 685 23 21 af
572 685 51 22 dess
635 685 156 29 skyldigheter,
807 687 49 21 der-

102 720 38 21 vid
155 728 49 13 man
222 720 126 29 isynnerhet
366 719 120 22 framhållit
501 723 31 18 att
548 720 157 28 borgerskapet
720 721 134 22 fortfarande

101 754 85 22 komme
202 757 32 18 att
249 755 69 20 allena
330 754 91 21 bekosta
433 754 128 29 aflöningen
573 755 34 20 till
619 754 87 22 stadens
718 755 137 27 tjenstemän.

101 789 72 21 Desse
192 790 129 27 tjenstemän
340 789 52 20 eller
408 789 233 28 magistratspersoner
656 789 64 21 hafva
735 797 119 22 ursprung-

102 823 59 28 ligen
179 823 126 21 tillkommit
324 823 32 21 för
376 826 31 18 att
427 823 72 21 säsom
519 831 27 13 en
566 823 94 21 särskild
680 824 92 28 styrelse
787 823 68 22 hafva

101 857 103 21 inseende
225 857 41 22 och
284 857 53 21 värd
357 865 35 13 om
412 857 169 28 borgerskapets
603 857 251 29 företrädesrättigheter

101 891 42 21 och
158 892 7 20 i
181 892 67 28 öfrigt
266 892 58 21 hälla
339 892 76 28 tillsyn
431 900 35 12 om
482 892 27 21 de
524 892 130 21 donationer
669 892 41 21 och
727 892 66 21 andra
809 894 45 20 för-

101 926 65 26 delar,
186 934 46 14 som
251 926 73 21 blifvit
342 926 101 21 städerne
464 926 169 22 tillförsäkrade.
663 926 42 22 Om
720 934 28 13 nu
764 926 90 30 borger-

101 961 77 27 skapet
194 960 86 29 afsäger
295 961 34 28 sig
344 961 64 21 dessa
424 960 259 29 företrädesrättieheter,
700 961 23 21 sä
739 960 41 22 blir
792 961 63 21 deraf

100 1002 27 14 en
143 995 94 28 naturlig
252 995 55 28 följd
322 998 32 18 att
370 994 158 29 borgerskapet
543 996 18 27 ej
579 995 67 21 heller
660 995 75 21 vidare
747 995 70 21 allena
828 997 24 20 är

99 1029 8 21 i
122 1029 68 21 behof
203 1029 24 21 af
239 1029 88 21 stadens
344 1028 102 29 styrelse,
463 1032 51 18 utan
531 1032 31 18 att
577 1029 63 21 äfven
658 1029 70 28 öfrige
739 1029 114 22 samhälls-

99 1063 85 21 klasser
199 1064 7 20 i
222 1063 100 21 städerne
340 1063 88 21 komma
442 1066 33 18 att
487 1064 66 27 jemte
568 1063 158 29 borgerskapet
740 1064 7 20 i
762 1064 91 21 kostna-

99 1097 67 21 derne
181 1098 93 28 deltaga.
305 1097 53 21 Man
374 1098 38 20 har
428 1097 67 21 ocksä
507 1097 118 22 framhällit
636 1101 35 17 att'
678 1098 78 21 handel
768 1098 28 28 pä
806 1098 46 21 lan-

99 1132 38 21 det
155 1132 70 21 skulle
247 1132 98 20 medföra
363 1131 37 29 lyx
422 1131 63 21 bland
508 1132 162 28 befolkningen.
707 1132 83 22 Sådant
808 1132 44 22 kan

98 1166 131 28 visserligen
248 1166 102 21 stundom
366 1166 99 27 inträffa,
485 1174 49 13 men
547 1167 38 27 jag
600 1169 46 19 tror
661 1166 57 21 dock
733 1169 32 18 att
779 1166 74 28 lyxar-

98 1200 67 21 tiklar
183 1200 6 21 i
208 1200 117 21 allmänhet
344 1200 47 21 icke
411 1200 28 28 pä
458 1200 75 21 landet
547 1200 66 21 hafva
628 1208 27 13 en
671 1200 67 21 sädan
753 1200 99 22 efterfrä-

99 1242 52 20 gan,
167 1237 31 18 att
214 1234 78 22 handel
308 1234 87 22 dermed
410 1235 7 20 i
429 1235 95 28 längden
537 1234 42 21 kan
591 1234 68 22 blifva
670 1234 127 29 förmänlig,
809 1234 43 23 och

98 1272 31 18 ett
145 1269 77 21 sädant
236 1268 190 22 missförhällande
439 1269 63 21 torde
515 1269 84 29 reglera
611 1269 34 27 sig
657 1268 59 28 sjelf,
731 1268 57 22 blott
798 1269 54 21 han-

97 1302 51 22 deln
163 1303 33 21 fär
211 1304 47 20 fritt
273 1303 101 21 utveckla
389 1304 35 28 sig
439 1304 55 20 efter
509 1304 76 28 hvarje
600 1303 110 21 landsorts
727 1310 67 14 vanor
808 1304 42 21 och

97 1337 73 21 behof.
200 1338 78 22 Såsom
294 1337 96 28 exempel
406 1338 28 27 pä
449 1337 169 21 landthandelns
634 1340 61 26 nytta
710 1337 39 22 vill
761 1338 39 28 jag
812 1345 39 14 an-

97 1371 48 21 föra
163 1374 41 24 att,
224 1372 68 28 enligt
311 1372 57 20 hvad
385 1372 38 28 jag
438 1372 40 20 har
492 1372 45 28 mig
553 1371 90 27 bekant,
662 1378 26 14 en
703 1370 123 23 handlande
842 1372 8 22 i

96 1412 27 14 en
139 1406 91 27 socken,
246 1406 38 21 der
298 1406 68 21 under
382 1409 86 18 senaste
482 1406 131 21 missvextär
625 1405 94 22 skörden
731 1405 33 22 till
776 1413 26 13 en
814 1406 36 22 del

97 1440 67 29 slagit
178 1440 50 28 felt,
247 1440 112 29 uppköpte
378 1440 102 22 öfverallt
499 1440 39 22 der
557 1440 78 22 sädant
652 1440 73 22 kunde
744 1439 104 31 erhällas,
