1039 1773
798 151 39 21 167

115 214 42 21 ken
173 214 89 21 sålnnda
275 213 69 22 skulle
357 213 69 21 blifva
442 212 89 22 ordnad.
556 212 174 22 Vidkommande
743 213 65 22 sedan
824 214 42 21 den

115 248 165 28 näringsfrihet,
301 247 88 21 hvarom
406 255 27 13 nu
450 248 24 19 är
489 246 72 29 fråga,
577 246 62 22 torde
655 246 36 22 det
707 247 95 27 område,
818 255 48 13 som

116 282 124 20 densamma
262 281 108 26 omfattar,
393 280 119 28 lämpligen
535 280 73 21 kunna
627 280 82 22 indelas
725 281 6 20 i
748 284 32 18 tre
799 282 68 21 afdel-

115 316 84 28 ningar.
236 316 48 20 Den
306 315 71 21 första
399 314 140 28 afdelningen
559 314 119 22 innehåller
697 315 169 28 bestämningar,

117 349 100 27 syftande
234 352 30 18 att
280 349 112 27 upphäfva
407 348 42 21 den
465 348 120 27 åtskilnad,
607 356 46 14 som
668 349 7 21 i
691 349 100 21 afseende
807 349 12 21 å
834 352 34 18 ut-

117 383 93 21 öfvande
226 384 23 20 af
262 382 223 28 näringsrättigheten
501 390 28 13 nu
546 390 51 20 eger
612 390 47 14 rum
674 382 90 22 emellan
784 383 83 21 städer-

116 424 27 14 ne
159 418 40 20 och
216 416 158 29 landsbygden.
404 416 48 22 Den
469 416 68 21 andra
552 416 138 29 afdelningen
705 417 38 28 går
759 420 23 18 ut
794 417 29 29 på
835 420 32 18 att

118 451 100 29 borttaga
236 451 26 22 de
280 450 72 22 vilkor.
371 450 41 21 och
436 450 118 28 förbehåll,
577 450 75 22 hvilka
675 452 34 20 för
731 451 135 22 närvarande

117 485 99 21 försvåra
235 485 91 21 idkande
342 485 24 20 af
382 485 103 28 näringar
504 485 59 20 inom
587 485 106 21 städerne.
730 485 49 22 Den
799 485 67 28 tredje

117 519 138 28 afdelningen
270 519 45 21 åter
330 519 58 20 afser
403 521 31 18 att
450 518 93 21 afskaffa
559 518 26 21 de
600 519 198 28 reglementerande
810 519 57 21 före-

117 553 96 27 skrifter,
228 553 37 22 vid
280 553 75 21 hvilka
370 552 128 29 isynnerhet
517 552 147 21 handtverken
685 553 7 20 i
712 553 100 21 städerne
830 560 36 13 en-

118 588 40 27 ligt
174 587 100 29 gällande
293 586 147 29 skråordning
454 587 38 20 äro
508 586 95 21 bundna.
640 587 141 21 Beträffande
797 587 70 21 första

118 622 138 28 afdelningen
271 621 53 22 eller
339 621 236 28 näringsrättighetens
590 621 155 21 utsträckande
757 621 63 21 äfven
833 621 33 21 till

118 655 160 29 landsbygden,
298 655 23 22 så
336 655 39 20 har
390 655 60 20 detta
464 655 7 20 i
487 655 78 28 sjelfva
581 655 75 21 verket
675 655 65 21 redan
757 655 58 21 skett
830 663 37 21 ge-

118 697 50 14 nom
182 690 27 21 de
225 690 79 28 begge,
323 689 59 21 förut
401 689 122 28 åberopade
542 689 180 29 förordningarne
743 689 23 21 af
781 690 42 21 den
841 690 25 20 12

118 724 41 21 och
177 724 41 21 den
235 724 25 20 19
279 723 113 22 december
410 723 60 21 1859.
510 723 34 21 De
567 723 189 29 inskränkningar,
779 731 46 14 som
845 724 25 21 af

118 758 66 27 några
199 757 67 21 talare
282 757 7 21 i
304 757 71 21 denna
391 757 34 20 del
441 757 120 27 förordats,
576 757 62 22 torde
653 758 126 28 lämpligast
793 758 74 21 kunna

117 791 87 22 komma
218 791 69 22 under
299 791 139 27 diskussion,
454 791 27 21 då
497 792 21 20 vi
534 791 67 21 hinna
615 792 33 21 till
664 792 67 21 slutet
745 793 25 20 af
782 792 85 21 utskot-

118 829 42 18 tets
179 825 145 27 betänkande,
348 825 71 21 såvidt
437 825 37 21 det
493 826 66 28 angår
578 826 54 21 sista
651 826 85 28 stycket
751 826 7 21 i
773 826 41 22 den
831 827 37 20 nå-

117 860 51 28 diga
182 860 178 28 propositionen,
381 859 27 21 då
423 859 37 21 det
475 860 64 21 äfven
555 859 42 22 blir
612 860 85 22 tillfälle
713 863 32 19 att
759 862 59 27 yttra
832 860 34 28 sig

117 894 92 22 rörande
228 894 70 28 öfriga
318 893 70 21 vilkor
404 894 41 20 och
461 893 168 29 bestämningar,
649 902 46 14 som
713 894 74 22 kunna
802 902 64 14 anses

117 928 81 29 nödiga
217 929 34 21 för
271 930 31 19 att
318 928 79 20 bereda
412 935 26 13 en
454 928 121 28 öfvergång
593 928 34 22 till
643 936 26 14 en
684 936 59 14 mera
762 928 105 28 obegrän-

118 962 39 21 sad
172 962 156 29 näringsfrihet
342 963 27 19 än
385 961 52 29 den,
457 969 47 15 som
520 962 7 21 i
543 962 41 21 den
603 962 79 28 nådiga
700 962 166 29 propositionen

117 996 64 22 afses.
212 996 44 29 Jag
271 996 129 21 inskränker
415 997 45 27 mig
476 1004 29 14 nu
520 996 34 21 till
569 999 32 18 att
617 996 67 21 uttala
700 996 43 21 min
759 996 57 28 äsigt
831 1004 36 13 an-

117 1030 84 28 gående
216 1038 63 14 mom.
296 1038 18 13 a.
337 1030 117 22 Utskottet
468 1030 40 22 har
523 1030 7 21 i
546 1038 75 14 senare
637 1030 62 22 delen
715 1031 24 20 af
752 1030 59 21 detta
823 1039 45 12 mo-

117 1067 59 18 ment
194 1064 114 28 föreslagit
324 1072 26 13 en
365 1064 85 28 ganska
464 1064 71 29 vigtig
554 1064 138 29 förändring,
708 1064 7 21 i
726 1064 42 21 det
783 1064 84 22 utskot-

117 1102 32 17 tet
171 1099 99 21 uteslutit
291 1098 48 22 icke
362 1098 93 22 allenast
474 1098 27 21 de
519 1099 7 21 i
545 1098 41 22 den
603 1099 79 28 nädiga
699 1099 168 27 propositionen

117 1132 177 23 förekommande
310 1132 78 22 orden:
403 1134 71 20 ”emot
489 1132 91 29 lämplig
591 1133 76 27 skatt?,
683 1136 51 18 utan
748 1133 64 22 äfven
825 1133 42 21 den

118 1167 53 21 sista
186 1166 114 28 perioden,
320 1166 104 28 lydande:
444 1168 63 19 ”utan
526 1167 105 21 särskildt
650 1167 102 21 afseende
767 1167 12 20 ä
793 1166 75 22 lands-

117 1204 75 18 ortens
207 1200 86 22 afständ
309 1201 47 21 från
374 1200 66 22 stad.”
476 1200 54 22 Med
546 1201 64 21 dessa
629 1201 159 28 uteslutningar
803 1208 65 14 anser

115 1235 38 28 jag
164 1234 42 22 den
219 1235 79 28 nädiga
313 1235 174 28 propositionen,
503 1234 52 22 eller
570 1236 80 20 rättare
665 1234 71 29 sagdt,
747 1234 119 22 utskottets

118 1269 135 22 betänkande
274 1268 134 22 beträffande
428 1276 64 14 mom.
507 1277 22 18 a,
549 1269 54 21 böra
621 1269 24 21 af
660 1268 87 22 ständet
769 1268 99 29 godkän-

116 1310 46 14 nas.
200 1303 152 21 Betänkandet
371 1304 6 20 i
396 1302 71 22 denna
491 1303 35 21 del
547 1303 90 22 innebär
659 1303 108 28 nemligen
790 1302 78 22 endast

117 1340 32 18 ett
163 1337 138 21 erkännande
317 1338 24 20 af
354 1337 40 21 den
406 1337 127 28 grundsats,
547 1340 32 18 att
591 1337 74 28 hvarje
678 1337 120 28 välfrejdad
810 1336 57 22 finsk

117 1370 142 29 medborgare
279 1379 51 13 vore
351 1371 122 28 berättigad
492 1374 31 18 att
538 1370 100 22 nedsätta
653 1372 35 28 sig
703 1371 55 21 hvar
772 1371 42 20 han
831 1371 36 20 be-

117 1404 93 28 hagade,
229 1406 33 20 för
277 1408 32 18 att
324 1405 71 21 drifva
410 1405 38 21 det
466 1405 53 28 yrke
538 1405 81 21 honom
643 1405 125 28 lämpligast
790 1412 76 20 synes,

116 1438 84 22 hvilket
214 1439 56 21 dock
286 1439 48 21 icke
350 1439 32 21 fär
398 1439 38 21 ske
452 1438 135 22 annorlunda
603 1440 38 26 än,
661 1439 72 21 säsom
749 1438 118 22 betänkan-
