1039 1773
224 161 40 21 194

195 224 106 28 vakning,
313 222 115 22 utlösande
441 222 23 21 af
473 222 92 29 tullpass
577 222 81 22 inrikes
670 222 92 22 hamnar
773 223 89 21 emellan
871 231 27 13 m.
907 224 42 24 ni.

194 258 115 21 hvaremot
324 259 39 27 jag
377 258 8 20 i
400 257 96 28 enlighet
514 257 87 21 härmed
620 256 71 22 skulle
709 264 54 14 anse
780 257 37 21 det
834 265 53 13 vara'
902 258 44 20 för-

194 292 69 29 enligt
281 292 49 21 med
348 293 44 20 rätt
410 291 41 22 och
471 291 156 29 billighet,
594 286 40 39 att
645 290 213 30 landtmannafartyg
872 292 74 20 ikläda

195 326 34 29 sig
244 334 82 14 samma
342 325 150 29 skyldigheter
508 333 47 14 som
570 325 113 22 städernas
699 326 74 27 fartyg
787 326 37 21 äro
840 325 105 21 underka-

196 360 71 26 stade;
284 368 47 13 som
346 359 34 21 till
394 359 97 29 exempel
506 362 31 18 att
552 359 59 21 förse
626 359 63 22 deras
705 359 29 29 på
749 359 96 22 utlandet
860 360 85 28 seglan-

195 394 27 22 de
236 392 74 30 fartyg
329 395 49 19 med
396 393 149 22 examiherade
565 391 107 30 skeppare
687 401 28 13 m.
731 401 41 19 m.,
789 394 52 21 eller
856 394 41 21 ock
912 397 32 18 att

196 428 112 21 städernes
328 428 73 28 färtyg
416 428 80 20 befrias
511 428 48 20 från
574 427 65 22 dessa
654 427 155 29 förpligtelser.
847 426 98 23 Sålunda

196 462 70 22 skulle
280 462 85 21 landets
382 462 42 21 alla
439 463 72 27 fartyg
525 462 87 21 komma
626 463 32 20 att
672 462 67 21 hafva
753 461 45 22 lika
808 463 136 28 rättigheter,

196 497 151 28 skyldigheter
362 496 42 21 och
420 496 180 21 kontributioner.

263 530 59 22 Herr
337 529 27 23 C.
376 530 23 22 J.
415 529 149 30 Grönberg:
579 530 12 21 I
605 530 120 22 utskottets
737 530 135 21 betänkande
888 531 57 21 före-

197 565 43 23 slås
256 568 32 18 att
302 564 215 29 landtmannafartyg
532 564 62 21 skola
606 565 119 21 inskrifvas
741 565 7 20 i
763 565 107 22 närmaste
883 565 61 22 stads

197 599 137 29 sjömanshus
353 598 42 22 och
414 598 103 21 redarene
537 599 34 20 för
589 598 65 22 dessa
668 599 75 28 fartyg
757 599 88 28 erlägga
859 599 85 28 utskyl-

197 633 38 22 der
249 633 35 21 till
299 633 76 22 staden
391 633 54 21 efter
460 640 81 14 samma
555 633 235 29 beskattningsgrund,
806 641 47 13 som
868 633 75 22 redare

198 668 23 21 af
234 667 87 23 stadens
340 674 56 21 egna
414 667 79 28 fartyg.
528 667 35 21 En
581 667 132 28 föregående
733 667 66 21 talare
818 667 39 22 har
872 667 73 21 anfört

198 704 40 25 att,
254 701 72 22 såsom
341 701 64 21 äfven
418 701 38 28 jag
468 700 68 22 under
546 701 163 28 förmiddagens
722 701 84 21 session
820 701 49 22 sökt
880 701 64 22 fram-

198 736 66 27 hålla,
284 735 158 28 skeppsredare
457 735 6 20 i
479 735 78 28 många
576 735 73 21 städer
664 735 47 20 icke
732 732 109 24 beskattas
861 735 83 21 direkte

196 770 36 21 för
247 770 48 22 sina
309 770 83 27 fartyg,
408 772 51 18 utan
475 769 54 21 efter
544 776 70 14 annan
629 768 78 29 grund.
731 769 67 21 Detta
810 765 134 25 förhållande

198 811 64 21 synes
279 803 120 22 emellertid
411 803 64 24 hafya
487 803 56 20 varit
554 803 106 21 utskottet
672 803 105 26 obekant,
790 802 27 22 då
828 803 118 21 betänkan-

198 838 36 21 det
248 838 48 21 icke
316 838 124 20 omnämner
459 837 72 28 någon
550 844 70 13 annan
641 837 72 28 grund
728 837 36 21 för
778 837 167 28 beskattningen

198 873 27 20 än
240 872 78 28 sjelfva
332 872 96 27 fartyget
442 871 53 21 eller
510 870 114 22 lästetalet.
658 871 66 21 Emot
739 871 207 29 landtmannafarty-

198 913 53 21 gens
269 906 132 28 inskrifning
416 905 6 21 i
439 905 136 29 sjömanshus
591 906 7 20 i
614 905 48 21 stad
681 905 40 21 har
737 906 39 28 jag
791 906 54 20 intet
860 909 32 18 att
907 914 37 13 an-

197 940 85 26 märka;
300 940 90 20 säframt
408 939 77 21 sädant
500 939 33 21 för
549 940 111 27 fartygens
680 940 77 20 redare
776 940 53 21 skall
845 940 100 21 medföra

198 974 126 28 skyldighet
338 976 32 18 att
384 973 55 21 efter
454 978 80 16 samma
549 974 71 27 grund
635 981 47 13 som
699 973 157 29 skeppsredare
868 974 7 20 i
888 974 55 28 stad;

198 1008 74 21 hvilka
286 1008 38 21 der
342 1016 41 19 ega
401 1008 106 28 burskap;
529 1008 86 28 deltaga
634 1008 7 20 i
661 1007 26 21 de
703 1007 137 22 kommunala
860 1008 84 28 utskyl-

197 1042 65 22 derne
278 1042 34 21 till
331 1042 87 26 staden,
437 1049 48 13 men
500 1042 7 20 i
522 1044 66 18 annat
606 1041 38 21 fall
660 1049 64 13 anser
737 1043 37 27 jag
789 1049 27 14 en
831 1042 66 21 sädan
912 1043 33 20 in-

198 1076 108 28 skrifning
320 1077 7 19 i
344 1076 137 28 sjömanshus
495 1076 34 21 till
541 1076 54 20 intet
607 1083 71 21 gagna
687 1072 44 25 och
744 1077 18 27 ej
775 1076 52 21 böra
838 1084 41 20 ega
890 1084 54 14 rum.

265 1110 59 22 Herr
338 1110 110 21 Hilden:
471 1110 76 22 Säsom
564 1111 38 27 jag
617 1110 67 21 redan
699 1110 69 21 under
782 1110 162 29 förmiddagens

198 1145 85 22 session
297 1147 79 26 yttrat,
396 1144 63 28 gillar
472 1145 37 27 jag
524 1144 7 21 i
546 1143 123 22 hufvudsak
689 1144 41 21 den
747 1144 79 28 nädiga
843 1145 102 27 proposi-

197 1180 74 20 tionen
288 1178 41 22 och
349 1178 117 22 utskottets
485 1178 135 20 betänkande
639 1178 135 21 beträffande
792 1178 152 30 utsträckning

197 1214 25 20 af
241 1213 129 29 seglations=
393 1212 40 21 och
456 1212 189 28 näringsfriheten.
682 1211 12 21 I
713 1212 42 21 den
773 1212 35 21 del
826 1213 24 20 af
867 1212 65 22 saken

196 1248 90 21 hvarom
302 1252 28 16 nu
349 1248 24 20 är
392 1246 70 29 fråga,
484 1246 71 28 hyllar
568 1246 37 28 jag
624 1251 27 16 en
672 1246 24 21 sä
715 1246 34 21 till
764 1246 50 21 vida
829 1246 115 22 afvikande

197 1282 97 28 mening,
315 1284 31 18 att
362 1282 39 27 jag
419 1285 62 17 änser
499 1280 76 28 frågan
591 1284 35 17 om
645 1279 252 30 landtmannafartygens
913 1281 32 21 in-

198 1315 108 29 skrifning'
324 1316 6 20 i
349 1316 109 20 närmaste
477 1314 60 21 stads
557 1313 138 29 sjömatishus
715 1314 42 21 och
771 1314 63 22 deras
849 1314 97 22 beskatt-

196 1350 53 28 ning
264 1350 34 20 till
314 1348 99 22 städerne
429 1346 53 24 böra
495 1346 93 23 förfalla:
624 1344 45 25 För
684 1351 33 18 att
731 1349 97 21 närmare
844 1348 102 22 utveckla

197 1384 75 21 skälen
287 1383 35 21 för
339 1383 59 21 mina
416 1382 88 28 äsigter;
526 1378 39 26 ber
581 1383 38 28 jag
638 1385 32 18 att
688 1382 23 21 få
725 1382 96 28 andraga
838 1382 107 28 följande:

196 1418 76 29 Enligt
286 1425 63 14 mom.
366 1424 11 14 €
392 1417 8 21 i
415 1416 42 22 den
471 1413 81 32 nådiga
565 1416 168 28 propositionen
745 1416 41 21 och
798 1416 148 21 ekonomieut-

198 1452 94 23 skottets
308 1450 135 24 betänkande
461 1450 71 22 skulle
551 1450 183 29 stapelstäderne;
753 1450 72 22 såsom
842 1450 103 30 vederlag
