1039 1773
220 157 42 21 506

260 218 48 22 Vill
322 218 86 22 ståndet
423 221 78 26 antaga
516 218 158 29 inbjudningen
691 219 7 21 i
711 220 233 28 jemkningsförslaget

191 253 41 22 och
248 252 45 22 låta
308 253 40 22 sitt
362 253 60 21 förra
437 253 71 21 beslut
522 254 32 20 uti
570 260 28 14 nu
615 254 165 28 ifrågavarande
795 254 35 21 del
842 256 24 20 af
875 255 67 21 saken

191 287 101 23 förfalla?

278 316 4 4 :
538 322 54 21 eller

258 357 76 21 Anser
349 356 89 22 ständet
453 357 33 28 sig
501 356 49 22 icke
566 356 53 22 böra
634 356 79 29 frängä
727 357 91 22 nämnde
834 357 85 22 beslut?

258 391 36 21 De
317 398 47 14 som
386 391 71 21 önska
478 393 79 26 antaga
575 390 167 30 inbjudningen,
759 398 65 15 svara
839 391 101 28 jakande,

190 425 42 22 och
254 424 28 22 de
304 432 48 14 som
372 424 52 29 vilja
442 426 59 20 rösta
519 425 35 21 för
572 424 37 22 det
624 432 77 14 senare
717 425 143 27 alternativet,
876 434 64 13 svara

189 459 107 23 nekande.

257 493 139 22 Besvarades
414 494 55 21 efter
487 493 94 23 anställd
596 494 103 28 votering
714 494 48 21 med
779 494 25 20 12
818 495 22 27 ja
855 494 40 22 och
914 495 25 20 13

188 529 47 28 nej;
256 528 8 21 i
282 527 55 29 följd
356 527 79 22 hvaraf
451 528 157 28 inbjudningen
624 527 85 22 säledes
724 528 83 29 afslogs
823 529 42 21 och
881 529 58 22 stän-

188 563 38 21 det
241 561 83 23 vidhöll
340 562 39 21 sitt
393 562 59 21 förra
466 562 71 21 beslut
552 562 7 21 i
574 563 79 20 ämnet.

257 599 130 25 Utskottets
403 602 210 29 jemkningsförslag
632 602 134 22 beträffande
781 602 41 21 den
838 602 35 21 del
888 603 21 20 af
924 603 13 28 &

188 637 21 27 6,
232 645 48 14 som
302 635 91 22 handlar
411 643 35 14 om
464 636 72 29 köpe-,
557 636 62 27 salu-,
635 637 77 28 gäfvo-
728 637 41 21 och
784 636 114 29 bytesbref
909 637 29 27 pä

188 671 44 22 fast
247 670 114 29 egendom,
377 670 39 29 gaf
429 670 117 29 anledning
561 671 33 20 till
611 671 95 28 följande
722 671 136 21 diskussion:

255 704 59 22 Herr
330 704 132 23 Sundman
477 705 54 21 utlät
546 705 45 28 sig:
621 705 44 21 För
681 705 44 22 min
741 705 34 22 del
790 705 91 22 föreslär
890 706 46 27 jag,

187 742 33 19 att
238 738 94 27 ständet,
350 739 36 20 för
403 741 32 18 att
454 739 3 20 i
472 739 72 28 nägon
559 739 49 21 män
621 739 74 28 jemka
710 739 34 28 sig
759 739 54 22 efter
828 739 26 21 de
870 739 66 21 andra

188 773 104 22 ständens
304 773 89 28 äsigter,
404 772 71 22 skulle
490 773 76 28 frängä
582 773 38 21 sitt
636 773 71 21 beslut
723 781 34 13 om
772 773 164 28 ifrägavarande

186 807 165 29 afhandlingars
374 807 129 21 karterande
524 807 69 29 enligt
611 807 42 22 den
673 807 80 29 nädiga
770 807 166 28 propositionen

187 845 57 20 samt
265 845 79 25 antaga
362 841 42 22 den
422 841 24 21 af
459 841 107 22 utskottet
580 842 7 20 i
603 842 77 21 sådant
695 841 101 22 afseende
812 841 124 28 uppgjorda

186 875 68 27 tariff;
272 883 49 14 men
337 875 133 22 beträffande
486 876 76 28 frågan
578 883 35 14 om
629 876 78 22 orden:
725 876 63 21 ”eller
804 875 130 27 exekutivt”,

185 910 77 22 hvilka
284 910 86 22 ståndet
392 913 72 19 ansett
486 910 52 22 böra
556 911 114 27 uteslutas,
689 910 70 22 skulle
772 911 38 27 jag
824 910 111 28 tillstyrka

186 948 32 18 att
239 945 73 28 någon
335 944 93 28 ändring
450 945 24 20 af
494 944 95 22 beslutet
610 945 7 20 i
639 945 72 21 denna
729 945 35 21 del
782 945 48 21 icke
846 944 88 22 skedde.

185 980 51 21 Den
254 979 133 22 föreskrifna
405 978 140 30 karteringen
559 979 38 21 vid
611 979 44 21 fast
671 979 119 29 egendoms
805 978 129 29 försäljning

184 1014 30 28 på
235 1013 103 22 exekutiv
360 1012 91 22 auktion
469 1013 97 22 minskar
585 1013 155 29 behållningen
755 1014 25 21 af
791 1013 142 27 köpeskillin-

184 1056 43 21 gen
242 1048 42 21 och
299 1048 41 28 gör
355 1047 127 29 derigenom
496 1048 87 28 intrång
599 1048 6 20 i
620 1047 217 29 fordringsegarenes
852 1048 49 20 rätt.

253 1082 59 22 Herr
327 1082 148 22 Wesander
489 1082 103 22 förenade
608 1082 34 28 sig
653 1082 35 20 till
701 1082 42 20 alla
755 1082 59 21 delar
824 1082 49 20 med
885 1081 48 22 herr

184 1116 121 22 Sundman.

251 1151 64 22 Efter
333 1150 76 22 derom
428 1150 24 22 af
464 1151 50 21 herr
529 1150 151 22 talmannen
696 1150 122 22 framställd
833 1150 99 28 proposi-

182 1186 54 26 tion,
252 1184 123 22 förklarade
391 1184 87 22 ståndet
493 1185 34 28 sig
542 1184 106 29 enhälligt
663 1184 59 28 vilja,
737 1184 49 21 med
802 1184 130 28 frängäende

182 1220 25 20 af
223 1219 39 22 sitt
280 1220 59 20 förra
357 1219 79 27 beslut,
454 1219 76 21 förena
548 1219 35 29 sig
601 1218 82 28 derom,
699 1221 31 19 att
745 1218 151 28 afhandlingar
911 1219 25 21 af

182 1253 166 29 ifrågavarande
367 1252 151 22 beskaffenhet
536 1252 71 22 skulle
625 1252 98 22 karteras
741 1252 55 22 efter
811 1252 41 22 den
868 1252 64 28 tarift,

182 1295 48 15 som
246 1288 24 20 af
282 1287 27 21 de
324 1287 68 22 andra
408 1287 92 22 stånden
516 1287 72 21 blifvit
603 1290 101 26 antagen.

250 1327 84 22 Vidare
352 1327 147 21 framställdes
519 1327 25 21 af
555 1326 52 23 herr
622 1326 149 22 talmannen
788 1327 143 28 proposition,

180 1362 109 22 huruvida
312 1361 87 22 ståndet
417 1361 58 27 ville,
494 1361 69 29 enligt
581 1361 120 22 utskottets
716 1361 215 28 jemkningsförslag,

181 1396 77 28 frångå
277 1396 39 21 sitt
330 1396 59 20 förra
404 1395 72 22 beslut
491 1395 81 27 derom,
588 1398 32 18 att
635 1394 78 22 orden:
728 1396 65 20 ”eller
808 1395 122 21 exekutivt”

180 1431 70 21 skulle
270 1431 47 20 från
333 1432 74 19 texten
423 1430 32 22 uti
470 1430 165 28 ifrågavarande
651 1430 120 28 stadgande
785 1430 7 20 i
807 1430 123 22 författnin-

178 1472 43 21 gen
237 1464 112 22 uteslutas.
