1039 1773
804 147 14 21 7

93 210 125 30 egentligen
230 211 57 27 deri,
302 213 32 19 att
348 218 51 14 man
414 213 73 19 ansett
501 210 38 23 det
554 218 52 15 vara
620 210 36 22 för
670 210 177 22 domaremakten

93 246 153 27 nedsättande,
266 248 32 18 att
315 245 227 29 häradshöfdingarne
561 245 29 29 på
609 245 72 29 grund
699 245 25 21 af
735 245 43 21 den
792 246 55 26 rätt,

94 288 49 14 som
157 280 27 21 de
198 280 66 28 egde,
280 282 32 18 att
326 282 81 26 antaga
422 279 155 28 nämndemän,
589 280 82 28 jemväl
686 282 83 19 ansetts
785 279 61 23 befo-

94 314 66 29 gade,
182 317 41 24 att,
246 314 28 28 på
296 315 44 20 sätt
362 321 48 14 som
429 314 13 20 å
461 314 60 22 vissa
543 316 60 19 orter
622 314 67 21 också
708 314 69 26 skett,
796 314 50 22 med

93 348 145 22 nämndemän
252 348 66 22 aftala
334 348 42 21 och
392 348 190 21 öfverenskomma
597 355 36 14 om
647 348 105 28 beloppet
763 348 24 21 af
796 348 49 21 des-

93 390 37 14 ses
153 382 103 30 aflöning.
292 382 50 22 Den
364 382 82 28 nådiga
471 383 168 27 propositionen
662 382 39 22 har
724 382 52 22 sökt
797 382 48 22 lösa

93 416 72 22 denna
179 417 62 28 fråga
256 416 101 28 sålunda,
373 419 31 18 att
420 416 132 29 rättigheten
567 419 32 18 att
611 419 78 25 antaga
700 416 144 22 nämndemän

93 450 42 22 och
150 450 49 22 med
214 450 49 22 dem
278 450 191 22 öfverenskomma
481 459 36 13 om
529 450 140 29 aflöningens
681 450 80 30 belopp
773 450 71 23 skulle

92 485 112 28 fråntagas
226 485 236 29 häradshöfdingarne,
487 493 50 13 men
559 485 63 21 desse
645 485 98 22 deremot
763 493 81 21 genom

92 519 38 28 lag
144 519 146 22 tillförsäkras
309 519 42 22 den
366 519 64 21 andel
446 519 23 22 af
482 519 203 29 tingsgästningen,
701 527 48 14 som
764 519 27 22 de
806 527 38 21 ge-

92 561 52 14 nom
163 553 184 22 ackords-aftalen
362 553 50 22 med
427 553 108 22 nämnden
551 553 102 29 vanligen
672 553 99 29 åtnjutit,
790 553 54 22 eller

92 588 38 21 två
151 587 129 29 tredjedelar
302 588 67 21 deraf.
406 587 51 29 Mig
479 595 65 21 synes
566 587 65 22 häraf
651 587 53 29 följa
725 590 32 19 att
777 589 67 20 sättet

91 623 36 20 för
145 623 154 21 nämndemäns
318 622 123 29 antagande
460 621 42 22 och
520 622 77 29 frågan
613 630 36 13 om
664 622 62 21 deras
742 621 100 29 aflöning

92 656 35 22 stå
144 656 34 21 till
197 656 122 23 hvarandra
337 657 7 20 i
365 655 135 22 omedelbart
522 656 163 29 sammanhang.
701 668 27 4 —
743 656 44 28 Jag
802 656 39 21 vill

90 690 118 29 ingalunda
229 691 109 28 uppträda
359 690 35 21 till
416 690 87 22 försvar
523 691 35 21 för
577 690 36 22 det
631 690 146 28 förhållande,
793 697 48 14 som

90 725 79 21 hittills
192 727 37 26 egt
250 733 48 12 rum
321 724 135 22 beträffande
479 724 156 22 nämndemäns
658 725 107 28 aflöning,
787 724 54 22 eller

90 761 33 19 att
142 759 41 21 den
200 759 72 22 berott
289 759 29 28 på
336 759 53 21 aftal
404 758 92 22 emellan
511 759 50 21 dem
576 759 42 21 och
632 759 208 28 häradshöfdingen.

89 792 56 23 Men
159 793 89 21 emedan
264 793 36 21 det
318 793 122 21 emellertid
458 794 24 20 är
501 793 102 27 faktiskt,
627 796 32 19 att
673 793 167 22 häradshöfdin-

88 835 78 21 garne,
181 827 34 21 till
230 827 55 28 följd
300 828 24 21 af
337 827 34 22 sin
386 828 44 20 rätt
446 830 31 18 att
491 830 80 26 antaga
582 827 142 21 nämndemän
737 827 41 21 och
789 827 50 21 med

89 861 49 22 dem
154 861 188 21 öfverenskomma
358 869 35 14 om
409 861 103 29 beloppet
527 861 24 21 af
563 861 64 22 deras
643 861 106 28 aflöning,
760 860 8 21 i
779 861 59 28 sjelf-

88 903 29 14 va
131 896 75 21 verket
221 896 27 28 på
264 896 26 21 de
305 895 63 22 flesta
380 898 58 19 orter
450 896 87 28 åtnjutit
549 896 37 21 två
596 894 130 30 tredjedelar
737 895 24 21 af
769 896 69 28 tings-

87 930 143 28 gästningen;
245 932 25 26 ty
284 930 42 21 och
342 930 27 21 då
384 930 42 21 den
441 930 35 21 del
492 930 24 21 af
528 930 153 28 lagförslaget,
697 937 47 14 som
758 929 80 21 tillför-

87 964 91 22 säkrade
194 964 224 28 häradshöfdingarne
434 963 71 22 denna
519 964 64 21 andel
598 964 25 21 af
634 964 204 28 tingsgästningen,

87 998 49 22 icke
155 998 78 22 vunnit
252 998 128 22 ständernes
400 998 71 27 bifall,
487 1006 64 14 anser
563 999 38 28 jag
617 998 29 21 all
661 998 129 28 förändring
804 998 33 21 uti

88 1033 67 21 sättet
169 1033 35 21 för
222 1032 155 22 nämndemäns
400 1032 123 29 antagande
545 1032 43 22 och
607 1032 85 22 således
708 1032 128 28 förslaget
825 1028 15 38 i

86 1066 51 22 dess
153 1066 73 22 helhet
240 1066 54 22 böra
309 1066 93 22 förfalla.

155 1100 58 22 Herr
230 1100 143 23 Sundman:
395 1101 45 21 Det
462 1100 25 22 af
505 1100 51 22 herr
573 1095 119 34 Öhrnberg
711 1100 124 28 åberopade

85 1134 121 29 stadgande
221 1135 6 21 i
244 1135 54 21 1786
318 1135 34 21 års
372 1134 176 30 riksdagsbeslut
565 1142 64 15 anser
644 1136 38 27 jag
701 1134 54 22 böra
770 1134 64 28 tydas

85 1169 103 27 sålunda,
204 1172 31 18 att
249 1169 28 21 då
292 1170 38 20 två
344 1169 65 21 stånd
424 1168 45 22 helt
481 1170 40 21 och
533 1169 68 21 hållet
611 1169 107 22 förkastat
729 1176 28 14 en
767 1168 67 29 nådig

84 1204 140 28 proposition
246 1203 41 21 och
309 1203 37 22 två
368 1203 64 21 stånd
455 1204 84 28 antagit
561 1204 126 22 densamma
709 1203 49 21 med
780 1202 54 22 eller

84 1241 52 17 utan
155 1238 138 28 förändring,
317 1238 67 21 saken
403 1238 27 22 då
449 1238 40 21 bör
507 1238 94 21 förfalla.
637 1238 55 22 Men
711 1238 60 20 detta
789 1237 44 21 för-

83 1271 100 21 hållande
198 1271 99 22 inträffar
312 1272 18 28 ej
347 1280 39 18 nu,
402 1272 89 21 emedan
506 1272 167 28 propositionen
689 1273 19 27 ej
725 1271 73 21 blifvit
810 1272 24 20 af

83 1306 68 28 något
169 1306 56 21 enda
243 1306 64 21 stånd
325 1306 123 27 förkastad,
470 1310 51 18 utan
542 1306 100 29 samtlige
658 1305 91 23 stånden
765 1306 67 21 insett

82 1343 78 25 nyttan
179 1340 41 21 och
240 1340 102 21 behofvet
361 1340 24 21 af
398 1348 26 13 en
440 1340 130 29 författning
584 1340 8 21 i
607 1340 36 22 det
658 1341 57 27 syfte
730 1340 102 28 proposi-

81 1374 75 21 tionen
171 1374 120 21 innehåller
306 1374 41 21 och
362 1374 78 22 endast
456 1374 134 22 beträffande
606 1374 104 28 beloppet
725 1374 24 21 af
757 1375 73 20 nämn-

81 1408 133 21 demännens
230 1408 96 29 aflöning
340 1408 48 21 icke
404 1408 83 22 kunnat
502 1408 86 22 komma
599 1408 34 22 till
644 1409 67 28 något
722 1408 109 22 bestämdt

80 1445 135 26 gemensamt
238 1442 78 22 beslut.
331 1455 29 4 —
374 1442 46 23 För
441 1446 31 18 att
495 1443 150 22 åstadkomma
667 1443 70 27 detta,
759 1442 71 23 skulle
