<?xml version="1.0" encoding="UTF-8"?>
<alto xmlns="http://www.loc.gov/standards/alto/ns-v3#" xmlns:xlink="http://www.w3.org/1999/xlink" xmlns:xsi="http://www.w3.org/2001/XMLSchema-instance" xsi:schemaLocation="http://www.loc.gov/standards/alto/ns-v3# http://www.loc.gov/alto/v3/alto-3-0.xsd">
	<Description>
		<MeasurementUnit>pixel</MeasurementUnit>
		<sourceImageInformation>
			<fileName>/tmp/tess_b97p0ebt_input.PNG</fileName>
		</sourceImageInformation>
		<OCRProcessing ID="OCR_0">
			<ocrProcessingStep>
				<processingSoftware>
					<softwareName>tesseract 5.3.4</softwareName>
				</processingSoftware>
			</ocrProcessingStep>
		</OCRProcessing>
	</Description>
	<Layout>
		<Page WIDTH="1039" HEIGHT="1773" PHYSICAL_IMG_NR="0" ID="page_0">
			<PrintSpace HPOS="0" VPOS="0" WIDTH="1039" HEIGHT="1773">
				<ComposedBlock ID="cblock_0" HPOS="783" VPOS="146" WIDTH="40" HEIGHT="22">
					<TextBlock ID="block_0" HPOS="783" VPOS="146" WIDTH="40" HEIGHT="22">
						<TextLine ID="line_0" HPOS="783" VPOS="146" WIDTH="40" HEIGHT="22">
							<String ID="string_0" HPOS="783" VPOS="146" WIDTH="40" HEIGHT="22" WC="0.96" CONTENT="369"/>
						</TextLine>
					</TextBlock>
				</ComposedBlock>
				<ComposedBlock ID="cblock_1" HPOS="101" VPOS="208" WIDTH="752" HEIGHT="1264">
					<TextBlock ID="block_1" HPOS="101" VPOS="208" WIDTH="752" HEIGHT="329">
						<TextLine ID="line_1" HPOS="102" VPOS="208" WIDTH="751" HEIGHT="30">
							<String ID="string_1" HPOS="102" VPOS="208" WIDTH="118" HEIGHT="22" WC="0.95" CONTENT="tänkandet"/><SP WIDTH="22" VPOS="208" HPOS="220"/>
							<String ID="string_2" HPOS="242" VPOS="208" WIDTH="73" HEIGHT="22" WC="0.95" CONTENT="blifvit"/><SP WIDTH="19" VPOS="208" HPOS="315"/>
							<String ID="string_3" HPOS="334" VPOS="209" WIDTH="124" HEIGHT="29" WC="0.87" CONTENT="föreslaget,"/><SP WIDTH="20" VPOS="209" HPOS="458"/>
							<String ID="string_4" HPOS="478" VPOS="208" WIDTH="40" HEIGHT="22" WC="0.93" CONTENT="och"/><SP WIDTH="20" VPOS="208" HPOS="518"/>
							<String ID="string_5" HPOS="538" VPOS="208" WIDTH="92" HEIGHT="22" WC="0.91" CONTENT="nämnde"/><SP WIDTH="15" VPOS="208" HPOS="630"/>
							<String ID="string_6" HPOS="645" VPOS="216" WIDTH="79" HEIGHT="15" WC="0.95" CONTENT="ansvar"/><SP WIDTH="15" VPOS="216" HPOS="724"/>
							<String ID="string_7" HPOS="739" VPOS="217" WIDTH="62" HEIGHT="14" WC="0.96" CONTENT="anser"/><SP WIDTH="12" VPOS="217" HPOS="801"/>
							<String ID="string_8" HPOS="813" VPOS="210" WIDTH="40" HEIGHT="28" WC="0.96" CONTENT="jag"/>
						</TextLine>
						<TextLine ID="line_2" HPOS="101" VPOS="242" WIDTH="752" HEIGHT="30">
							<String ID="string_9" HPOS="101" VPOS="242" WIDTH="54" HEIGHT="22" WC="0.91" CONTENT="böra"/><SP WIDTH="15" VPOS="242" HPOS="155"/>
							<String ID="string_10" HPOS="170" VPOS="250" WIDTH="42" HEIGHT="21" WC="0.91" CONTENT="ega"/><SP WIDTH="14" VPOS="250" HPOS="212"/>
							<String ID="string_11" HPOS="226" VPOS="250" WIDTH="46" HEIGHT="14" WC="0.93" CONTENT="rum"/><SP WIDTH="16" VPOS="250" HPOS="272"/>
							<String ID="string_12" HPOS="288" VPOS="243" WIDTH="136" HEIGHT="21" WC="0.92" CONTENT="uteslutande"/><SP WIDTH="15" VPOS="243" HPOS="424"/>
							<String ID="string_13" HPOS="439" VPOS="243" WIDTH="47" HEIGHT="21" WC="0.93" CONTENT="med"/><SP WIDTH="17" VPOS="243" HPOS="486"/>
							<String ID="string_14" HPOS="503" VPOS="244" WIDTH="101" HEIGHT="21" WC="0.91" CONTENT="afseende"/><SP WIDTH="12" VPOS="244" HPOS="604"/>
							<String ID="string_15" HPOS="616" VPOS="244" WIDTH="13" HEIGHT="20" WC="0.89" CONTENT="ä"/><SP WIDTH="10" VPOS="244" HPOS="629"/>
							<String ID="string_16" HPOS="639" VPOS="244" WIDTH="106" HEIGHT="27" WC="0.91" CONTENT="gvinnans"/><SP WIDTH="12" VPOS="244" HPOS="745"/>
							<String ID="string_17" HPOS="757" VPOS="244" WIDTH="96" HEIGHT="28" WC="0.91" CONTENT="ungdom"/>
						</TextLine>
						<TextLine ID="line_3" HPOS="103" VPOS="276" WIDTH="749" HEIGHT="30">
							<String ID="string_18" HPOS="103" VPOS="276" WIDTH="41" HEIGHT="21" WC="0.96" CONTENT="och"/><SP WIDTH="16" VPOS="276" HPOS="144"/>
							<String ID="string_19" HPOS="160" VPOS="279" WIDTH="50" HEIGHT="19" WC="0.96" CONTENT="utan"/><SP WIDTH="16" VPOS="279" HPOS="210"/>
							<String ID="string_20" HPOS="226" VPOS="280" WIDTH="32" HEIGHT="18" WC="0.95" CONTENT="att"/><SP WIDTH="14" VPOS="280" HPOS="258"/>
							<String ID="string_21" HPOS="272" VPOS="277" WIDTH="41" HEIGHT="21" WC="0.93" CONTENT="den"/><SP WIDTH="17" VPOS="277" HPOS="313"/>
							<String ID="string_22" HPOS="330" VPOS="277" WIDTH="167" HEIGHT="29" WC="0.91" CONTENT="omständighet,"/><SP WIDTH="16" VPOS="277" HPOS="497"/>
							<String ID="string_23" HPOS="513" VPOS="281" WIDTH="32" HEIGHT="17" WC="0.93" CONTENT="att"/><SP WIDTH="14" VPOS="281" HPOS="545"/>
							<String ID="string_24" HPOS="559" VPOS="278" WIDTH="95" HEIGHT="27" WC="0.93" CONTENT="gvinnan"/><SP WIDTH="17" VPOS="278" HPOS="654"/>
							<String ID="string_25" HPOS="671" VPOS="278" WIDTH="58" HEIGHT="21" WC="0.92" CONTENT="förut"/><SP WIDTH="11" VPOS="278" HPOS="729"/>
							<String ID="string_26" HPOS="740" VPOS="279" WIDTH="55" HEIGHT="20" WC="0.93" CONTENT="varit"/><SP WIDTH="10" VPOS="279" HPOS="795"/>
							<String ID="string_27" HPOS="805" VPOS="278" WIDTH="47" HEIGHT="28" WC="0.92" CONTENT="läg-"/>
						</TextLine>
						<TextLine ID="line_4" HPOS="102" VPOS="310" WIDTH="750" HEIGHT="29">
							<String ID="string_28" HPOS="102" VPOS="310" WIDTH="45" HEIGHT="27" WC="0.95" CONTENT="rad,"/><SP WIDTH="23" VPOS="310" HPOS="147"/>
							<String ID="string_29" HPOS="170" VPOS="310" WIDTH="37" HEIGHT="22" WC="0.93" CONTENT="vid"/><SP WIDTH="22" VPOS="310" HPOS="207"/>
							<String ID="string_30" HPOS="229" VPOS="311" WIDTH="93" HEIGHT="21" WC="0.92" CONTENT="straffets"/><SP WIDTH="24" VPOS="311" HPOS="322"/>
							<String ID="string_31" HPOS="346" VPOS="311" WIDTH="160" HEIGHT="21" WC="0.92" CONTENT="bestämmande"/><SP WIDTH="20" VPOS="311" HPOS="506"/>
							<String ID="string_32" HPOS="526" VPOS="312" WIDTH="39" HEIGHT="20" WC="0.96" CONTENT="bör"/><SP WIDTH="19" VPOS="312" HPOS="565"/>
							<String ID="string_33" HPOS="584" VPOS="312" WIDTH="87" HEIGHT="20" WC="0.93" CONTENT="komma"/><SP WIDTH="18" VPOS="312" HPOS="671"/>
							<String ID="string_34" HPOS="689" VPOS="312" WIDTH="163" HEIGHT="27" WC="0.91" CONTENT="lägersmannen"/>
						</TextLine>
						<TextLine ID="line_5" HPOS="101" VPOS="344" WIDTH="751" HEIGHT="30">
							<String ID="string_35" HPOS="101" VPOS="344" WIDTH="34" HEIGHT="21" WC="0.93" CONTENT="till"/><SP WIDTH="20" VPOS="344" HPOS="135"/>
							<String ID="string_36" HPOS="155" VPOS="344" WIDTH="63" HEIGHT="28" WC="0.89" CONTENT="godo."/><SP WIDTH="34" VPOS="344" HPOS="218"/>
							<String ID="string_37" HPOS="252" VPOS="345" WIDTH="44" HEIGHT="21" WC="0.96" CONTENT="Det"/><SP WIDTH="18" VPOS="345" HPOS="296"/>
							<String ID="string_38" HPOS="314" VPOS="345" WIDTH="70" HEIGHT="21" WC="0.96" CONTENT="skulle"/><SP WIDTH="15" VPOS="345" HPOS="384"/>
							<String ID="string_39" HPOS="399" VPOS="345" WIDTH="109" HEIGHT="21" WC="0.96" CONTENT="dessutom"/><SP WIDTH="16" VPOS="345" HPOS="508"/>
							<String ID="string_40" HPOS="524" VPOS="346" WIDTH="6" HEIGHT="20" WC="0.96" CONTENT="i"/><SP WIDTH="16" VPOS="346" HPOS="530"/>
							<String ID="string_41" HPOS="546" VPOS="345" WIDTH="27" HEIGHT="21" WC="0.96" CONTENT="de"/><SP WIDTH="15" VPOS="345" HPOS="573"/>
							<String ID="string_42" HPOS="588" VPOS="345" WIDTH="61" HEIGHT="21" WC="0.96" CONTENT="flesta"/><SP WIDTH="16" VPOS="345" HPOS="649"/>
							<String ID="string_43" HPOS="665" VPOS="346" WIDTH="37" HEIGHT="20" WC="0.93" CONTENT="fall"/><SP WIDTH="17" VPOS="346" HPOS="702"/>
							<String ID="string_44" HPOS="719" VPOS="346" WIDTH="66" HEIGHT="20" WC="0.93" CONTENT="blifva"/><SP WIDTH="15" VPOS="346" HPOS="785"/>
							<String ID="string_45" HPOS="800" VPOS="353" WIDTH="52" HEIGHT="21" WC="0.92" CONTENT="gan-"/>
						</TextLine>
						<TextLine ID="line_6" HPOS="103" VPOS="378" WIDTH="749" HEIGHT="30">
							<String ID="string_46" HPOS="103" VPOS="378" WIDTH="40" HEIGHT="22" WC="0.93" CONTENT="ska"/><SP WIDTH="15" VPOS="378" HPOS="143"/>
							<String ID="string_47" HPOS="158" VPOS="378" WIDTH="59" HEIGHT="22" WC="0.96" CONTENT="svårt"/><SP WIDTH="15" VPOS="378" HPOS="217"/>
							<String ID="string_48" HPOS="232" VPOS="381" WIDTH="30" HEIGHT="19" WC="0.97" CONTENT="att"/><SP WIDTH="16" VPOS="381" HPOS="262"/>
							<String ID="string_49" HPOS="278" VPOS="378" WIDTH="81" HEIGHT="28" WC="0.96" CONTENT="utreda,"/><SP WIDTH="16" VPOS="378" HPOS="359"/>
							<String ID="string_50" HPOS="375" VPOS="386" WIDTH="35" HEIGHT="14" WC="0.93" CONTENT="om"/><SP WIDTH="16" VPOS="386" HPOS="410"/>
							<String ID="string_51" HPOS="426" VPOS="379" WIDTH="93" HEIGHT="27" WC="0.92" CONTENT="gvinnan"/><SP WIDTH="13" VPOS="379" HPOS="519"/>
							<String ID="string_52" HPOS="532" VPOS="380" WIDTH="59" HEIGHT="20" WC="0.96" CONTENT="förut"/><SP WIDTH="11" VPOS="380" HPOS="591"/>
							<String ID="string_53" HPOS="602" VPOS="379" WIDTH="55" HEIGHT="21" WC="0.93" CONTENT="varit"/><SP WIDTH="12" VPOS="379" HPOS="657"/>
							<String ID="string_54" HPOS="669" VPOS="379" WIDTH="81" HEIGHT="29" WC="0.92" CONTENT="lägrad,"/><SP WIDTH="13" VPOS="379" HPOS="750"/>
							<String ID="string_55" HPOS="763" VPOS="379" WIDTH="89" HEIGHT="21" WC="0.96" CONTENT="såframt"/>
						</TextLine>
						<TextLine ID="line_7" HPOS="102" VPOS="412" WIDTH="749" HEIGHT="29">
							<String ID="string_56" HPOS="102" VPOS="412" WIDTH="43" HEIGHT="22" WC="0.93" CONTENT="hon"/><SP WIDTH="19" VPOS="412" HPOS="145"/>
							<String ID="string_57" HPOS="164" VPOS="414" WIDTH="18" HEIGHT="27" WC="0.91" CONTENT="ej"/><SP WIDTH="20" VPOS="414" HPOS="182"/>
							<String ID="string_58" HPOS="202" VPOS="412" WIDTH="74" HEIGHT="22" WC="0.92" CONTENT="derför"/><SP WIDTH="20" VPOS="412" HPOS="276"/>
							<String ID="string_59" HPOS="296" VPOS="413" WIDTH="71" HEIGHT="21" WC="0.92" CONTENT="blifvit"/><SP WIDTH="20" VPOS="413" HPOS="367"/>
							<String ID="string_60" HPOS="387" VPOS="413" WIDTH="53" HEIGHT="21" WC="0.93" CONTENT="fälld"/><SP WIDTH="22" VPOS="413" HPOS="440"/>
							<String ID="string_61" HPOS="462" VPOS="414" WIDTH="32" HEIGHT="20" WC="0.93" CONTENT="till"/><SP WIDTH="20" VPOS="414" HPOS="494"/>
							<String ID="string_62" HPOS="514" VPOS="420" WIDTH="77" HEIGHT="14" WC="0.92" CONTENT="ansvar"/><SP WIDTH="16" VPOS="420" HPOS="591"/>
							<String ID="string_63" HPOS="607" VPOS="413" WIDTH="52" HEIGHT="21" WC="0.93" CONTENT="eller"/><SP WIDTH="15" VPOS="413" HPOS="659"/>
							<String ID="string_64" HPOS="674" VPOS="414" WIDTH="47" HEIGHT="20" WC="0.93" CONTENT="födt"/><SP WIDTH="15" VPOS="414" HPOS="721"/>
							<String ID="string_65" HPOS="736" VPOS="414" WIDTH="58" HEIGHT="26" WC="0.95" CONTENT="barn,"/><SP WIDTH="17" VPOS="414" HPOS="794"/>
							<String ID="string_66" HPOS="811" VPOS="414" WIDTH="40" HEIGHT="20" WC="0.96" CONTENT="och"/>
						</TextLine>
						<TextLine ID="line_8" HPOS="102" VPOS="447" WIDTH="750" HEIGHT="29">
							<String ID="string_67" HPOS="102" VPOS="447" WIDTH="148" HEIGHT="28" WC="0.91" CONTENT="tvifvelaktigt"/><SP WIDTH="16" VPOS="447" HPOS="250"/>
							<String ID="string_68" HPOS="266" VPOS="448" WIDTH="69" HEIGHT="21" WC="0.93" CONTENT="blefve"/><SP WIDTH="15" VPOS="448" HPOS="335"/>
							<String ID="string_69" HPOS="350" VPOS="448" WIDTH="37" HEIGHT="21" WC="0.93" CONTENT="det"/><SP WIDTH="15" VPOS="448" HPOS="387"/>
							<String ID="string_70" HPOS="402" VPOS="447" WIDTH="65" HEIGHT="22" WC="0.95" CONTENT="också"/><SP WIDTH="16" VPOS="447" HPOS="467"/>
							<String ID="string_71" HPOS="483" VPOS="450" WIDTH="32" HEIGHT="19" WC="0.93" CONTENT="att"/><SP WIDTH="15" VPOS="450" HPOS="515"/>
							<String ID="string_72" HPOS="530" VPOS="448" WIDTH="82" HEIGHT="28" WC="0.92" CONTENT="afgöra,"/><SP WIDTH="13" VPOS="448" HPOS="612"/>
							<String ID="string_73" HPOS="625" VPOS="447" WIDTH="146" HEIGHT="28" WC="0.92" CONTENT="hvilkendera,"/><SP WIDTH="11" VPOS="447" HPOS="771"/>
							<String ID="string_74" HPOS="782" VPOS="448" WIDTH="70" HEIGHT="21" WC="0.86" CONTENT="antin-"/>
						</TextLine>
						<TextLine ID="line_9" HPOS="103" VPOS="482" WIDTH="748" HEIGHT="47">
							<String ID="string_75" HPOS="103" VPOS="489" WIDTH="42" HEIGHT="21" WC="0.93" CONTENT="gen"/><SP WIDTH="23" VPOS="489" HPOS="145"/>
							<String ID="string_76" HPOS="168" VPOS="482" WIDTH="161" HEIGHT="28" WC="0.92" CONTENT="lägersmannen"/><SP WIDTH="23" VPOS="482" HPOS="329"/>
							<String ID="string_77" HPOS="352" VPOS="482" WIDTH="53" HEIGHT="21" WC="0.93" CONTENT="eller"/><SP WIDTH="19" VPOS="482" HPOS="405"/>
							<String ID="string_78" HPOS="424" VPOS="482" WIDTH="102" HEIGHT="27" WC="0.91" CONTENT="gvinnan,"/><SP WIDTH="20" VPOS="482" HPOS="526"/>
							<String ID="string_79" HPOS="546" VPOS="482" WIDTH="276" HEIGHT="47" WC="0.83" CONTENT="bevisningsskyldigheten"/><SP WIDTH="22" VPOS="482" HPOS="822"/>
							<String ID="string_80" HPOS="844" VPOS="482" WIDTH="7" HEIGHT="21" WC="0.96" CONTENT="i"/>
						</TextLine>
						<TextLine ID="line_10" HPOS="102" VPOS="515" WIDTH="394" HEIGHT="22">
							<String ID="string_81" HPOS="102" VPOS="515" WIDTH="60" HEIGHT="22" WC="0.87" CONTENT="detta"/><SP WIDTH="16" VPOS="515" HPOS="162"/>
							<String ID="string_82" HPOS="178" VPOS="501" WIDTH="101" HEIGHT="36" WC="0.95" CONTENT="afseende"/><SP WIDTH="16" VPOS="501" HPOS="279"/>
							<String ID="string_83" HPOS="295" VPOS="517" WIDTH="66" HEIGHT="20" WC="0.93" CONTENT="borde"/><SP WIDTH="17" VPOS="517" HPOS="361"/>
							<String ID="string_84" HPOS="378" VPOS="516" WIDTH="118" HEIGHT="21" WC="0.84" CONTENT="ähvälfvas."/>
						</TextLine>
					</TextBlock>
					<TextBlock ID="block_2" HPOS="102" VPOS="554" WIDTH="751" HEIGHT="440">
						<TextLine ID="line_11" HPOS="171" VPOS="554" WIDTH="681" HEIGHT="31">
							<String ID="string_85" HPOS="171" VPOS="555" WIDTH="58" HEIGHT="22" WC="0.93" CONTENT="Herr"/><SP WIDTH="16" VPOS="555" HPOS="229"/>
							<String ID="string_86" HPOS="245" VPOS="554" WIDTH="59" HEIGHT="24" WC="0.85" CONTENT="C.F."/><SP WIDTH="10" VPOS="554" HPOS="304"/>
							<String ID="string_87" HPOS="314" VPOS="555" WIDTH="151" HEIGHT="29" WC="0.93" CONTENT="Grönberg:"/><SP WIDTH="29" VPOS="555" HPOS="465"/>
							<String ID="string_88" HPOS="494" VPOS="554" WIDTH="168" HEIGHT="31" WC="0.80" CONTENT="Ifrägavarande"/><SP WIDTH="16" VPOS="554" HPOS="662"/>
							<String ID="string_89" HPOS="678" VPOS="555" WIDTH="119" HEIGHT="29" WC="0.95" CONTENT="stadgande"/><SP WIDTH="16" VPOS="555" HPOS="797"/>
							<String ID="string_90" HPOS="813" VPOS="555" WIDTH="39" HEIGHT="22" WC="0.96" CONTENT="har"/>
						</TextLine>
						<TextLine ID="line_12" HPOS="102" VPOS="590" WIDTH="750" HEIGHT="29">
							<String ID="string_91" HPOS="102" VPOS="590" WIDTH="34" HEIGHT="21" WC="0.95" CONTENT="till"/><SP WIDTH="23" VPOS="590" HPOS="136"/>
							<String ID="string_92" HPOS="159" VPOS="591" WIDTH="57" HEIGHT="28" WC="0.96" CONTENT="syfte"/><SP WIDTH="19" VPOS="591" HPOS="216"/>
							<String ID="string_93" HPOS="235" VPOS="593" WIDTH="31" HEIGHT="18" WC="0.96" CONTENT="att"/><SP WIDTH="19" VPOS="593" HPOS="266"/>
							<String ID="string_94" HPOS="285" VPOS="590" WIDTH="84" HEIGHT="29" WC="0.96" CONTENT="skydda"/><SP WIDTH="15" VPOS="590" HPOS="369"/>
							<String ID="string_95" HPOS="384" VPOS="597" WIDTH="26" HEIGHT="14" WC="0.96" CONTENT="en"/><SP WIDTH="17" VPOS="597" HPOS="410"/>
							<String ID="string_96" HPOS="427" VPOS="598" WIDTH="42" HEIGHT="20" WC="0.96" CONTENT="ung"/><SP WIDTH="16" VPOS="598" HPOS="469"/>
							<String ID="string_97" HPOS="485" VPOS="591" WIDTH="40" HEIGHT="20" WC="0.93" CONTENT="och"/><SP WIDTH="17" VPOS="591" HPOS="525"/>
							<String ID="string_98" HPOS="542" VPOS="591" WIDTH="96" HEIGHT="20" WC="0.92" CONTENT="oerfaren"/><SP WIDTH="16" VPOS="591" HPOS="638"/>
							<String ID="string_99" HPOS="654" VPOS="590" WIDTH="79" HEIGHT="28" WC="0.92" CONTENT="gvinna"/><SP WIDTH="16" VPOS="590" HPOS="733"/>
							<String ID="string_100" HPOS="749" VPOS="593" WIDTH="44" HEIGHT="18" WC="0.93" CONTENT="mot"/><SP WIDTH="15" VPOS="593" HPOS="793"/>
							<String ID="string_101" HPOS="808" VPOS="590" WIDTH="44" HEIGHT="21" WC="0.92" CONTENT="för-"/>
						</TextLine>
						<TextLine ID="line_13" HPOS="103" VPOS="622" WIDTH="749" HEIGHT="31">
							<String ID="string_102" HPOS="103" VPOS="624" WIDTH="101" HEIGHT="27" WC="0.92" CONTENT="förelsen,"/><SP WIDTH="22" VPOS="624" HPOS="204"/>
							<String ID="string_103" HPOS="226" VPOS="624" WIDTH="41" HEIGHT="21" WC="0.96" CONTENT="och"/><SP WIDTH="19" VPOS="624" HPOS="267"/>
							<String ID="string_104" HPOS="286" VPOS="625" WIDTH="38" HEIGHT="28" WC="0.93" CONTENT="jag"/><SP WIDTH="22" VPOS="625" HPOS="324"/>
							<String ID="string_105" HPOS="346" VPOS="628" WIDTH="51" HEIGHT="23" WC="0.90" CONTENT="tror,"/><SP WIDTH="23" VPOS="628" HPOS="397"/>
							<String ID="string_106" HPOS="420" VPOS="628" WIDTH="31" HEIGHT="17" WC="0.96" CONTENT="att"/><SP WIDTH="17" VPOS="628" HPOS="451"/>
							<String ID="string_107" HPOS="468" VPOS="624" WIDTH="28" HEIGHT="21" WC="0.96" CONTENT="dä"/><SP WIDTH="19" VPOS="624" HPOS="496"/>
							<String ID="string_108" HPOS="515" VPOS="632" WIDTH="25" HEIGHT="13" WC="0.93" CONTENT="en"/><SP WIDTH="20" VPOS="632" HPOS="540"/>
							<String ID="string_109" HPOS="560" VPOS="625" WIDTH="58" HEIGHT="20" WC="0.93" CONTENT="förut"/><SP WIDTH="18" VPOS="625" HPOS="618"/>
							<String ID="string_110" HPOS="636" VPOS="625" WIDTH="62" HEIGHT="21" WC="0.92" CONTENT="ärbar"/><SP WIDTH="17" VPOS="625" HPOS="698"/>
							<String ID="string_111" HPOS="715" VPOS="625" WIDTH="79" HEIGHT="27" WC="0.89" CONTENT="gviuna"/><SP WIDTH="16" VPOS="625" HPOS="794"/>
							<String ID="string_112" HPOS="810" VPOS="622" WIDTH="42" HEIGHT="24" WC="0.96" CONTENT="blir"/>
						</TextLine>
						<TextLine ID="line_14" HPOS="102" VPOS="658" WIDTH="749" HEIGHT="29">
							<String ID="string_113" HPOS="102" VPOS="659" WIDTH="77" HEIGHT="28" WC="0.90" CONTENT="lägrad"/><SP WIDTH="23" VPOS="659" HPOS="179"/>
							<String ID="string_114" HPOS="202" VPOS="659" WIDTH="36" HEIGHT="20" WC="0.96" CONTENT="vid"/><SP WIDTH="23" VPOS="659" HPOS="238"/>
							<String ID="string_115" HPOS="261" VPOS="660" WIDTH="55" HEIGHT="20" WC="0.59" CONTENT="ännu"/><SP WIDTH="24" VPOS="660" HPOS="316"/>
							<String ID="string_116" HPOS="340" VPOS="659" WIDTH="47" HEIGHT="20" WC="0.96" CONTENT="icke"/><SP WIDTH="19" VPOS="659" HPOS="387"/>
							<String ID="string_117" HPOS="406" VPOS="659" WIDTH="103" HEIGHT="28" WC="0.96" CONTENT="uppnådd"/><SP WIDTH="19" VPOS="659" HPOS="509"/>
							<String ID="string_118" HPOS="528" VPOS="659" WIDTH="59" HEIGHT="21" WC="0.96" CONTENT="ålder"/><SP WIDTH="20" VPOS="659" HPOS="587"/>
							<String ID="string_119" HPOS="607" VPOS="659" WIDTH="24" HEIGHT="21" WC="0.93" CONTENT="af"/><SP WIDTH="16" VPOS="659" HPOS="631"/>
							<String ID="string_120" HPOS="647" VPOS="660" WIDTH="80" HEIGHT="27" WC="0.90" CONTENT="sjutton"/><SP WIDTH="16" VPOS="660" HPOS="727"/>
							<String ID="string_121" HPOS="743" VPOS="659" WIDTH="30" HEIGHT="26" WC="0.96" CONTENT="är,"/><SP WIDTH="16" VPOS="659" HPOS="773"/>
							<String ID="string_122" HPOS="789" VPOS="658" WIDTH="23" HEIGHT="21" WC="0.96" CONTENT="sä"/><SP WIDTH="16" VPOS="658" HPOS="812"/>
							<String ID="string_123" HPOS="828" VPOS="660" WIDTH="23" HEIGHT="19" WC="0.96" CONTENT="är"/>
						</TextLine>
						<TextLine ID="line_15" HPOS="103" VPOS="692" WIDTH="748" HEIGHT="29">
							<String ID="string_124" HPOS="103" VPOS="693" WIDTH="44" HEIGHT="26" WC="0.92" CONTENT="det,"/><SP WIDTH="22" VPOS="693" HPOS="147"/>
							<String ID="string_125" HPOS="169" VPOS="693" WIDTH="101" HEIGHT="28" WC="0.92" CONTENT="möjligen"/><SP WIDTH="20" VPOS="693" HPOS="270"/>
							<String ID="string_126" HPOS="290" VPOS="693" WIDTH="27" HEIGHT="27" WC="0.93" CONTENT="pä"/><SP WIDTH="20" VPOS="693" HPOS="317"/>
							<String ID="string_127" HPOS="337" VPOS="692" WIDTH="21" HEIGHT="21" WC="0.93" CONTENT="fä"/><SP WIDTH="19" VPOS="692" HPOS="358"/>
							<String ID="string_128" HPOS="377" VPOS="692" WIDTH="109" HEIGHT="29" WC="0.92" CONTENT="undantag"/><SP WIDTH="16" VPOS="692" HPOS="486"/>
							<String ID="string_129" HPOS="502" VPOS="693" WIDTH="45" HEIGHT="26" WC="0.96" CONTENT="när,"/><SP WIDTH="16" VPOS="693" HPOS="547"/>
							<String ID="string_130" HPOS="563" VPOS="693" WIDTH="61" HEIGHT="20" WC="0.93" CONTENT="alltid"/><SP WIDTH="16" VPOS="693" HPOS="624"/>
							<String ID="string_131" HPOS="640" VPOS="700" WIDTH="97" HEIGHT="19" WC="0.92" CONTENT="mannen,"/><SP WIDTH="16" VPOS="700" HPOS="737"/>
							<String ID="string_132" HPOS="753" VPOS="699" WIDTH="45" HEIGHT="14" WC="0.93" CONTENT="som"/><SP WIDTH="16" VPOS="699" HPOS="798"/>
							<String ID="string_133" HPOS="814" VPOS="700" WIDTH="37" HEIGHT="21" WC="0.92" CONTENT="ge-"/>
						</TextLine>
						<TextLine ID="line_16" HPOS="103" VPOS="727" WIDTH="748" HEIGHT="28">
							<String ID="string_134" HPOS="103" VPOS="734" WIDTH="51" HEIGHT="13" WC="0.93" CONTENT="nom"/><SP WIDTH="18" VPOS="734" HPOS="154"/>
							<String ID="string_135" HPOS="172" VPOS="727" WIDTH="144" HEIGHT="28" WC="0.92" CONTENT="hvarjehanda"/><SP WIDTH="19" VPOS="727" HPOS="316"/>
							<String ID="string_136" HPOS="335" VPOS="727" WIDTH="105" HEIGHT="21" WC="0.92" CONTENT="lockelser"/><SP WIDTH="19" VPOS="727" HPOS="440"/>
							<String ID="string_137" HPOS="459" VPOS="727" WIDTH="40" HEIGHT="20" WC="0.93" CONTENT="och"/><SP WIDTH="17" VPOS="727" HPOS="499"/>
							<String ID="string_138" HPOS="516" VPOS="727" WIDTH="68" HEIGHT="21" WC="0.92" CONTENT="försät"/><SP WIDTH="15" VPOS="727" HPOS="584"/>
							<String ID="string_139" HPOS="599" VPOS="727" WIDTH="68" HEIGHT="21" WC="0.92" CONTENT="inledt"/><SP WIDTH="15" VPOS="727" HPOS="667"/>
							<String ID="string_140" HPOS="682" VPOS="727" WIDTH="68" HEIGHT="20" WC="0.92" CONTENT="henne"/><SP WIDTH="16" VPOS="727" HPOS="750"/>
							<String ID="string_141" HPOS="766" VPOS="727" WIDTH="26" HEIGHT="27" WC="0.93" CONTENT="pä"/><SP WIDTH="16" VPOS="727" HPOS="792"/>
							<String ID="string_142" HPOS="808" VPOS="727" WIDTH="43" HEIGHT="20" WC="0.92" CONTENT="för-"/>
						</TextLine>
						<TextLine ID="line_17" HPOS="103" VPOS="760" WIDTH="749" HEIGHT="29">
							<String ID="string_143" HPOS="103" VPOS="760" WIDTH="95" HEIGHT="22" WC="0.89" CONTENT="derfvets"/><SP WIDTH="16" VPOS="760" HPOS="198"/>
							<String ID="string_144" HPOS="214" VPOS="761" WIDTH="49" HEIGHT="28" WC="0.96" CONTENT="väg,"/><SP WIDTH="16" VPOS="761" HPOS="263"/>
							<String ID="string_145" HPOS="279" VPOS="761" WIDTH="39" HEIGHT="20" WC="0.96" CONTENT="och"/><SP WIDTH="16" VPOS="761" HPOS="318"/>
							<String ID="string_146" HPOS="334" VPOS="769" WIDTH="26" HEIGHT="13" WC="0.93" CONTENT="en"/><SP WIDTH="17" VPOS="769" HPOS="360"/>
							<String ID="string_147" HPOS="377" VPOS="761" WIDTH="65" HEIGHT="20" WC="0.96" CONTENT="sådan"/><SP WIDTH="16" VPOS="761" HPOS="442"/>
							<String ID="string_148" HPOS="458" VPOS="761" WIDTH="105" HEIGHT="21" WC="0.93" CONTENT="förförare"/><SP WIDTH="17" VPOS="761" HPOS="563"/>
							<String ID="string_149" HPOS="580" VPOS="761" WIDTH="101" HEIGHT="28" WC="0.45" CONTENT="förtjenar"/><SP WIDTH="16" VPOS="761" HPOS="681"/>
							<String ID="string_150" HPOS="697" VPOS="761" WIDTH="34" HEIGHT="21" WC="0.97" CONTENT="väl"/><SP WIDTH="16" VPOS="761" HPOS="731"/>
							<String ID="string_151" HPOS="747" VPOS="764" WIDTH="31" HEIGHT="18" WC="0.93" CONTENT="att"/><SP WIDTH="10" VPOS="764" HPOS="778"/>
							<String ID="string_152" HPOS="788" VPOS="761" WIDTH="64" HEIGHT="21" WC="0.91" CONTENT="straf-"/>
						</TextLine>
						<TextLine ID="line_18" HPOS="103" VPOS="795" WIDTH="749" HEIGHT="28">
							<String ID="string_153" HPOS="103" VPOS="795" WIDTH="33" HEIGHT="21" WC="0.93" CONTENT="fas"/><SP WIDTH="20" VPOS="795" HPOS="136"/>
							<String ID="string_154" HPOS="156" VPOS="795" WIDTH="48" HEIGHT="21" WC="0.96" CONTENT="med"/><SP WIDTH="20" VPOS="795" HPOS="204"/>
							<String ID="string_155" HPOS="224" VPOS="795" WIDTH="35" HEIGHT="21" WC="0.96" CONTENT="det"/><SP WIDTH="19" VPOS="795" HPOS="259"/>
							<String ID="string_156" HPOS="278" VPOS="795" WIDTH="6" HEIGHT="21" WC="0.93" CONTENT="i"/><SP WIDTH="20" VPOS="795" HPOS="284"/>
							<String ID="string_157" HPOS="304" VPOS="795" WIDTH="114" HEIGHT="21" WC="0.92" CONTENT="utskottets"/><SP WIDTH="18" VPOS="795" HPOS="418"/>
							<String ID="string_158" HPOS="436" VPOS="795" WIDTH="133" HEIGHT="22" WC="0.92" CONTENT="betänkande"/><SP WIDTH="17" VPOS="795" HPOS="569"/>
							<String ID="string_159" HPOS="586" VPOS="795" WIDTH="122" HEIGHT="28" WC="0.93" CONTENT="föreslagna"/><SP WIDTH="15" VPOS="795" HPOS="708"/>
							<String ID="string_160" HPOS="723" VPOS="795" WIDTH="77" HEIGHT="22" WC="0.92" CONTENT="urbota"/><SP WIDTH="15" VPOS="795" HPOS="800"/>
							<String ID="string_161" HPOS="815" VPOS="803" WIDTH="37" HEIGHT="13" WC="0.90" CONTENT="an-"/>
						</TextLine>
						<TextLine ID="line_19" HPOS="103" VPOS="829" WIDTH="748" HEIGHT="28">
							<String ID="string_162" HPOS="103" VPOS="836" WIDTH="57" HEIGHT="19" WC="0.92" CONTENT="svar,"/><SP WIDTH="22" VPOS="836" HPOS="160"/>
							<String ID="string_163" HPOS="182" VPOS="829" WIDTH="88" HEIGHT="21" WC="0.92" CONTENT="säframt"/><SP WIDTH="22" VPOS="829" HPOS="270"/>
							<String ID="string_164" HPOS="292" VPOS="829" WIDTH="106" HEIGHT="28" WC="0.92" CONTENT="nemligen"/><SP WIDTH="24" VPOS="829" HPOS="398"/>
							<String ID="string_165" HPOS="422" VPOS="829" WIDTH="94" HEIGHT="28" WC="0.90" CONTENT="gvinnan"/><SP WIDTH="20" VPOS="829" HPOS="516"/>
							<String ID="string_166" HPOS="536" VPOS="829" WIDTH="48" HEIGHT="22" WC="0.91" CONTENT="icke"/><SP WIDTH="19" VPOS="829" HPOS="584"/>
							<String ID="string_167" HPOS="603" VPOS="830" WIDTH="58" HEIGHT="20" WC="0.91" CONTENT="förut"/><SP WIDTH="15" VPOS="830" HPOS="661"/>
							<String ID="string_168" HPOS="676" VPOS="829" WIDTH="55" HEIGHT="21" WC="0.93" CONTENT="varit"/><SP WIDTH="14" VPOS="829" HPOS="731"/>
							<String ID="string_169" HPOS="745" VPOS="829" WIDTH="83" HEIGHT="28" WC="0.93" CONTENT="lägrad,"/><SP WIDTH="16" VPOS="829" HPOS="828"/>
							<String ID="string_170" HPOS="844" VPOS="829" WIDTH="7" HEIGHT="21" WC="0.96" CONTENT="i"/>
						</TextLine>
						<TextLine ID="line_20" HPOS="102" VPOS="863" WIDTH="749" HEIGHT="29">
							<String ID="string_171" HPOS="102" VPOS="863" WIDTH="84" HEIGHT="21" WC="0.92" CONTENT="hvilket"/><SP WIDTH="21" VPOS="863" HPOS="186"/>
							<String ID="string_172" HPOS="207" VPOS="863" WIDTH="38" HEIGHT="21" WC="0.97" CONTENT="fall"/><SP WIDTH="16" VPOS="863" HPOS="245"/>
							<String ID="string_173" HPOS="261" VPOS="863" WIDTH="45" HEIGHT="29" WC="0.96" CONTENT="jag,"/><SP WIDTH="19" VPOS="863" HPOS="306"/>
							<String ID="string_174" HPOS="325" VPOS="863" WIDTH="44" HEIGHT="20" WC="0.96" CONTENT="lika"/><SP WIDTH="15" VPOS="863" HPOS="369"/>
							<String ID="string_175" HPOS="384" VPOS="863" WIDTH="48" HEIGHT="21" WC="0.93" CONTENT="med"/><SP WIDTH="16" VPOS="863" HPOS="432"/>
							<String ID="string_176" HPOS="448" VPOS="863" WIDTH="149" HEIGHT="29" WC="0.92" CONTENT="lagutskottet,"/><SP WIDTH="16" VPOS="863" HPOS="597"/>
							<String ID="string_177" HPOS="613" VPOS="871" WIDTH="62" HEIGHT="13" WC="0.96" CONTENT="anser"/><SP WIDTH="15" VPOS="871" HPOS="675"/>
							<String ID="string_178" HPOS="690" VPOS="863" WIDTH="29" HEIGHT="21" WC="0.93" CONTENT="all"/><SP WIDTH="16" VPOS="863" HPOS="719"/>
							<String ID="string_179" HPOS="735" VPOS="863" WIDTH="116" HEIGHT="29" WC="0.92" CONTENT="anledning"/>
						</TextLine>
						<TextLine ID="line_21" HPOS="102" VPOS="896" WIDTH="749" HEIGHT="29">
							<String ID="string_180" HPOS="102" VPOS="900" WIDTH="33" HEIGHT="19" WC="0.93" CONTENT="att"/><SP WIDTH="15" VPOS="900" HPOS="135"/>
							<String ID="string_181" HPOS="150" VPOS="897" WIDTH="96" HEIGHT="28" WC="0.93" CONTENT="tillämpa"/><SP WIDTH="16" VPOS="897" HPOS="246"/>
							<String ID="string_182" HPOS="262" VPOS="898" WIDTH="36" HEIGHT="20" WC="0.93" CONTENT="det"/><SP WIDTH="14" VPOS="898" HPOS="298"/>
							<String ID="string_183" HPOS="312" VPOS="899" WIDTH="111" HEIGHT="26" WC="0.93" CONTENT="strängare"/><SP WIDTH="16" VPOS="899" HPOS="423"/>
							<String ID="string_184" HPOS="439" VPOS="902" WIDTH="99" HEIGHT="17" WC="0.93" CONTENT="ansvaret"/><SP WIDTH="15" VPOS="902" HPOS="538"/>
							<String ID="string_185" HPOS="553" VPOS="898" WIDTH="64" HEIGHT="21" WC="0.92" CONTENT="hafva"/><SP WIDTH="12" VPOS="898" HPOS="617"/>
							<String ID="string_186" HPOS="629" VPOS="897" WIDTH="100" HEIGHT="28" WC="0.93" CONTENT="upphört."/><SP WIDTH="30" VPOS="897" HPOS="729"/>
							<String ID="string_187" HPOS="759" VPOS="896" WIDTH="31" HEIGHT="22" WC="0.91" CONTENT="Pä"/><SP WIDTH="12" VPOS="896" HPOS="790"/>
							<String ID="string_188" HPOS="802" VPOS="897" WIDTH="49" HEIGHT="21" WC="0.91" CONTENT="des-"/>
						</TextLine>
						<TextLine ID="line_22" HPOS="102" VPOS="931" WIDTH="751" HEIGHT="29">
							<String ID="string_189" HPOS="102" VPOS="938" WIDTH="25" HEIGHT="14" WC="0.96" CONTENT="sa"/><SP WIDTH="18" VPOS="938" HPOS="127"/>
							<String ID="string_190" HPOS="145" VPOS="932" WIDTH="47" HEIGHT="20" WC="0.93" CONTENT="skäl"/><SP WIDTH="18" VPOS="932" HPOS="192"/>
							<String ID="string_191" HPOS="210" VPOS="932" WIDTH="68" HEIGHT="20" WC="0.92" CONTENT="finner"/><SP WIDTH="16" VPOS="932" HPOS="278"/>
							<String ID="string_192" HPOS="294" VPOS="932" WIDTH="38" HEIGHT="28" WC="0.95" CONTENT="jag"/><SP WIDTH="16" VPOS="932" HPOS="332"/>
							<String ID="string_193" HPOS="348" VPOS="932" WIDTH="44" HEIGHT="28" WC="0.93" CONTENT="mig"/><SP WIDTH="16" VPOS="932" HPOS="392"/>
							<String ID="string_194" HPOS="408" VPOS="932" WIDTH="117" HEIGHT="21" WC="0.93" CONTENT="föranläten"/><SP WIDTH="18" VPOS="932" HPOS="525"/>
							<String ID="string_195" HPOS="543" VPOS="936" WIDTH="31" HEIGHT="17" WC="0.93" CONTENT="att"/><SP WIDTH="15" VPOS="936" HPOS="574"/>
							<String ID="string_196" HPOS="589" VPOS="932" WIDTH="87" HEIGHT="21" WC="0.92" CONTENT="förorda"/><SP WIDTH="15" VPOS="932" HPOS="676"/>
							<String ID="string_197" HPOS="691" VPOS="931" WIDTH="122" HEIGHT="28" WC="0.96" CONTENT="antagande"/><SP WIDTH="16" VPOS="931" HPOS="813"/>
							<String ID="string_198" HPOS="829" VPOS="932" WIDTH="24" HEIGHT="20" WC="0.96" CONTENT="af"/>
						</TextLine>
						<TextLine ID="line_23" HPOS="102" VPOS="965" WIDTH="725" HEIGHT="29">
							<String ID="string_199" HPOS="102" VPOS="966" WIDTH="116" HEIGHT="21" WC="0.92" CONTENT="utskottets"/><SP WIDTH="16" VPOS="966" HPOS="218"/>
							<String ID="string_200" HPOS="234" VPOS="966" WIDTH="136" HEIGHT="21" WC="0.92" CONTENT="betänkande"/><SP WIDTH="14" VPOS="966" HPOS="370"/>
							<String ID="string_201" HPOS="384" VPOS="966" WIDTH="6" HEIGHT="20" WC="0.96" CONTENT="i"/><SP WIDTH="16" VPOS="966" HPOS="390"/>
							<String ID="string_202" HPOS="406" VPOS="966" WIDTH="70" HEIGHT="21" WC="0.96" CONTENT="denna"/><SP WIDTH="15" VPOS="966" HPOS="476"/>
							<String ID="string_203" HPOS="491" VPOS="966" WIDTH="34" HEIGHT="21" WC="0.96" CONTENT="del"/><SP WIDTH="17" VPOS="966" HPOS="525"/>
							<String ID="string_204" HPOS="542" VPOS="970" WIDTH="50" HEIGHT="17" WC="0.93" CONTENT="utan"/><SP WIDTH="16" VPOS="970" HPOS="592"/>
							<String ID="string_205" HPOS="608" VPOS="966" WIDTH="70" HEIGHT="28" WC="0.92" CONTENT="nägon"/><SP WIDTH="16" VPOS="966" HPOS="678"/>
							<String ID="string_206" HPOS="694" VPOS="965" WIDTH="133" HEIGHT="28" WC="0.91" CONTENT="förändring."/>
						</TextLine>
					</TextBlock>
					<TextBlock ID="block_3" HPOS="101" VPOS="999" WIDTH="750" HEIGHT="371">
						<TextLine ID="line_24" HPOS="171" VPOS="999" WIDTH="680" HEIGHT="30">
							<String ID="string_207" HPOS="171" VPOS="1000" WIDTH="57" HEIGHT="20" WC="0.93" CONTENT="Herr"/><SP WIDTH="16" VPOS="1000" HPOS="228"/>
							<String ID="string_208" HPOS="244" VPOS="999" WIDTH="108" HEIGHT="30" WC="0.94" CONTENT="Hildén:"/><SP WIDTH="37" VPOS="999" HPOS="352"/>
							<String ID="string_209" HPOS="389" VPOS="999" WIDTH="75" HEIGHT="21" WC="0.80" CONTENT="Redan"/><SP WIDTH="21" VPOS="999" HPOS="464"/>
							<String ID="string_210" HPOS="485" VPOS="1000" WIDTH="6" HEIGHT="20" WC="0.93" CONTENT="i"/><SP WIDTH="17" VPOS="1000" HPOS="491"/>
							<String ID="string_211" HPOS="508" VPOS="1000" WIDTH="104" HEIGHT="21" WC="0.96" CONTENT="utskottet"/><SP WIDTH="15" VPOS="1000" HPOS="612"/>
							<String ID="string_212" HPOS="627" VPOS="1000" WIDTH="62" HEIGHT="20" WC="0.96" CONTENT="sökte"/><SP WIDTH="13" VPOS="1000" HPOS="689"/>
							<String ID="string_213" HPOS="702" VPOS="1000" WIDTH="39" HEIGHT="28" WC="0.93" CONTENT="jag"/><SP WIDTH="14" VPOS="1000" HPOS="741"/>
							<String ID="string_214" HPOS="755" VPOS="999" WIDTH="96" HEIGHT="21" WC="0.89" CONTENT="törfäkta"/>
						</TextLine>
						<TextLine ID="line_25" HPOS="102" VPOS="1033" WIDTH="749" HEIGHT="29">
							<String ID="string_215" HPOS="102" VPOS="1033" WIDTH="41" HEIGHT="21" WC="0.96" CONTENT="den"/><SP WIDTH="17" VPOS="1033" HPOS="143"/>
							<String ID="string_216" HPOS="160" VPOS="1034" WIDTH="23" HEIGHT="20" WC="0.93" CONTENT="af"/><SP WIDTH="14" VPOS="1034" HPOS="183"/>
							<String ID="string_217" HPOS="197" VPOS="1034" WIDTH="48" HEIGHT="20" WC="0.96" CONTENT="herr"/><SP WIDTH="15" VPOS="1034" HPOS="245"/>
							<String ID="string_218" HPOS="260" VPOS="1033" WIDTH="129" HEIGHT="29" WC="0.96" CONTENT="Tengström"/><SP WIDTH="16" VPOS="1033" HPOS="389"/>
							<String ID="string_219" HPOS="405" VPOS="1041" WIDTH="27" HEIGHT="13" WC="0.78" CONTENT="nn"/><SP WIDTH="14" VPOS="1041" HPOS="432"/>
							<String ID="string_220" HPOS="446" VPOS="1034" WIDTH="66" HEIGHT="21" WC="0.93" CONTENT="under"/><SP WIDTH="13" VPOS="1034" HPOS="512"/>
							<String ID="string_221" HPOS="525" VPOS="1034" WIDTH="150" HEIGHT="21" WC="0.96" CONTENT="diskussionen"/><SP WIDTH="12" VPOS="1034" HPOS="675"/>
							<String ID="string_222" HPOS="687" VPOS="1033" WIDTH="95" HEIGHT="21" WC="0.93" CONTENT="uttalade"/><SP WIDTH="12" VPOS="1033" HPOS="782"/>
							<String ID="string_223" HPOS="794" VPOS="1034" WIDTH="57" HEIGHT="28" WC="0.93" CONTENT="äsigt"/>
						</TextLine>
						<TextLine ID="line_26" HPOS="102" VPOS="1067" WIDTH="748" HEIGHT="29">
							<String ID="string_224" HPOS="102" VPOS="1075" WIDTH="35" HEIGHT="13" WC="0.91" CONTENT="om"/><SP WIDTH="22" VPOS="1075" HPOS="137"/>
							<String ID="string_225" HPOS="159" VPOS="1068" WIDTH="187" HEIGHT="27" WC="0.84" CONTENT="inkonsegvensen"/><SP WIDTH="24" VPOS="1068" HPOS="346"/>
							<String ID="string_226" HPOS="370" VPOS="1068" WIDTH="68" HEIGHT="26" WC="0.95" CONTENT="deraf,"/><SP WIDTH="22" VPOS="1068" HPOS="438"/>
							<String ID="string_227" HPOS="460" VPOS="1071" WIDTH="32" HEIGHT="18" WC="0.93" CONTENT="att"/><SP WIDTH="19" VPOS="1071" HPOS="492"/>
							<String ID="string_228" HPOS="511" VPOS="1069" WIDTH="110" HEIGHT="27" WC="0.95" CONTENT="strängare"/><SP WIDTH="20" VPOS="1069" HPOS="621"/>
							<String ID="string_229" HPOS="641" VPOS="1075" WIDTH="77" HEIGHT="14" WC="0.96" CONTENT="ansvar"/><SP WIDTH="19" VPOS="1075" HPOS="718"/>
							<String ID="string_230" HPOS="737" VPOS="1067" WIDTH="55" HEIGHT="21" WC="0.93" CONTENT="skall"/><SP WIDTH="18" VPOS="1067" HPOS="792"/>
							<String ID="string_231" HPOS="810" VPOS="1075" WIDTH="40" HEIGHT="20" WC="0.93" CONTENT="ega"/>
						</TextLine>
						<TextLine ID="line_27" HPOS="102" VPOS="1100" WIDTH="748" HEIGHT="30">
							<String ID="string_232" HPOS="102" VPOS="1109" WIDTH="46" HEIGHT="14" WC="0.95" CONTENT="rum"/><SP WIDTH="21" VPOS="1109" HPOS="148"/>
							<String ID="string_233" HPOS="169" VPOS="1103" WIDTH="34" HEIGHT="20" WC="0.96" CONTENT="för"/><SP WIDTH="19" VPOS="1103" HPOS="203"/>
							<String ID="string_234" HPOS="222" VPOS="1102" WIDTH="47" HEIGHT="26" WC="0.94" CONTENT="den,"/><SP WIDTH="19" VPOS="1102" HPOS="269"/>
							<String ID="string_235" HPOS="288" VPOS="1110" WIDTH="44" HEIGHT="12" WC="0.92" CONTENT="som"/><SP WIDTH="18" VPOS="1110" HPOS="332"/>
							<String ID="string_236" HPOS="350" VPOS="1102" WIDTH="76" HEIGHT="21" WC="0.92" CONTENT="häfdar"/><SP WIDTH="16" VPOS="1102" HPOS="426"/>
							<String ID="string_237" HPOS="442" VPOS="1110" WIDTH="25" HEIGHT="13" WC="0.93" CONTENT="en"/><SP WIDTH="16" VPOS="1110" HPOS="467"/>
							<String ID="string_238" HPOS="483" VPOS="1103" WIDTH="80" HEIGHT="27" WC="0.91" CONTENT="gvinna"/><SP WIDTH="16" VPOS="1103" HPOS="563"/>
							<String ID="string_239" HPOS="579" VPOS="1100" WIDTH="62" HEIGHT="23" WC="0.89" CONTENT="äfven"/><SP WIDTH="17" VPOS="1100" HPOS="641"/>
							<String ID="string_240" HPOS="658" VPOS="1102" WIDTH="65" HEIGHT="21" WC="0.96" CONTENT="sedan"/><SP WIDTH="16" VPOS="1102" HPOS="723"/>
							<String ID="string_241" HPOS="739" VPOS="1101" WIDTH="41" HEIGHT="21" WC="0.93" CONTENT="hon"/><SP WIDTH="17" VPOS="1101" HPOS="780"/>
							<String ID="string_242" HPOS="797" VPOS="1109" WIDTH="53" HEIGHT="20" WC="0.89" CONTENT="upp-"/>
						</TextLine>
						<TextLine ID="line_28" HPOS="103" VPOS="1134" WIDTH="747" HEIGHT="31">
							<String ID="string_243" HPOS="103" VPOS="1136" WIDTH="46" HEIGHT="20" WC="0.93" CONTENT="nätt"/><SP WIDTH="17" VPOS="1136" HPOS="149"/>
							<String ID="string_244" HPOS="166" VPOS="1136" WIDTH="40" HEIGHT="21" WC="0.93" CONTENT="den"/><SP WIDTH="17" VPOS="1136" HPOS="206"/>
							<String ID="string_245" HPOS="223" VPOS="1136" WIDTH="65" HEIGHT="26" WC="0.93" CONTENT="älder,"/><SP WIDTH="16" VPOS="1136" HPOS="288"/>
							<String ID="string_246" HPOS="304" VPOS="1140" WIDTH="31" HEIGHT="16" WC="0.96" CONTENT="att"/><SP WIDTH="15" VPOS="1140" HPOS="335"/>
							<String ID="string_247" HPOS="350" VPOS="1136" WIDTH="42" HEIGHT="21" WC="0.96" CONTENT="hon"/><SP WIDTH="16" VPOS="1136" HPOS="392"/>
							<String ID="string_248" HPOS="408" VPOS="1136" WIDTH="69" HEIGHT="29" WC="0.95" CONTENT="enligt"/><SP WIDTH="15" VPOS="1136" HPOS="477"/>
							<String ID="string_249" HPOS="492" VPOS="1136" WIDTH="36" HEIGHT="28" WC="0.93" CONTENT="lag"/><SP WIDTH="16" VPOS="1136" HPOS="528"/>
							<String ID="string_250" HPOS="544" VPOS="1138" WIDTH="31" HEIGHT="20" WC="0.92" CONTENT="fär"/><SP WIDTH="16" VPOS="1138" HPOS="575"/>
							<String ID="string_251" HPOS="591" VPOS="1136" WIDTH="50" HEIGHT="28" WC="0.92" CONTENT="ingä"/><SP WIDTH="15" VPOS="1136" HPOS="641"/>
							<String ID="string_252" HPOS="656" VPOS="1134" WIDTH="130" HEIGHT="29" WC="0.92" CONTENT="äktenskap;"/><SP WIDTH="16" VPOS="1134" HPOS="786"/>
							<String ID="string_253" HPOS="802" VPOS="1143" WIDTH="48" HEIGHT="13" WC="0.96" CONTENT="men"/>
						</TextLine>
						<TextLine ID="line_29" HPOS="102" VPOS="1169" WIDTH="748" HEIGHT="29">
							<String ID="string_254" HPOS="102" VPOS="1169" WIDTH="71" HEIGHT="22" WC="0.91" CONTENT="denna"/><SP WIDTH="19" VPOS="1169" HPOS="173"/>
							<String ID="string_255" HPOS="192" VPOS="1171" WIDTH="56" HEIGHT="27" WC="0.92" CONTENT="äsigt"/><SP WIDTH="16" VPOS="1171" HPOS="248"/>
							<String ID="string_256" HPOS="264" VPOS="1170" WIDTH="47" HEIGHT="21" WC="0.93" CONTENT="blef"/><SP WIDTH="12" VPOS="1170" HPOS="311"/>
							<String ID="string_257" HPOS="323" VPOS="1171" WIDTH="18" HEIGHT="27" WC="0.91" CONTENT="ej"/><SP WIDTH="17" VPOS="1171" HPOS="341"/>
							<String ID="string_258" HPOS="358" VPOS="1170" WIDTH="99" HEIGHT="28" WC="0.96" CONTENT="gällande"/><SP WIDTH="16" VPOS="1170" HPOS="457"/>
							<String ID="string_259" HPOS="473" VPOS="1171" WIDTH="6" HEIGHT="21" WC="0.93" CONTENT="i"/><SP WIDTH="17" VPOS="1171" HPOS="479"/>
							<String ID="string_260" HPOS="496" VPOS="1170" WIDTH="111" HEIGHT="27" WC="0.92" CONTENT="utskottet,"/><SP WIDTH="16" VPOS="1170" HPOS="607"/>
							<String ID="string_261" HPOS="623" VPOS="1178" WIDTH="44" HEIGHT="13" WC="0.96" CONTENT="som"/><SP WIDTH="16" VPOS="1178" HPOS="667"/>
							<String ID="string_262" HPOS="683" VPOS="1170" WIDTH="57" HEIGHT="21" WC="0.93" CONTENT="dock"/><SP WIDTH="16" VPOS="1170" HPOS="740"/>
							<String ID="string_263" HPOS="756" VPOS="1169" WIDTH="94" HEIGHT="21" WC="0.91" CONTENT="uttalade"/>
						</TextLine>
						<TextLine ID="line_30" HPOS="102" VPOS="1203" WIDTH="748" HEIGHT="30">
							<String ID="string_264" HPOS="102" VPOS="1204" WIDTH="33" HEIGHT="27" WC="0.93" CONTENT="sig"/><SP WIDTH="20" VPOS="1204" HPOS="135"/>
							<String ID="string_265" HPOS="155" VPOS="1204" WIDTH="87" HEIGHT="26" WC="0.91" CONTENT="derhän,"/><SP WIDTH="20" VPOS="1204" HPOS="242"/>
							<String ID="string_266" HPOS="262" VPOS="1208" WIDTH="30" HEIGHT="17" WC="0.96" CONTENT="att"/><SP WIDTH="19" VPOS="1208" HPOS="292"/>
							<String ID="string_267" HPOS="311" VPOS="1204" WIDTH="36" HEIGHT="21" WC="0.93" CONTENT="det"/><SP WIDTH="15" VPOS="1204" HPOS="347"/>
							<String ID="string_268" HPOS="362" VPOS="1206" WIDTH="111" HEIGHT="26" WC="0.92" CONTENT="strängare"/><SP WIDTH="16" VPOS="1206" HPOS="473"/>
							<String ID="string_269" HPOS="489" VPOS="1209" WIDTH="100" HEIGHT="17" WC="0.93" CONTENT="ansvaret"/><SP WIDTH="15" VPOS="1209" HPOS="589"/>
							<String ID="string_270" HPOS="604" VPOS="1206" WIDTH="18" HEIGHT="27" WC="0.93" CONTENT="ej"/><SP WIDTH="18" VPOS="1206" HPOS="622"/>
							<String ID="string_271" HPOS="640" VPOS="1205" WIDTH="65" HEIGHT="21" WC="0.96" CONTENT="borde"/><SP WIDTH="16" VPOS="1205" HPOS="705"/>
							<String ID="string_272" HPOS="721" VPOS="1204" WIDTH="107" HEIGHT="26" WC="0.96" CONTENT="tillämpas"/><SP WIDTH="15" VPOS="1204" HPOS="828"/>
							<String ID="string_273" HPOS="843" VPOS="1203" WIDTH="7" HEIGHT="21" WC="0.96" CONTENT="i"/>
						</TextLine>
						<TextLine ID="line_31" HPOS="101" VPOS="1237" WIDTH="750" HEIGHT="31">
							<String ID="string_274" HPOS="101" VPOS="1238" WIDTH="38" HEIGHT="21" WC="0.93" CONTENT="det"/><SP WIDTH="22" VPOS="1238" HPOS="139"/>
							<String ID="string_275" HPOS="161" VPOS="1238" WIDTH="43" HEIGHT="26" WC="0.66" CONTENT="fall,"/><SP WIDTH="24" VPOS="1238" HPOS="204"/>
							<String ID="string_276" HPOS="228" VPOS="1242" WIDTH="31" HEIGHT="16" WC="0.91" CONTENT="att"/><SP WIDTH="21" VPOS="1242" HPOS="259"/>
							<String ID="string_277" HPOS="280" VPOS="1239" WIDTH="94" HEIGHT="26" WC="0.92" CONTENT="gvinnan"/><SP WIDTH="21" VPOS="1239" HPOS="374"/>
							<String ID="string_278" HPOS="395" VPOS="1239" WIDTH="57" HEIGHT="20" WC="0.96" CONTENT="förut"/><SP WIDTH="19" VPOS="1239" HPOS="452"/>
							<String ID="string_279" HPOS="471" VPOS="1239" WIDTH="72" HEIGHT="21" WC="0.93" CONTENT="blifvit"/><SP WIDTH="15" VPOS="1239" HPOS="543"/>
							<String ID="string_280" HPOS="558" VPOS="1239" WIDTH="82" HEIGHT="29" WC="0.93" CONTENT="lägrad,"/><SP WIDTH="15" VPOS="1239" HPOS="640"/>
							<String ID="string_281" HPOS="655" VPOS="1238" WIDTH="88" HEIGHT="21" WC="0.93" CONTENT="hvilken"/><SP WIDTH="16" VPOS="1238" HPOS="743"/>
							<String ID="string_282" HPOS="759" VPOS="1237" WIDTH="92" HEIGHT="21" WC="0.88" CONTENT="bestäm-"/>
						</TextLine>
						<TextLine ID="line_32" HPOS="102" VPOS="1272" WIDTH="748" HEIGHT="29">
							<String ID="string_283" HPOS="102" VPOS="1272" WIDTH="72" HEIGHT="26" WC="0.76" CONTENT="melse;"/><SP WIDTH="16" VPOS="1272" HPOS="174"/>
							<String ID="string_284" HPOS="190" VPOS="1279" WIDTH="34" HEIGHT="14" WC="0.93" CONTENT="om"/><SP WIDTH="16" VPOS="1279" HPOS="224"/>
							<String ID="string_285" HPOS="240" VPOS="1272" WIDTH="128" HEIGHT="29" WC="0.92" CONTENT="stadgandet"/><SP WIDTH="15" VPOS="1272" HPOS="368"/>
							<String ID="string_286" HPOS="383" VPOS="1273" WIDTH="6" HEIGHT="20" WC="0.93" CONTENT="i"/><SP WIDTH="16" VPOS="1273" HPOS="389"/>
							<String ID="string_287" HPOS="405" VPOS="1273" WIDTH="67" HEIGHT="27" WC="0.96" CONTENT="öfrigt"/><SP WIDTH="16" VPOS="1273" HPOS="472"/>
							<String ID="string_288" HPOS="488" VPOS="1273" WIDTH="133" HEIGHT="28" WC="0.96" CONTENT="godkännes,"/><SP WIDTH="16" VPOS="1273" HPOS="621"/>
							<String ID="string_289" HPOS="637" VPOS="1273" WIDTH="68" HEIGHT="27" WC="0.96" CONTENT="enligt"/><SP WIDTH="14" VPOS="1273" HPOS="705"/>
							<String ID="string_290" HPOS="719" VPOS="1272" WIDTH="44" HEIGHT="20" WC="0.93" CONTENT="min"/><SP WIDTH="16" VPOS="1272" HPOS="763"/>
							<String ID="string_291" HPOS="779" VPOS="1272" WIDTH="71" HEIGHT="25" WC="0.96" CONTENT="tanke,"/>
						</TextLine>
						<TextLine ID="line_33" HPOS="102" VPOS="1306" WIDTH="749" HEIGHT="28">
							<String ID="string_292" HPOS="102" VPOS="1306" WIDTH="142" HEIGHT="28" WC="0.91" CONTENT="ovilkorligen"/><SP WIDTH="18" VPOS="1306" HPOS="244"/>
							<String ID="string_293" HPOS="262" VPOS="1306" WIDTH="38" HEIGHT="21" WC="0.93" CONTENT="bör"/><SP WIDTH="16" VPOS="1306" HPOS="300"/>
							<String ID="string_294" HPOS="316" VPOS="1306" WIDTH="124" HEIGHT="21" WC="0.93" CONTENT="bibehållas."/><SP WIDTH="37" VPOS="1306" HPOS="440"/>
							<String ID="string_295" HPOS="477" VPOS="1306" WIDTH="96" HEIGHT="22" WC="0.94" CONTENT="Motivet"/><SP WIDTH="14" VPOS="1306" HPOS="573"/>
							<String ID="string_296" HPOS="587" VPOS="1307" WIDTH="33" HEIGHT="21" WC="0.95" CONTENT="till"/><SP WIDTH="15" VPOS="1307" HPOS="620"/>
							<String ID="string_297" HPOS="635" VPOS="1306" WIDTH="36" HEIGHT="22" WC="0.93" CONTENT="det"/><SP WIDTH="15" VPOS="1306" HPOS="671"/>
							<String ID="string_298" HPOS="686" VPOS="1306" WIDTH="112" HEIGHT="27" WC="0.93" CONTENT="strängare"/><SP WIDTH="17" VPOS="1306" HPOS="798"/>
							<String ID="string_299" HPOS="815" VPOS="1313" WIDTH="36" HEIGHT="13" WC="0.92" CONTENT="an-"/>
						</TextLine>
						<TextLine ID="line_34" HPOS="101" VPOS="1340" WIDTH="750" HEIGHT="30">
							<String ID="string_300" HPOS="101" VPOS="1344" WIDTH="71" HEIGHT="17" WC="0.96" CONTENT="svaret"/><SP WIDTH="20" VPOS="1344" HPOS="172"/>
							<String ID="string_301" HPOS="192" VPOS="1341" WIDTH="22" HEIGHT="20" WC="0.93" CONTENT="är"/><SP WIDTH="16" VPOS="1341" HPOS="214"/>
							<String ID="string_302" HPOS="230" VPOS="1340" WIDTH="106" HEIGHT="29" WC="0.93" CONTENT="nemligen"/><SP WIDTH="16" VPOS="1340" HPOS="336"/>
							<String ID="string_303" HPOS="352" VPOS="1344" WIDTH="30" HEIGHT="17" WC="0.96" CONTENT="att"/><SP WIDTH="15" VPOS="1344" HPOS="382"/>
							<String ID="string_304" HPOS="397" VPOS="1340" WIDTH="85" HEIGHT="29" WC="0.96" CONTENT="skydda"/><SP WIDTH="15" VPOS="1340" HPOS="482"/>
							<String ID="string_305" HPOS="497" VPOS="1348" WIDTH="26" HEIGHT="14" WC="0.96" CONTENT="en"/><SP WIDTH="15" VPOS="1348" HPOS="523"/>
							<String ID="string_306" HPOS="538" VPOS="1349" WIDTH="44" HEIGHT="21" WC="0.96" CONTENT="ung"/><SP WIDTH="15" VPOS="1349" HPOS="582"/>
							<String ID="string_307" HPOS="597" VPOS="1340" WIDTH="41" HEIGHT="22" WC="0.93" CONTENT="och"/><SP WIDTH="15" VPOS="1340" HPOS="638"/>
							<String ID="string_308" HPOS="653" VPOS="1340" WIDTH="103" HEIGHT="28" WC="0.92" CONTENT="oskyldig"/><SP WIDTH="15" VPOS="1340" HPOS="756"/>
							<String ID="string_309" HPOS="771" VPOS="1341" WIDTH="80" HEIGHT="26" WC="0.92" CONTENT="gvinna"/>
						</TextLine>
					</TextBlock>
					<TextBlock ID="block_4" HPOS="101" VPOS="1374" WIDTH="750" HEIGHT="98">
						<TextLine ID="line_35" HPOS="169" VPOS="1374" WIDTH="682" HEIGHT="29">
							<String ID="string_310" HPOS="169" VPOS="1374" WIDTH="129" HEIGHT="25" WC="0.88" CONTENT="förförelsen;"/><SP WIDTH="20" VPOS="1374" HPOS="298"/>
							<String ID="string_311" HPOS="318" VPOS="1382" WIDTH="47" HEIGHT="14" WC="0.96" CONTENT="men"/><SP WIDTH="16" VPOS="1382" HPOS="365"/>
							<String ID="string_312" HPOS="381" VPOS="1382" WIDTH="34" HEIGHT="14" WC="0.96" CONTENT="om"/><SP WIDTH="17" VPOS="1382" HPOS="415"/>
							<String ID="string_313" HPOS="432" VPOS="1375" WIDTH="43" HEIGHT="21" WC="0.93" CONTENT="hon"/><SP WIDTH="16" VPOS="1375" HPOS="475"/>
							<String ID="string_314" HPOS="491" VPOS="1376" WIDTH="57" HEIGHT="20" WC="0.94" CONTENT="förut"/><SP WIDTH="17" VPOS="1376" HPOS="548"/>
							<String ID="string_315" HPOS="565" VPOS="1375" WIDTH="70" HEIGHT="21" WC="0.93" CONTENT="blifvit"/><SP WIDTH="14" VPOS="1375" HPOS="635"/>
							<String ID="string_316" HPOS="649" VPOS="1374" WIDTH="76" HEIGHT="29" WC="0.92" CONTENT="lägrad"/><SP WIDTH="16" VPOS="1374" HPOS="725"/>
							<String ID="string_317" HPOS="741" VPOS="1374" WIDTH="41" HEIGHT="21" WC="0.90" CONTENT="och"/><SP WIDTH="11" VPOS="1374" HPOS="782"/>
							<String ID="string_318" HPOS="793" VPOS="1375" WIDTH="58" HEIGHT="27" WC="0.60" CONTENT="möj-"/>
						</TextLine>
						<TextLine ID="line_36" HPOS="101" VPOS="1408" WIDTH="750" HEIGHT="28">
							<String ID="string_319" HPOS="101" VPOS="1408" WIDTH="57" HEIGHT="28" WC="0.96" CONTENT="ligen"/><SP WIDTH="17" VPOS="1408" HPOS="158"/>
							<String ID="string_320" HPOS="175" VPOS="1410" WIDTH="62" HEIGHT="20" WC="0.92" CONTENT="äfven"/><SP WIDTH="18" VPOS="1410" HPOS="237"/>
							<String ID="string_321" HPOS="255" VPOS="1409" WIDTH="45" HEIGHT="21" WC="0.81" CONTENT="tödt"/><SP WIDTH="16" VPOS="1409" HPOS="300"/>
							<String ID="string_322" HPOS="316" VPOS="1409" WIDTH="59" HEIGHT="26" WC="0.96" CONTENT="barn,"/><SP WIDTH="16" VPOS="1409" HPOS="375"/>
							<String ID="string_323" HPOS="391" VPOS="1409" WIDTH="24" HEIGHT="21" WC="0.97" CONTENT="sä"/><SP WIDTH="17" VPOS="1409" HPOS="415"/>
							<String ID="string_324" HPOS="432" VPOS="1409" WIDTH="65" HEIGHT="21" WC="0.96" CONTENT="borde"/><SP WIDTH="13" VPOS="1409" HPOS="497"/>
							<String ID="string_325" HPOS="510" VPOS="1410" WIDTH="80" HEIGHT="20" WC="0.93" CONTENT="hennes"/><SP WIDTH="13" VPOS="1410" HPOS="590"/>
							<String ID="string_326" HPOS="603" VPOS="1409" WIDTH="102" HEIGHT="21" WC="0.96" CONTENT="förseelse"/><SP WIDTH="12" VPOS="1409" HPOS="705"/>
							<String ID="string_327" HPOS="717" VPOS="1408" WIDTH="65" HEIGHT="20" WC="0.96" CONTENT="hafva"/><SP WIDTH="11" VPOS="1408" HPOS="782"/>
							<String ID="string_328" HPOS="793" VPOS="1409" WIDTH="58" HEIGHT="27" WC="0.94" CONTENT="gjort"/>
						</TextLine>
						<TextLine ID="line_37" HPOS="101" VPOS="1442" WIDTH="750" HEIGHT="30">
							<String ID="string_329" HPOS="101" VPOS="1442" WIDTH="69" HEIGHT="21" WC="0.93" CONTENT="henne"/><SP WIDTH="19" VPOS="1442" HPOS="170"/>
							<String ID="string_330" HPOS="189" VPOS="1450" WIDTH="56" HEIGHT="14" WC="0.93" CONTENT="mera"/><SP WIDTH="20" VPOS="1450" HPOS="245"/>
							<String ID="string_331" HPOS="265" VPOS="1443" WIDTH="153" HEIGHT="27" WC="0.89" CONTENT="uppmärksam"/><SP WIDTH="17" VPOS="1443" HPOS="418"/>
							<String ID="string_332" HPOS="435" VPOS="1444" WIDTH="28" HEIGHT="27" WC="0.96" CONTENT="pä"/><SP WIDTH="14" VPOS="1444" HPOS="463"/>
							<String ID="string_333" HPOS="477" VPOS="1444" WIDTH="34" HEIGHT="28" WC="0.93" CONTENT="sig"/><SP WIDTH="16" VPOS="1444" HPOS="511"/>
							<String ID="string_334" HPOS="527" VPOS="1444" WIDTH="51" HEIGHT="28" WC="0.96" CONTENT="sjelf"/><SP WIDTH="13" VPOS="1444" HPOS="578"/>
							<String ID="string_335" HPOS="591" VPOS="1443" WIDTH="40" HEIGHT="21" WC="0.94" CONTENT="och"/><SP WIDTH="16" VPOS="1443" HPOS="631"/>
							<String ID="string_336" HPOS="647" VPOS="1443" WIDTH="39" HEIGHT="21" WC="0.93" CONTENT="hos"/><SP WIDTH="15" VPOS="1443" HPOS="686"/>
							<String ID="string_337" HPOS="701" VPOS="1442" WIDTH="69" HEIGHT="21" WC="0.96" CONTENT="henne"/><SP WIDTH="16" VPOS="1442" HPOS="770"/>
							<String ID="string_338" HPOS="786" VPOS="1442" WIDTH="65" HEIGHT="22" WC="0.96" CONTENT="väckt"/>
						</TextLine>
					</TextBlock>
				</ComposedBlock>
				<ComposedBlock ID="cblock_2" HPOS="127" VPOS="1482" WIDTH="695" HEIGHT="30">
					<TextBlock ID="block_5" HPOS="127" VPOS="1482" WIDTH="695" HEIGHT="30">
						<TextLine ID="line_38" HPOS="127" VPOS="1482" WIDTH="695" HEIGHT="30">
							<String ID="string_339" HPOS="127" VPOS="1488" WIDTH="61" HEIGHT="23" WC="0.59" CONTENT="Vällofi."/><SP WIDTH="11" VPOS="1488" HPOS="188"/>
							<String ID="string_340" HPOS="199" VPOS="1488" WIDTH="140" HEIGHT="23" WC="0.49" CONTENT="lorgareständets"/><SP WIDTH="7" VPOS="1488" HPOS="339"/>
							<String ID="string_341" HPOS="346" VPOS="1488" WIDTH="82" HEIGHT="23" WC="0.93" CONTENT="protokoll"/><SP WIDTH="9" VPOS="1488" HPOS="428"/>
							<String ID="string_342" HPOS="437" VPOS="1489" WIDTH="100" HEIGHT="23" WC="0.86" CONTENT="lundtdagen"/><SP WIDTH="11" VPOS="1489" HPOS="537"/>
							<String ID="string_343" HPOS="548" VPOS="1488" WIDTH="120" HEIGHT="18" WC="0.85" CONTENT="1863—1864"/><SP WIDTH="13" VPOS="1488" HPOS="668"/>
							<String ID="string_344" HPOS="681" VPOS="1488" WIDTH="28" HEIGHT="18" WC="0.75" CONTENT="3:e"/><SP WIDTH="10" VPOS="1488" HPOS="709"/>
							<String ID="string_345" HPOS="719" VPOS="1488" WIDTH="19" HEIGHT="17" WC="0.89" CONTENT="B."/><SP WIDTH="31" VPOS="1488" HPOS="738"/>
							<String ID="string_346" HPOS="769" VPOS="1478" WIDTH="11" HEIGHT="39" WC="0.63" CONTENT="="/><SP WIDTH="14" VPOS="1478" HPOS="780"/>
							<String ID="string_347" HPOS="794" VPOS="1482" WIDTH="28" HEIGHT="21" WC="0.87" CONTENT="24"/>
						</TextLine>
					</TextBlock>
				</ComposedBlock>
				<Illustration ID="cblock_3" HPOS="101" VPOS="1385" WIDTH="97" HEIGHT="14"></Illustration>
			</PrintSpace>
		</Page>
	</Layout>
</alto>
