1039 1773
211 144 41 23 502

250 205 84 24 Vidare
350 206 126 22 diskussion
493 206 87 22 föreföll
592 206 56 27 icke,
661 206 52 22 derå
724 206 50 22 herr
784 206 152 24 talmannen

182 241 33 24 till
231 241 97 22 ständets
346 240 133 24 besvarande
496 241 134 21 framställde
646 240 107 30 följande:

252 274 46 24 Vill
314 275 94 27 ståndet,
426 276 7 20 i
452 275 97 28 enlighet
567 276 48 20 med
634 276 119 22 utskottets
766 276 170 28 jemkningsför-

184 309 54 29 slag,
261 309 44 21 läta
328 310 38 20 sitt
384 310 58 21 förra
463 309 70 24 beslut
551 310 8 20 i
575 310 61 29 fräga
651 318 36 14 om
703 310 147 24 handelsboks
865 310 71 24 karte-

183 344 67 24 rande
265 344 101 24 förfalla?

531 378 53 21 eller

252 412 75 24 Anser
342 412 87 23 ständet
444 412 35 29 sig
494 412 47 22 icke
558 412 53 23 böra
625 412 78 29 frängä
718 412 67 28 sagde
800 412 86 23 beslut?

252 446 35 22 De
308 454 46 14 som
374 446 69 22 önska
462 446 36 22 det
514 448 65 26 förra,
595 454 64 16 svara
672 446 102 29 jakande,
790 447 42 22 och
847 448 26 21 de
889 454 47 18 som

184 481 53 29 vilja
252 481 37 24 det
304 489 83 19 senare,
404 489 63 14 svara
482 481 105 24 nekande.

254 515 137 24 Besvarades
414 515 49 21 med
485 515 54 22 både
556 516 23 27 ja
599 515 41 21 och
659 516 42 28 nej,
717 515 52 22 derä
783 517 101 28 votering
900 525 37 13 an,

186 549 98 28 ställdes,
307 557 47 13 som
376 549 99 22 lemnade
493 553 31 18 ett
542 549 92 22 resultat
652 549 25 21 af
690 550 24 20 11
729 550 23 28 ja
768 550 41 21 och
827 551 25 20 15
868 551 68 29 nej;
925 545 16 39 i

185 584 55 28 följd
259 584 79 22 hvaraf
354 583 86 24 ständet
459 583 83 24 säledes
562 583 85 24 vidblef
660 584 39 21 sitt
714 584 59 23 förut
788 584 7 21 i
810 585 72 23 ämnet
896 585 41 21 fat-

186 618 50 24 tade
252 617 79 24 beslut.

449 658 12 20 6
477 665 35 16 om
527 657 176 24 konnässement,

255 691 59 24 Herr
329 691 142 23 Sundman:
494 691 198 29 Borgareständets
708 692 78 27 beslut,
802 695 32 21 att
845 693 93 23 enahan-

187 726 28 23 da
230 720 158 35 stämpelafgitt
403 726 52 24 eller
471 726 79 29 fyratio
566 726 66 28 penni
648 726 71 21 skulle
735 727 85 23 fordras
836 727 32 23 till
884 727 54 24 kon-

187 761 149 24 nässementer
358 760 54 25 både
435 761 34 23 för
488 760 75 27 finska,
583 760 67 29 ryska
669 760 42 21 och
727 761 116 22 utländska
858 761 80 29 fartyg,

188 795 112 28 grundade
323 795 34 28 sig
376 795 74 30 derpä,
470 798 31 21 att
516 803 79 20 genom
610 795 105 28 afgiftens
731 794 112 23 enahanda
858 795 80 31 belopp

187 829 91 28 misstag
294 829 6 24 i
316 829 102 23 afseende
434 829 12 21 å
464 829 138 24 karterandet
624 829 24 21 af
665 829 56 21 slika
739 829 142 22 dokumenter
898 829 40 22 lät-

188 866 47 22 tare
257 863 72 24 kunde
352 863 115 28 undvikas,
490 871 47 16 men
560 863 34 25 för
616 863 45 23 min
680 863 35 21 del
735 863 38 21 har
785 864 37 28 jag
838 865 18 27 ej
872 864 67 28 något

188 901 59 19 emot
269 901 32 17 att
324 898 76 28 frängä
422 898 67 28 sagde
508 898 71 22 beslut
598 898 41 23 och
657 898 50 24 med
722 897 27 24 de
764 898 67 21 andra
846 898 92 23 ständen

188 932 116 24 instämma
318 932 8 24 i
341 932 119 24 utskottets
476 932 142 22 betänkande.

256 966 63 24 Efter
338 966 74 23 derom
432 967 24 21 af
472 967 49 23 herr
537 966 150 24 talmannen
703 966 121 24 framställd
839 967 99 30 proposi-

188 1001 54 27 tion,
265 1000 73 23 beslöt
360 1000 86 24 ståndet
464 1001 105 28 enhälligt
588 1004 32 20 att
638 1000 44 22 låta
701 1000 51 23 dess
771 1001 59 21 förra
844 1001 72 24 beslut
932 1001 6 21 i

189 1034 72 25 denna
276 1034 35 24 del
326 1034 92 24 förfalla,

258 1068 60 24 Utan
335 1069 127 23 diskussion
477 1072 78 26 antogs
568 1069 96 23 härefter
676 1069 118 23 utskottets
807 1069 89 29 förslag,
908 1072 31 19 att

190 1104 181 28 borgaroständet
386 1104 70 23 skulle
472 1104 74 24 förena
561 1104 34 28 sig
610 1103 49 21 med
674 1103 159 22 bondeståndet
848 1112 34 13 om
894 1104 46 21 det-

191 1141 22 21 ta
228 1138 75 21 ständs
319 1138 73 23 beslut
406 1141 32 17 att
452 1138 55 23 ifrån
523 1138 84 23 mom.
601 1134 15 35 1
625 1138 33 27 $6
675 1146 33 13 om
725 1138 108 27 kontrakt,
848 1138 33 21 till
894 1139 46 20 vin-

191 1172 71 24 pande
280 1172 25 23 af
320 1173 69 22 större
404 1172 116 30 tydlighet,
537 1172 78 23 orden;
631 1172 46 21 ”för
692 1172 75 28 hvarje
782 1172 36 23 är?
832 1173 34 21 må
881 1173 58 28 utgå.

260 1211 140 24 Beträffande
423 1212 118 23 utskottets
564 1211 130 29 inbjudning
717 1211 37 22 vid
773 1212 11 29 &
801 1212 12 20 6
832 1220 35 15 om
886 1213 54 21 sista

191 1246 116 28 meningen
323 1246 7 23 i
345 1254 64 15 mom,
426 1246 9 22 1
449 1246 68 20 under
528 1246 114 24 rubriken;
654 1246 127 22 ”kontrakt?
793 1247 95 27 uppstod
899 1247 41 21 föl-

190 1280 67 28 jande
272 1279 136 24 diskussion;
826 1275 2 2 -

260 1313 59 24 Herr
334 1312 133 25 Sundman
483 1314 95 28 yttrade;
602 1314 39 22 Uti
657 1314 41 21 den
710 1314 165 28 ifrågavarande
887 1316 53 21 sista

191 1348 116 29 meningen
323 1348 36 22 vid
375 1356 63 16 mom.
456 1350 8 20 1
483 1348 96 28 stadgas,
591 1352 32 17 att
634 1348 48 21 med
694 1348 168 28 hyreskontrakt
874 1350 6 20 i
893 1350 48 21 stad

192 1382 56 24 skall
271 1382 107 29 iakttagas
398 1382 57 23 hvad
475 1384 12 28 $
504 1383 27 20 24
549 1382 127 22 innehåller.
713 1382 141 23 Sistnämnda
868 1384 12 27 &
896 1384 45 21 åter

192 1417 136 26 bestämmer,
344 1420 31 19 att
390 1417 65 22 dessa
469 1417 128 21 kontrakter
612 1417 37 22 vid
665 1424 80 16 ansvar
760 1417 62 22 skola
837 1418 103 28 uppvisas

192 1451 37 21 vid
248 1451 74 28 hvarje
337 1451 35 22 års
387 1451 204 32 mantalsskrifning
608 1451 41 23 och
664 1451 77 23 dervid
757 1458 51 15 vara
823 1451 119 31 behörigen
