1039 1773
206 162 42 21 399

179 225 25 20 af
223 224 96 22 ständets
341 224 144 27 medlemmar,
504 232 44 13 som
569 227 69 19 ansett
657 225 88 27 petition
765 226 6 20 i
786 226 71 21 ämnet
873 226 52 22 böra

179 258 71 28 göras,

248 296 72 23 Sedan
343 298 85 22 ståndet
450 298 46 22 med
517 298 160 28 öfvervägande
693 300 22 26 ja
732 299 98 21 besvarat
844 299 41 21 den
902 300 24 21 af

180 332 49 21 herr
244 332 148 22 talmannen
406 332 132 23 framställda
551 332 168 28 propositionen,
731 340 33 13 om
778 333 84 21 ståndet
873 334 51 20 ville

180 366 49 22 med
244 366 133 28 underdånig
392 366 89 28 petition
498 366 109 28 angående
624 366 57 21 vissa
695 367 115 28 ändringar
825 367 6 21 i
847 368 26 20 de
888 375 35 13 om

180 401 76 27 sjöfart
275 400 99 28 gällande
393 400 151 28 författningar
560 400 31 21 till
608 400 61 21 Hans
685 400 121 29 Kejserliga
821 400 103 30 Majestät

180 434 58 29 ingå,
257 438 55 17 samt
330 434 92 21 härefter
443 435 52 19 först
514 434 111 29 föredrogs
645 434 95 29 punkten
758 436 8 19 1
784 435 7 21 i
807 434 116 23 betänkan-

180 469 43 26 det,
242 468 110 28 angående
370 469 242 27 fartygsbesättningars
628 469 142 28 inmönstring
785 469 40 21 och
841 471 82 20 afmön-

181 503 75 28 string,
271 503 84 28 yttrade
370 503 34 27 sig

249 542 57 23 Herr
322 542 106 21 Hildén:
451 541 124 22 Utskottets
592 543 87 28 förslag,
695 545 30 18 att
740 543 30 20 in-
786 543 39 21 och
842 544 81 21 afmön-

182 577 92 28 stringar
297 577 23 20 af
340 577 230 28 fartygsbesättningar
589 577 48 21 icke
657 577 68 20 skulle
740 577 57 21 inför
812 579 112 26 magistra-

182 614 59 18 terne
260 611 132 26 verkställas,
415 618 61 13 anser
491 611 38 29 jag
544 611 47 20 icke
607 618 51 14 vara
673 611 131 21 välbetänkt.
839 612 85 21 Besätt-

182 645 114 28 ningarnes
319 644 129 29 förhyrande
468 645 36 20 har
522 645 98 20 hitintills
639 645 57 20 skett
714 645 12 20 ä
741 645 160 28 sjömanshusen
917 647 7 22 i

182 680 91 19 närvaro
292 679 24 21 af
332 678 267 28 sjömanshusdirektionen
615 679 40 20 och
671 680 175 26 waterschouten,
862 681 63 20 emel-

182 713 35 20 lan
233 713 119 28 skepparen
368 713 12 21 å
394 720 40 13 ena
450 713 41 20 och
506 713 123 27 sjömännen
645 713 28 27 pä
689 713 66 21 andra
766 713 68 28 sidan,
846 715 39 20 och
898 715 26 20 de

182 747 131 21 sistnämnde
328 747 64 21 hafva
403 747 73 20 dervid
490 747 123 20 antecknats
625 747 5 20 i
643 755 25 12 en
681 747 24 21 sä
716 747 71 21 kallad
799 748 125 27 namnrulla,

183 783 50 18 utan
250 784 30 17 att
295 781 56 22 inför
366 781 268 27 sjömanshusdirektionen
647 781 96 21 företetts
756 782 119 28 utredning,
888 783 37 20 hu-

183 815 77 21 ruvida
270 815 26 21 de
309 822 108 20 personer,
428 822 45 13 som
489 815 82 28 antagit
586 815 59 28 hyra,
662 816 53 20 varit
731 815 151 23 oförhindrade
894 820 31 17 att

182 852 78 17 utresa.
289 849 44 21 Det
348 849 38 20 har
401 849 32 20 till
449 849 52 27 följd
517 849 66 26 deraf,
598 851 50 19 ette,
667 849 54 21 "vad
735 850 38 28 jag
784 849 38 22 har
833 851 44 28 mig
890 851 34 20 be-

183 883 59 27 kant,
261 891 25 13 en
305 883 40 21 och
361 891 68 13 annan
446 883 56 29 gäng
517 883 73 27 händt,
606 887 31 17 att
653 883 23 21 af
688 883 238 28 sjömanshusdirektio-

183 925 65 13 nerne
268 917 94 29 förhyrts
381 925 108 20 personer,
508 918 25 20 de
549 918 37 20 der
603 918 54 20 varit
673 919 32 20 för
720 919 76 27 grofva
812 918 57 21 brott
884 920 42 20 till-

184 952 70 21 talade
270 952 51 21 eller
336 952 24 20 af
373 959 68 13 annan
458 952 63 20 orsak
536 951 103 23 hindrade
655 956 30 16 att
701 952 44 20 frän
763 952 71 21 landet
849 954 76 26 afresa,

184 986 40 20 och
237 986 39 28 jag
295 986 81 21 befarar
396 989 31 17 att
444 986 117 21 detsamma
579 986 69 22 skulle
667 986 84 21 komma
767 990 30 17 att
812 987 68 21 oftare
895 988 31 20 in-

184 1019 69 28 träffa,
268 1020 71 21 derest
355 1020 93 28 bestyret
460 1020 47 21 med
519 1020 192 28 inmönstringarne
725 1020 167 22 öfverlemnades
904 1022 22 20 ät

184 1054 298 28 sjömanshusdirektionerue.
511 1053 75 28 Något
601 1054 74 28 längre
690 1054 100 27 uppehåll
804 1057 44 18 tror
858 1056 36 27 jag
906 1056 18 28 ej

183 1088 67 22 heller
269 1088 123 22 förorsakas
412 1096 75 20 genom
503 1088 192 28 inmönstringarne
711 1088 56 22 inför
782 1089 144 28 magistrater-

184 1130 26 14 ne
226 1124 25 20 än
267 1124 57 20 inför
339 1122 299 28 sjömanshusdirektionerne,
655 1123 49 20 enär
719 1122 41 21 den
776 1130 39 14 ena
827 1130 45 14 som
884 1123 41 23 den

184 1157 66 21 andra
270 1158 42 20 lika
331 1156 81 28 hastigt
431 1156 41 21 kan
489 1156 35 21 vid
540 1156 88 21 kallelse
643 1156 163 27 sammantråda,
822 1160 54 18 samt
888 1158 38 28 jag

184 1192 24 20 är
222 1191 128 28 öfvertygad
366 1191 80 24 derom,
462 1194 30 16 att
506 1191 6 20 i
528 1190 37 21 fall
581 1190 118 28 trängande
716 1190 66 21 behof
791 1191 39 27 gör
842 1194 32 18 att
886 1192 41 20 för-

184 1226 122 28 rättningen
322 1226 18 27 ej
356 1225 42 21 kan
413 1224 126 28 uppskjutas
552 1224 30 21 till
595 1224 149 28 magistratens
757 1224 104 22 ordinarie
873 1233 54 13 sam-

184 1260 116 26 manträde,
316 1259 70 21 denna
400 1260 18 26 ej
435 1258 60 21 torde
511 1258 139 28 undandraga
665 1259 33 27 sig
713 1262 32 19 att
761 1259 32 20 för
804 1258 76 24 sådant
892 1260 36 21 än-

184 1294 69 20 damäl
270 1293 103 21 särskildt
387 1293 185 21 sammankomma.
602 1292 64 21 Hvad
678 1292 45 21 åter
735 1293 193 28 afmönstringarne

185 1327 107 27 beträffar,
308 1328 22 20 så
350 1327 66 21 håller
432 1328 39 27 jag
490 1327 51 25 före,
558 1330 31 18 att
604 1327 62 21 äfven
682 1326 26 22 de
725 1326 51 21 böra
791 1326 56 21 inför
862 1328 66 28 magi-

184 1365 104 18 straterne
311 1361 136 26 verkställas,
469 1361 86 22 emedan
579 1360 75 23 dervid
677 1361 39 21 bör
739 1360 138 28 undersökas,
894 1370 33 14 om

184 1396 48 21 skäl
254 1396 32 20 till
305 1395 108 29 klagomål
432 1398 57 18 emot
509 1395 104 27 skeppare
629 1394 40 22 och
685 1395 123 27 besättning
823 1396 106 21 förekom-

184 1438 40 19 ma,
248 1429 105 21 huruvida
375 1430 124 28 rymningar
521 1429 52 21 eller
595 1432 65 18 annat
679 1428 76 21 oskick
775 1429 101 27 inträffat,
894 1438 34 14 om

184 1464 121 28 skepparen
320 1463 100 29 iakttagit
437 1463 160 22 föreskrifterne
613 1463 110 29 angående
739 1470 115 22 rymmares
867 1464 63 24 efter-
