1039 1773
773 142 40 22 163

90 205 23 22 af
126 213 25 14 en
168 212 58 15 mera
241 204 77 22 rättvis
334 204 125 29 fördelning
475 205 24 21 af
512 203 222 31 näringsrättigheten
746 205 55 23 efter
811 204 27 24 de

89 240 116 28 principer,
228 247 46 14 som
297 240 64 20 äfven
383 240 7 21 i
414 239 67 21 andra
503 239 74 21 länder
600 240 59 27 gjort
677 240 35 28 sig
731 239 107 29 gällande.

89 274 44 28 Jag
149 274 38 21 vill
206 274 76 22 härvid
300 274 71 21 erinra
390 282 34 12 om
445 274 42 20 den
506 273 160 29 skiljaktighet,
689 280 47 15 som
759 273 81 22 företer

91 309 34 27 sig
139 308 55 28 deri,
210 312 32 17 att
260 308 28 21 dä
302 315 49 14 man
367 308 7 20 i
389 307 99 29 betydlig
503 307 54 29 grad
577 306 114 22 inskränkt
710 308 64 21 dessa
789 308 51 20 bor-

89 342 128 28 gerskapets
233 341 256 29 företrädesrättigheter,
502 342 38 20 har
552 348 49 14 man
613 342 96 21 deremot
720 342 48 21 icke
780 341 60 29 gjort

90 377 79 21 minsta
184 376 86 28 intrång
285 376 7 21 i
308 376 25 20 de
349 375 67 21 andra
431 376 103 20 ståudens
550 376 131 28 privilegier,
694 376 67 22 ehuru
775 374 65 24 dessa

89 410 63 21 torde
174 417 52 14 vara
243 409 50 22 fullt
312 413 22 17 ut
353 408 43 22 lika
415 410 106 21 orättvisa
539 410 41 21 och
599 410 44 20 lika
661 410 48 21 litet
723 408 117 32 tidsenliga

91 452 46 13 som
153 444 26 21 de
194 443 65 22 förra.
296 442 160 30 Ridderskapet
475 444 41 21 och
535 444 61 21 adeln
617 447 14 18 t.
647 450 32 15 ex.
695 444 100 29 åtnjuter,
811 445 28 28 på

91 477 70 30 grund
180 479 24 21 af
219 477 149 30 privilegium,
386 479 7 20 i
412 479 48 21 stad
481 479 100 20 befrielse
600 479 46 20 från
666 486 26 13 en
711 479 78 28 mängd
806 483 33 18 ut-

91 513 95 28 skylder,
205 511 73 23 hvilka
296 513 125 28 derigenom
440 513 70 21 blifva
525 513 24 21 så
564 513 87 28 mycket
665 520 58 14 mera
739 513 101 28 tryckan-

90 547 27 21 de
136 547 34 21 för
189 547 111 21 städernes
324 547 68 28 öfrige
415 547 135 21 innevånare.
587 547 103 21 Bemälde
713 546 64 22 stånd
799 546 41 22 har

91 581 67 21 också
180 581 56 22 ända
254 580 31 22 till
305 581 132 21 närvarande
456 581 32 21 tid
507 582 58 21 varit
582 581 6 21 i
608 580 50 22 fullt
677 579 124 30 åtnjutande
817 579 25 23 af

91 616 43 21 alla
149 616 47 21 sina
214 614 132 30 privilegier,
366 616 40 20 och
426 616 65 21 äfven
511 615 67 21 under
599 615 112 29 pågående
733 613 106 30 landtdag

91 648 40 22 har
149 649 37 22 det
203 651 19 27 ej
242 649 109 22 kommit
342 643 14 39 i
370 647 61 30 fråga
446 648 33 22 för
495 648 152 29 ridderskapet
665 649 41 22 och
726 649 62 22 adeln
807 652 32 18 att

92 685 75 28 afsäga
182 684 34 28 sig
232 683 66 22 andra
313 683 124 28 privilegier
450 685 27 20 än
489 684 90 27 sådana,
592 683 77 22 hvaraf
678 683 26 22 de
716 683 46 22 icke
775 683 65 22 hafva

92 718 71 28 någon
183 717 79 28 fördel,
280 717 65 22 bland
364 717 76 22 hvilka
456 719 39 28 jag
511 717 37 22 vill
564 718 77 21 nämna
660 717 131 30 rättigheten
808 720 31 19 att

92 752 49 20 med
156 751 78 21 andras
253 751 136 22 uteslutande
409 752 78 21 besitta
506 752 114 28 frälsejord
636 752 47 21 med
699 751 139 22 säterifrihet.

93 785 44 21 För
152 786 43 20 min
211 785 34 22 del
261 786 127 28 godkänner
403 787 37 27 jag
460 786 129 29 visserligen
609 786 113 28 principen
739 794 34 13 om
788 785 51 22 obe-

93 819 93 28 gränsad
201 820 165 28 näringsfrihet,
386 828 46 13 men
449 827 64 14 anser
528 820 71 21 denna
613 821 85 27 princip
715 819 33 22 för
763 821 77 20 närva-

93 853 65 22 rande
174 853 46 22 icke
236 853 72 22 kunna
324 854 40 21 hos
380 861 36 14 oss
432 857 52 18 utan
500 853 159 30 inskränkning
674 854 118 28 tillämpas,
808 854 32 21 ät-

93 888 107 21 minstone
216 888 48 21 icke
279 888 73 21 förrän
368 889 67 23 äfven,
448 888 27 22 de
490 888 73 29 adliga
582 889 152 28 privilesierne
749 888 90 22 bortfal-

93 921 31 22 lit.
155 922 11 21 I
181 922 45 22 viss
242 922 49 21 män
310 922 42 21 kan
368 922 56 21 dock
439 931 26 13 en
482 923 151 29 utsträckning
648 923 25 21 af
684 922 156 29 näringsfrihe-

92 958 36 19 ten
153 959 55 18 samt
229 956 152 29 förändringar
399 956 7 21 i
424 955 72 23 denna
514 956 34 22 del
567 957 24 21 af
606 956 164 29 lagstiftningen
786 958 52 20 utan

94 990 122 29 synnerligt
235 996 47 14 men
302 991 34 21 för
352 990 157 29 borgerskapet
525 998 27 14 nu
567 991 66 21 redan
649 990 190 29 tillvägabringas,

93 1032 35 14 om
144 1024 75 21 dervid
234 1025 66 28 nödig
317 1024 133 21 moderation
466 1025 41 21 och
523 1025 124 21 varsamhet
661 1024 114 29 iakttages.
800 1024 40 22 Sä-

94 1058 65 21 lunda
174 1058 51 21 ville
240 1060 38 27 jag
292 1058 120 29 tillstyrka,
429 1061 31 19 att
476 1066 81 14 samma
571 1066 80 21 person
667 1058 81 22 erhölle
763 1058 77 28 rättig-

93 1091 37 22 het
147 1096 32 18 att
198 1092 98 21 bedrifva
313 1092 52 21 flera
383 1092 75 28 yrken.
496 1092 84 30 Mänga
595 1093 24 21 af
630 1093 63 21 dessa
712 1094 37 20 äro
765 1092 75 21 nemli-

93 1134 42 20 gen
150 1127 24 20 af
186 1126 41 21 den
243 1126 160 27 beskaffenhet,
419 1130 31 18 att
465 1126 26 22 de
507 1126 77 22 endast
598 1127 29 28 pä
641 1127 59 21 detta
712 1128 43 20 sätt
767 1126 73 21 kunna

93 1160 49 20 med
160 1160 70 21 fördel
249 1160 93 22 utöfvas.
380 1160 133 29 Derigenom
531 1161 71 21 blefve
622 1160 36 22 det
673 1162 33 20 för
722 1168 26 14 en
763 1159 77 22 handt-

94 1194 88 21 verkare
198 1194 86 29 möjligt
299 1197 31 19 att
345 1194 49 22 fullt
409 1195 120 28 förfärdiga
544 1202 26 14 en
587 1195 49 27 sak,
652 1195 65 21 hvars
733 1192 107 24 särskilda

94 1227 59 22 delar
164 1228 63 28 eljest
238 1228 69 22 skulle
319 1229 101 21 hemfalla
432 1229 67 21 under
511 1228 71 22 skilda
593 1228 74 29 yrken.
693 1228 11 20 I
716 1228 76 28 frägan
804 1235 35 14 om

94 1262 131 28 rättigheten
244 1266 32 18 att
290 1263 28 27 pä
336 1263 73 21 landet
428 1262 57 22 hälla
505 1261 243 27 handtverksverkstad,
771 1262 69 21 finner

91 1297 39 27 jag
145 1296 63 21 äfven
224 1296 60 22 detta
298 1297 73 21 kunna
385 1296 98 27 bifallas,
499 1297 57 21 dock
571 1296 49 22 med
635 1298 36 19 det
687 1294 105 23 förbehäll
808 1299 32 19 att

95 1330 157 22 handtverkare
275 1331 47 21 icke
341 1332 21 20 fä
380 1331 100 21 nedsätta
504 1331 34 28 sig
560 1331 58 21 inom
637 1331 56 21 visst
707 1330 87 21 kortare
810 1330 30 21 af-

94 1364 64 21 ständ
174 1364 46 22 frän
237 1365 57 27 stad,
315 1368 50 18 utan
380 1368 31 18 att
426 1365 5 21 i
448 1365 77 21 staden
544 1365 66 20 vinna
628 1364 95 28 burskap
739 1364 39 22 och
795 1363 45 21 del-

94 1400 52 26 taga
160 1398 6 21 i
184 1398 140 28 utskylderne
339 1399 33 21 för
388 1399 130 21 densamma.
549 1398 33 22 En
599 1398 66 21 sådan
681 1397 159 29 inskränkning

95 1439 63 14 anser
170 1433 37 28 jag
223 1440 51 14 vara
288 1432 135 29 nödvändig,
438 1432 89 22 emedan
544 1433 6 21 i
565 1435 66 18 annat
646 1432 37 21 fall
698 1431 142 22 handtverks-
