1039 1773
775 157 41 21 419

100 220 34 28 sig
155 219 49 21 leda
222 219 132 28 angifvelsen
374 220 33 20 för
425 218 136 22 missbrukad
579 218 154 29 yttranderätt;
755 220 40 21 och
810 220 35 21 må

100 253 49 21 med
167 253 76 29 åtgärd
258 253 92 21 rörande
364 252 133 30 angifvelsen
511 260 36 14 om
561 253 160 29 ärekränkning
735 254 61 22 anstå
811 254 33 22 till

100 287 50 21 dess
172 287 65 21 åtalet
259 295 34 13 om
316 286 36 22 det
370 287 64 27 brott,
453 294 45 14 som
513 286 43 22 den
571 286 64 22 andre
650 287 108 28 tillvitats,
774 288 70 21 blifvit

101 321 47 22 med
163 321 50 28 laga
227 322 44 22 slut
285 321 104 27 afhulpet.

168 351 32 25 Är
214 356 42 21 den
272 355 109 28 handling,
396 355 165 28 beskyllningen
577 355 78 29 gällde,
666 355 8 21 i
685 355 38 29 lag
735 356 18 28 ej
767 356 78 28 belagd

103 389 49 22 med
170 397 84 19 ansvar,
278 389 50 21 eller
346 389 42 21 kan
407 389 43 21 åtal
468 389 74 21 derom
561 390 34 20 för
609 396 69 14 annan
694 390 65 21 orsak
773 390 19 28 ej
808 397 37 14 an-

102 424 82 27 ställas,
198 424 35 20 må
251 423 112 29 bevisning
381 423 74 22 derom
470 423 131 21 framställas
615 423 56 21 inför
686 424 42 22 den
743 424 101 28 domstol,

101 457 38 23 der
153 458 66 21 åtalet
233 458 34 21 för
282 457 158 29 ärekränkning
455 458 68 28 gjorts
536 457 139 29 anhängigt.”

168 491 58 22 Herr
239 491 133 22 Juselius:
408 487 71 26 Äfven
496 492 39 28 jag
553 499 63 14 anser
633 495 31 18 att
678 492 145 29 lagutskottet
837 493 7 21 i

101 525 70 22 denna
189 526 13 28 &
221 526 58 28 gjort
297 528 31 19 ett
346 525 125 29 lagförslag,
489 533 54 20 som,
564 525 46 22 ifall
625 525 36 22 det
676 526 92 27 bifalles,
784 527 61 21 alltid

101 560 69 21 skulle
189 560 92 21 förvirra
300 559 243 29 rättegångsordningen
562 560 7 21 i
586 559 105 22 brottmål.
731 560 113 21 Utskottet

101 595 61 28 säger
182 594 34 21 väl
235 597 31 18 att
284 594 36 21 det
334 595 18 27 ej
368 593 38 22 vill
422 594 110 27 upphäfva
547 593 126 22 hithörande
688 593 134 30 stadganden
837 595 8 20 i

101 627 27 23 R.
143 628 33 28 B.,
194 636 48 13 men
257 628 95 21 likafullt
367 627 104 28 förordas,
487 631 31 18 att
532 627 161 30 undersökning
708 629 24 20 af
744 629 101 28 missger-

101 662 107 29 ningsmål
226 662 56 21 skall
296 669 41 21 ega
352 669 46 14 rum
413 662 28 28 på
455 662 41 21 den
511 665 41 24 ort,
567 662 38 21 der
619 663 142 27 injuriemålet
775 663 69 28 gjorts

103 696 124 29 anhängigt,
243 696 40 21 och
302 696 47 21 icke
366 697 8 20 i
392 697 171 28 gerningsorten.
600 696 94 23 Sålunda
709 697 72 22 kunde
795 704 49 14 man

101 731 22 21 få
144 731 80 21 dubbla
248 730 183 29 undersökningar
449 731 7 20 i
475 731 80 21 sådana
572 730 42 22 mål
633 733 54 18 samt
705 731 78 28 utslag,
798 738 46 14 som

101 765 71 21 kunde
192 772 51 14 vara
258 765 98 21 konträrt
371 765 108 21 stridande
494 768 44 18 mot
553 765 128 27 hvarandra,
695 765 21 21 d.
732 773 21 14 v.
769 773 16 14 s.
802 765 42 22 den

101 806 40 14 ena
155 799 121 22 domstolen
291 799 71 21 kunde
377 799 95 21 förklara
487 807 24 13 en
527 799 92 21 tilltalad
635 799 120 22 förvunnen
770 799 33 22 till
814 802 31 19 ett

101 833 65 27 brott,
182 840 46 14 som
243 833 41 21 den
299 833 67 21 andra
380 833 120 21 domstolen
515 833 95 21 befriade
625 833 78 22 honom
716 833 62 22 ifrån.
800 833 45 30 Jag

101 867 34 21 får
152 867 28 29 på
194 867 63 21 dessa
272 867 40 21 och
328 868 24 20 af
364 867 129 29 föregående
507 867 68 21 talare
590 867 89 21 anförda
694 867 48 22 skäl
757 867 88 23 förorda

103 901 129 28 antagandet
254 902 24 20 af
298 901 47 21 herr
363 901 281 22 universitetssekreteraren
664 900 134 24 Grotenfelts
812 910 33 14 re-

101 935 115 27 servation,
237 942 46 14 som
303 935 89 21 biträdts
413 936 25 20 af
449 935 110 29 åtskilliga
574 935 66 21 andra
654 936 118 21 ledamöter
786 936 58 22 inom

101 969 111 21 utskottet.
249 969 45 28 Jag
312 969 38 21 vill
369 970 18 27 ej
407 970 132 28 ifrågasätta,
559 972 32 18 att
609 969 41 21 den
665 970 113 21 redaktion
796 970 49 22 herr

102 1002 128 29 Tengström
246 1003 111 28 föreslagit
371 1004 42 20 kan
428 1004 65 20 hafva
509 1004 113 26 företräde,
637 1011 47 14 men
699 1004 47 21 dels
759 1004 38 22 har
806 1005 38 27 jag

100 1037 48 22 icke
163 1038 50 20 fullt
227 1038 109 27 uppfattat
350 1037 129 27 densamma,
494 1038 45 20 dels
556 1038 57 21 ledes
626 1038 38 28 jag
679 1038 24 21 af
715 1038 83 21 önskan
813 1040 32 19 att

100 1072 64 21 vinna
180 1071 163 28 enstämmighet
357 1072 47 20 med
419 1072 26 21 de
461 1072 36 20 två
511 1072 70 26 stånd,
597 1071 72 21 hvilka
684 1072 67 22 redan
762 1072 83 28 antagit

100 1106 93 21 nämnda
211 1106 138 21 reservation.
384 1106 45 28 Jag
448 1106 74 28 tycker
541 1106 44 28 mig
604 1106 65 21 också
683 1106 65 27 finna,
763 1109 31 19 att
808 1106 37 22 det

100 1140 19 28 ej
135 1141 23 20 är
177 1140 94 21 särdeles
290 1143 44 17 stor
352 1140 85 21 skilnad
456 1140 89 22 emellan
561 1140 72 22 herrar
648 1139 140 29 Tengströms
803 1140 41 21 och

101 1172 133 23 Grotenfelts
250 1174 87 28 förslag.

168 1207 57 22 Herr
239 1207 97 23 Mölsä:
365 1208 45 21 För
424 1209 43 21 min
483 1208 35 22 del
533 1208 120 29 tillstyrker
665 1210 38 27 jag
715 1208 130 28 antagandet

101 1242 24 21 af
144 1241 78 29 nådiga
244 1242 168 28 propositionen,
435 1243 65 21 sådan
524 1243 42 21 den
588 1243 61 29 lyder
667 1243 7 20 i
691 1243 12 27 &
721 1243 32 20 11.
790 1240 55 23 Skäl

100 1277 38 21 äro
158 1276 89 22 anförda
262 1276 60 21 såväl
336 1279 57 19 emot
408 1284 46 14 som
469 1277 34 21 för
519 1277 70 21 denna
604 1278 19 27 &,
638 1276 54 22 både
707 1276 7 21 i
729 1276 115 22 utskottets

100 1310 135 22 betänkande
250 1310 40 21 och
306 1311 7 20 i
328 1310 59 22 detta
402 1311 68 21 stånd.
500 1311 44 29 Jag
559 1311 39 21 vill
613 1310 109 22 dessutom
736 1310 108 27 anmärka,

100 1347 32 19 att
153 1344 94 22 hvarken
266 1348 172 18 reservanternes
458 1345 7 21 i
479 1345 143 29 lagutskottet
637 1344 52 22 eller
703 1344 42 22 den
760 1345 24 21 af
795 1344 50 22 herr

100 1378 128 29 Tengström
248 1379 121 29 föreslagna
386 1380 113 21 redaktion
517 1380 43 21 kan
575 1379 34 21 stå
623 1379 7 21 i
645 1378 135 28 konseqvens
795 1378 49 22 med

100 1413 187 29 borgareständets
307 1413 71 21 beslut
392 1414 7 20 i
414 1414 12 28 &
443 1414 31 20 10.
505 1414 78 21 Denna
599 1414 12 28 &
627 1413 47 21 blef
685 1412 107 30 nemligen
807 1419 37 14 an-

99 1450 65 26 tagen
185 1448 67 28 enligt
275 1448 162 28 propositionen
460 1448 40 21 och
522 1448 38 22 der
584 1448 23 20 är
629 1448 8 20 i
659 1447 68 21 första
747 1446 97 29 punkten

99 1481 73 28 sagdt:
194 1481 52 21 ”har
268 1481 48 28 den,
338 1485 44 18 mot
404 1482 88 22 hvilken
515 1482 99 21 tillmälet
631 1482 84 28 rigtats,
737 1480 55 22 varit
809 1480 35 22 för
