1039 1773
212 159 42 21 540

183 224 33 20 att
231 222 77 21 sådant
323 222 42 21 kan
386 222 38 21 ske
444 221 75 22 endast
534 222 55 21 efter
604 224 65 26 tagen
687 230 113 20 noggrann
818 222 119 22 kännedom

184 263 36 15 om
236 256 42 21 alla
293 255 130 23 hithörande
438 255 191 29 omständigheter.

253 289 116 22 Utskottet
390 290 38 21 har
450 290 85 20 derföre
557 293 53 18 trott
629 290 34 28 sig
683 290 59 27 böra,
761 291 6 20 i
787 291 115 27 anledning
918 291 23 20 af

184 324 143 23 förevarande
350 324 199 30 petitionsförslag,
572 324 112 22 vördsamt
707 325 109 28 tillstyrka
839 326 99 26 borgare-

184 358 94 27 ståndet,
297 361 33 19 att
348 359 34 23 till
397 358 62 22 Hans
475 358 123 29 Kejserliga
613 358 104 29 Majestät
733 360 51 27 ingå
799 360 47 21 med
863 360 75 20 under-

184 393 68 28 dånig
274 393 129 23 hemställan
426 393 84 27 derom,
533 396 32 18 att
586 392 62 22 Hans
671 392 106 29 Majestät
798 394 140 28 allernådigst

184 427 86 21 täcktes
292 427 44 22 låta
357 427 132 23 underkasta
507 427 27 21 de
553 435 34 14 om
607 427 161 21 forstväsendet
783 428 7 21 i
805 428 72 21 landet
892 428 46 28 gäl-

184 461 65 22 lande
264 461 154 29 författningar
433 469 26 14 en
471 469 112 20 noggrann
597 461 41 22 och
652 462 128 28 fullständig
792 463 91 20 revision
896 462 40 21 och

185 495 71 24 tillika
275 496 108 22 anbefalla
402 496 170 28 undersökning,
587 495 107 22 huruvida
709 496 48 21 skäl
774 497 40 20 kan
832 497 105 21 förekom-

184 537 37 16 ma
243 529 33 24 till
298 530 169 28 anmärkningar
485 533 57 20 emot
561 531 66 21 sättet
645 531 34 20 för
695 531 62 21 deras
774 531 162 20 handhafvande

185 564 42 21 och
245 564 147 29 tillämpning,
415 564 88 21 emedan
523 564 124 29 derigenom
667 565 44 27 det,
730 572 46 14 som
792 565 144 28 tilläfventyrs

185 599 25 21 är
231 599 115 27 olämpligt
367 599 8 21 i
398 599 186 28 författningarne,
609 599 42 21 kan
675 599 88 23 komma
785 603 31 17 att
835 600 101 20 afskaflas

184 635 56 20 samt
262 632 117 29 utredning
401 640 35 16 om
460 633 157 28 befogenheten
641 634 24 20 af
685 633 137 28 klagomälen
845 634 5 21 i
870 634 66 27 öfrigt

186 667 84 23 vihnas.

252 706 150 30 Helsingfors,
416 706 42 22 den
475 707 24 21 11
516 715 57 14 mars
589 708 62 21 1864.

468 747 71 22 Adolf
550 747 104 24 Juselius,

254 785 28 24 C.
297 786 39 22 W.
351 787 18 20 I.
385 786 117 23 Sandman.
687 787 29 22 G.
733 787 135 29 Tengström,

301 827 75 22 Jakob
391 827 80 24 Mölsä.
663 825 53 25 Carl
733 828 21 22 J.
771 828 121 28 Grönberg,

758 869 59 16 Sixtus
830 869 106 17 Calamnius,

254 918 103 22 Ständets
376 920 98 21 enskilda
494 919 183 22 besvärsutskotts
693 920 135 22 betänkande
843 919 43 21 N:o
904 920 32 27 19,

186 954 24 23 så
224 954 105 29 lydande:

390 988 195 28 Borgareståndets
597 988 100 22 enskilda
710 988 182 22 besvärsutskotts
902 989 34 20 be-

356 1022 115 27 tänkande,
486 1023 7 20 i
509 1022 116 29 anledning
641 1024 24 20 af
674 1023 124 28 föreslagna
809 1022 127 22 underdåni-

356 1064 28 21 ga
403 1057 114 27 petitioner
535 1064 35 14 om
585 1057 188 27 undersökningar
788 1058 34 20 för
837 1057 99 27 tillväga-

357 1091 118 27 bringande
497 1092 24 20 af
541 1091 150 21 underlättade
714 1091 222 21 vattenkommnnika-

356 1126 69 20 tioner
440 1125 77 21 mellan
533 1125 37 22 det
584 1126 47 20 inre
646 1126 76 21 landet
737 1126 40 21 och
790 1120 146 26 Österbottni-

356 1160 40 21 ska
411 1159 83 23 kusten.

254 1194 40 22 Uti
313 1195 79 21 tvänne
412 1194 106 21 särskilda
533 1194 33 21 till
582 1194 115 29 vällofliga
714 1194 176 29 borgareståndet
905 1194 31 21 in-

184 1229 62 28 gifna
266 1228 137 23 memorialer
421 1228 65 21 hafva
504 1228 184 29 framställningar
709 1229 70 21 blifvit
797 1228 86 28 gjorda,
906 1231 30 17 att

184 1263 181 29 borgareståndet
387 1262 65 22 måtte
475 1262 32 21 till
531 1262 62 22 Hans
615 1262 126 29 Kejserliga
763 1262 105 29 Majestät
886 1262 50 28 ingå

184 1297 49 21 med
252 1297 149 28 underdåniga
420 1297 115 27 petitioner
553 1296 80 27 derom,
653 1301 30 18 att
701 1297 102 28 behöriga
819 1296 117 21 undersök-

184 1331 76 28 ningar
276 1330 72 23 kunde
364 1331 102 21 anställas
481 1338 35 14 om
529 1331 161 22 utförbarheten
703 1332 24 20 af
736 1331 148 28 upprensning
896 1330 39 21 och

184 1364 202 29 sammanbindning
410 1366 21 20 at
454 1365 66 29 några
539 1365 129 29 vattendrag
687 1366 6 20 i
715 1366 108 20 mellersta
838 1365 61 21 delen
916 1366 23 19 af

185 1399 69 21 Wasa
276 1400 43 26 län,
344 1398 137 28 hvarigenom
502 1400 32 20 för
553 1399 64 21 dessa
639 1400 93 20 trakters
751 1399 185 29 skogsprodukter

183 1434 72 20 kunde
279 1433 89 22 beredas
392 1432 90 23 flötbara
505 1434 285 22 vattenkommunikationer
813 1433 33 23 till
869 1433 67 23 läncts

184 1468 115 24 kustorter,
