1039 1773
775 162 40 21 271

95 229 18 27 ej
130 227 82 21 mindre
228 226 26 22 de
266 225 124 29 respektive
404 224 151 27 medstånden,
566 224 35 22 till
612 224 131 28 kännedom,
755 225 41 22 och
808 233 37 14 ex-

94 261 228 29 peditionsutskottet,
337 260 7 20 i
360 259 102 22 afseende
477 259 13 21 å
505 258 42 22 den
560 259 27 28 på
599 258 97 22 bemälde
708 259 85 22 utskott
808 268 37 13 an-

94 296 128 21 kommande
237 295 75 21 vidare
328 294 77 28 åtgärd
420 294 6 21 i
444 293 74 27 saken,
534 294 27 20 än
577 293 41 21 ock
630 292 49 22 herr
690 293 155 29 kronofogden

95 330 135 21 Lundström
245 329 41 21 och
301 328 51 22 herr
366 328 97 21 konsuln
477 327 122 27 Frenckell,
615 326 75 22 hvilka
704 327 64 21 torde
782 328 64 21 kom-

95 372 35 13 ma
148 366 30 19 att
197 370 78 22 genom
298 362 119 29 styrelsens
440 362 88 28 försorg
547 369 36 13 om
601 361 59 21 tiden
678 362 36 20 för
735 362 110 22 komiténs

96 397 200 22 sammanträdande
312 396 116 22 framdeles
444 396 105 22 särskildt
563 395 144 23 underrättas.

163 432 124 22 Fortsattes
310 431 47 21 från
380 430 55 22 sista
456 430 89 29 plenam
563 430 42 21 den
621 430 12 21 3
651 430 8 21 i
678 430 70 22 denne
765 431 80 22 månad

95 467 51 22 med
162 467 42 21 den
223 466 27 22 då
268 465 118 29 påbörjade
408 465 160 28 behandlingen
588 465 24 21 af
627 469 154 18 sammansatta
799 466 47 29 lag-

97 501 42 22 och
157 500 233 23 ekonomieutskottets
408 498 137 22 betänkande
563 499 44 21 N:o
623 499 12 20 6
657 500 8 20 i
687 500 118 28 anledning
824 501 24 20 af

96 535 80 29 nådiga
194 535 166 28 propositionen
382 533 113 29 angående
517 533 146 22 försvarslösa
679 541 106 21 personer
803 534 42 21 och

97 570 63 21 deras
175 569 142 29 behandling,
332 568 92 21 hvarvid
439 568 7 21 i
462 567 93 29 ordning
571 567 67 29 följde

316 608 2 2 |
441 608 13 28 s
469 608 34 21 23.

166 643 59 22 Herr
240 643 159 26 Tengström
421 642 96 29 yttrade,
541 645 32 18 att
591 642 65 21 sedan
675 642 42 21 den
735 641 38 22 vid
792 642 55 22 sistä

99 677 168 23 sammanträdet
288 677 91 22 rörande
398 677 13 28 &
426 676 27 21 22
473 675 108 22 anställda
599 676 101 29 votering
718 677 81 20 lemnat
813 677 34 21 till

98 713 92 22 resultat
208 715 32 18 att
260 711 91 22 berörde
370 711 12 28 &
401 710 72 22 blifvit
495 709 104 30 godkänd
620 710 68 29 enligt
707 710 41 21 den
767 710 80 29 nädiga

99 747 176 28 propositionen,
299 745 67 22 borde
384 745 64 21 deraf
463 745 53 28 följa
534 747 31 18 att
580 745 63 21 äfven
659 753 28 13 nu
702 745 144 22 förevarande

98 782 12 27 8
129 781 71 21 blefve
215 780 69 29 gillad
302 780 33 21 till
353 779 67 22 sådan
439 778 94 29 lydelse,
549 779 42 21 den
607 779 7 21 i
628 779 166 28 propositionen
814 787 33 14 er-

100 815 69 22 hällit.

168 849 58 22 Herr
240 848 152 22 talmannen
410 846 135 23 framställde
562 847 54 22 härä
633 846 94 30 följande
745 847 103 29 proposi-

99 885 47 21 tion
162 884 41 22 och
218 883 227 29 kontraproposition
433 879 14 38 :

168 918 133 22 Godkänner
319 917 86 21 ständet
419 916 70 22 första
504 916 137 21 alternativet
654 916 8 20 i
677 916 118 22 utskottets
811 916 36 22 be-

100 952 119 28 tänkande,
238 952 46 22 deri
303 951 100 22 förordas
418 950 123 30 antagande
556 949 25 23 af
592 951 13 27 $
620 950 27 21 23
665 950 70 29 enligt
749 950 41 22 den
810 951 37 21 nä-

101 988 52 28 diga
166 986 180 30 propositionen?

447 1011 53 24 eller

169 1049 71 23 Gillar
255 1049 86 21 ständet
354 1048 157 22 betänkändets
527 1056 76 14 senare
617 1048 128 21 alternativ?

169 1084 34 21 De
219 1091 46 14 som
281 1083 95 21 önskade
388 1083 37 21 det
436 1082 69 27 förra,
521 1090 64 14 svara
594 1082 102 28 jakande,
708 1082 41 22 och
761 1082 27 21 de
800 1090 47 14 som

101 1118 54 28 vilja
168 1118 37 21 det
220 1125 83 19 senare,
319 1124 63 14 svara
396 1117 105 21 nekande.

170 1130 135 54 Besvarades
324 1152 48 21 med
388 1151 162 29 öfvervägande
569 1150 158 29 röstpluralitet
743 1138 105 41 jakande;

102 1187 7 21 i
125 1186 54 28 följd
194 1186 78 20 hvaraf
283 1186 13 28 &
311 1186 27 20 23
358 1186 46 21 blef
416 1184 24 22 af
453 1185 88 22 ståndet
559 1184 69 30 gillad
642 1184 69 29 enligt
725 1184 123 29 ordalydel-

103 1228 39 14 sen
157 1221 7 21 i
179 1220 42 22 den
235 1220 79 28 nådiga
328 1220 175 28 propositionen.

444 1254 12 28 8
471 1254 35 21 24.

171 1288 58 22 Herr
241 1284 150 32 Öhrnberg:
406 1286 45 23 För
465 1288 45 21 min
525 1288 35 21 del
576 1288 33 21 får
621 1289 37 27 jag
673 1287 82 22 föreslå
769 1290 31 19 att
814 1290 34 19 ut-

105 1323 91 23 skottets
216 1322 135 22 betänkande
373 1322 91 22 rörande
483 1323 12 27 &
511 1323 27 20 24
555 1322 73 22 blefve
647 1322 92 29 ogilladt
757 1322 41 22 och
817 1325 33 18 att

103 1358 91 21 berörde
209 1358 12 28 &
235 1357 57 28 finge
308 1356 46 22 helt
369 1356 40 22 och
426 1356 67 22 hållet
507 1355 48 23 från
569 1356 144 29 lagförslaget
723 1356 59 28 utgå.
805 1356 44 21 Till

104 1392 50 21 stöd
168 1392 34 21 för
218 1391 70 21 denna
302 1392 57 28 åsigt
373 1391 106 28 åberopar
493 1392 38 28 jag
546 1390 58 22 hvad
619 1390 49 22 herr
682 1398 45 14 von
735 1390 115 22 Weissen-

103 1426 54 28 berg
172 1426 31 21 uti
222 1426 50 22 dess
291 1426 24 20 af
331 1425 50 22 flere
401 1425 216 22 utskottsledamöter
635 1424 100 22 biträdda
753 1431 97 15 reserva-

103 1460 47 21 tion
168 1460 91 21 rörande
278 1459 164 29 ifrågavarande
460 1459 35 21 del
513 1459 24 21 af
553 1459 66 22 saken
639 1459 77 21 anfört.
752 1456 43 23 Om
814 1466 37 14 en-
