1039 1773
212 120 42 21 486

184 183 7 20 i
210 182 70 21 denna
299 182 35 21 del
350 190 52 14 vara
416 182 128 29 tillräckligt
559 182 147 29 tillgodosedd
721 190 78 21 genom
814 183 100 29 tillägget
928 184 8 20 i

184 223 64 14 mom.
266 218 10 18 1
296 217 25 21 af
338 217 78 21 orden:
434 218 47 20 ”om
500 218 18 27 ej
535 216 134 22 annorlunda
684 217 75 21 derom
774 218 162 22 öfverenskom-

184 250 79 24 mits.”.
284 250 162 30 Tjenstehjonet
462 252 42 20 kan
519 251 92 27 således,
626 259 35 13 om
676 251 37 21 det
727 252 69 21 finner
810 252 77 21 sådant
898 253 38 21 nö-

184 284 54 29 digt,
261 286 37 21 vid
321 286 134 21 städslandet
474 286 87 28 betinga
579 286 35 28 sig
631 286 105 28 rättighet
751 288 31 18 att
796 286 54 21 efter
865 287 71 21 öfver-

184 319 158 22 enskommelse
364 320 68 21 under
452 320 158 28 legostämman
633 320 46 21 utfä
697 321 70 20 större
784 320 53 22 eller
852 321 84 21 mindre

184 354 36 21 del
235 354 25 22 af
272 354 72 22 lönen.
372 354 54 22 Man
442 354 43 22 kan
499 354 111 21 dessutom
625 357 86 25 antaga,
727 357 32 19 att
773 354 27 22 de
811 354 62 22 fleste
885 355 50 22 hus-

184 388 90 27 bönder,
290 389 65 21 äfven
370 392 51 18 utan
436 391 33 19 att
483 388 70 22 dertill
569 396 52 14 vara
636 388 107 30 skyldige,
759 388 47 22 icke
822 389 62 22 skola
898 397 37 14 ne-

184 422 28 21 ka
233 422 155 28 tjenstehjonet
406 422 93 22 förskott
517 422 28 28 pä
563 422 72 27 lönen,
650 423 89 21 säframt
754 422 126 23 husbonden
895 423 40 21 fin-

184 464 39 14 ner
244 457 153 28 tjenstehjonet
418 457 111 28 verkligen
552 464 52 14 vara
626 457 7 21 i
653 457 68 22 behof
741 457 63 22 deraf
823 461 55 18 samt
899 465 35 14 om

184 491 153 29 tjenstehjonet
362 499 78 20 genom
466 491 87 22 redbart
575 491 41 21 och
639 491 138 22 berömvärdt
799 492 135 27 uppförande

184 526 79 21 vunnit
278 525 138 22 husbondens
432 525 130 22 förtroende.
594 525 140 22 Beträffande
749 525 37 22 det
801 533 73 14 senare
889 534 46 13 mo-

184 562 87 25 mentet,
295 560 24 21 sä
336 559 39 22 har
394 560 48 21 herr
458 559 129 29 Tengström
605 559 67 22 redan
687 559 118 22 framhällit
820 560 114 29 obehörig-

184 593 64 22 heten
264 595 24 20 af
300 594 48 21 herr
364 593 92 22 Hildens
473 594 149 28 anmärkning.
657 594 46 28 Jag
717 594 38 21 ber
770 597 31 18 att
815 595 57 20 ännu
886 594 48 21 der-

184 628 33 21 till
240 628 22 21 fä
283 629 57 20 fästa
362 628 215 28 uppmärksamheten
596 628 29 28 pä
643 628 50 21 dei
709 628 90 21 berörda
814 628 120 29 stadgande

184 662 178 22 förekommande
378 661 75 22 orden:
469 662 121 28 ”olagligen
605 662 132 27 innehållit”,
752 662 82 22 hvilket
846 663 88 28 uttryck

184 696 99 29 tydligen
294 697 90 21 innebär
399 699 31 19 att
445 696 129 29 stadgandet
589 696 77 21 endast
680 697 92 21 handlar
787 704 34 14 om
836 697 37 21 det
887 697 45 28 fall,

184 730 28 21 då
230 730 135 27 husbonden,
388 730 66 21 ehuru
473 730 42 21 han
534 738 50 21 eger
598 730 100 29 tillgång,
713 731 118 21 innehåller
845 732 88 27 tjenste-

184 764 86 29 hjonets
284 765 45 21 lön.
351 764 45 21 För
410 765 44 20 min
469 765 34 20 del
519 765 119 28 tillstyrker
650 765 39 28 jag
704 765 90 26 således,
809 768 31 17 att
854 765 81 29 ifräga-

184 799 95 21 varande
294 800 13 27 &
322 799 72 27 måtte,
414 799 28 28 på
457 800 43 20 sätt
515 799 105 21 utskottet
635 799 120 28 föreslagit,
774 799 3 20 i
792 799 140 22 oförändradt

184 833 63 21 skick
262 833 134 28 godkännas.

252 872 58 22 Herr
324 872 148 22 Lemström
487 873 106 22 instämde
609 873 33 21 till
657 873 43 22 alla
711 873 60 22 delar
781 873 6 21 i
799 873 49 21 herr
860 867 72 28 Öhrn-

186 907 64 29 bergs
265 907 107 29 yttrande.

252 947 58 22 Herr
325 947 110 21 Hildén:
466 946 95 22 Säframt
576 955 49 13 man
640 948 49 21 icke
704 948 40 20 vill
759 950 33 18 tro
803 948 127 22 husbonden

184 982 29 28 på
235 982 53 21 hans
310 988 54 22 egen
387 982 94 28 uppgift,
500 981 23 21 så
542 988 64 22 synes
625 982 38 21 det
681 982 46 29 mig
746 982 67 21 blifva
828 982 59 21 svårt
902 985 31 18 att

184 1016 83 26 utreda,
286 1023 35 14 om
339 1015 43 21 han
401 1018 37 26 egt
453 1016 92 28 tillgång
559 1018 32 18 att
605 1016 97 21 utbetala
717 1016 163 28 tjenstehjonets
896 1016 37 21 lön

184 1050 54 21 eller
260 1058 34 13 om
316 1050 54 21 hans
392 1051 82 27 vägran
492 1050 111 28 verkligen
621 1050 96 28 grundar
733 1050 34 28 sig
782 1051 27 27 på
825 1050 108 22 bristande

184 1084 227 29 betalningsförmåga.
444 1084 155 21 Förhållandet
619 1085 61 21 torde
696 1086 18 26 ej
731 1092 66 20 gerna
812 1084 72 22 kunna
900 1088 32 17 ut-

184 1118 62 22 redas
269 1118 133 22 annorlunda
424 1119 26 20 än
473 1126 77 20 genom
571 1119 95 21 revision
684 1120 25 20 af
725 1119 138 21 husbondens
882 1118 50 22 börs

184 1153 41 21 och
244 1153 71 27 kassa,
334 1153 88 21 hvilken
437 1152 162 30 undersökning
614 1153 46 21 äter
675 1153 70 21 skulle
760 1153 51 21 falla
826 1153 34 28 sig
875 1160 59 14 mera

184 1188 111 28 olämplig.
333 1187 135 29 Stadgandet
490 1186 77 22 strider
585 1187 118 27 dessutom,
723 1187 71 21 såsom
810 1188 38 27 jag
866 1187 66 21 redan

184 1224 74 26 yttrat,
274 1224 58 20 emot
346 1222 75 28 lagens
438 1220 133 22 föreskrifter
586 1221 7 20 i
609 1222 67 20 andra
691 1221 112 21 enahanda
817 1221 44 21 fall.
884 1220 49 22 Den

184 1262 46 14 som
254 1257 77 27 vägrar
354 1258 32 18 att
403 1255 70 21 inlösa
492 1262 26 14 en
537 1255 130 28 skuldsedel,
683 1256 42 20 blir
741 1256 18 28 ej
776 1256 34 20 för
825 1263 26 13 en
866 1255 67 21 sådan

184 1291 83 27 vägran
282 1289 54 21 fälld
351 1289 33 21 till
399 1289 68 21 böter.

253 1323 58 22 Herr
322 1322 170 29 Tengström:
513 1323 91 21 Däman
613 1327 36 18 vet
661 1324 28 28 pä
700 1324 88 21 hvilken
800 1324 134 28 ständpunkt

185 1358 25 21 af
220 1358 99 28 bildning
327 1357 40 21 och
376 1357 66 29 insigt
450 1357 41 21 den
500 1358 99 27 tjenande
607 1358 87 22 klassen
705 1358 7 21 i
725 1358 48 22 värt
781 1358 49 21 land
840 1358 94 21 befinner

184 1393 41 28 sig,
234 1392 42 22 kan
288 1400 49 14 man
348 1394 51 19 utan
411 1394 31 19 att
454 1394 50 26 taga
515 1392 63 22 miste
590 1392 89 27 förutse,
692 1396 31 18 att
734 1392 42 22 den
784 1392 31 21 uti
827 1392 106 29 ifrägava-

184 1426 67 22 rande
266 1427 12 28 &
294 1426 152 29 tjenstehjonet
460 1426 97 22 lemnade
573 1427 115 29 anvisning
700 1429 31 19 att
743 1426 28 30 pä
783 1426 91 22 förhand
886 1427 47 21 med
