1039 1773
198 158 41 25 518

238 218 57 26 Herr
307 218 170 30 Tengström:
501 219 56 25 Herr
567 219 94 25 Hildéns
673 219 102 29 yttrande
786 226 65 23 synes
862 227 64 21 grune

169 254 29 24 da
220 254 34 28 sig
277 253 28 28 på
323 257 31 18 ett
373 253 152 23 missförstånd
543 254 42 24 och
605 262 26 15 en
651 254 81 28 oriktig
749 254 140 33 uppfattning
904 254 24 24 af

170 288 68 28 syftet
256 288 49 24 med
325 288 164 28 ifrågavarande
505 288 127 29 stadgande.
670 287 120 29 Meningen
806 288 47 25 med
870 296 56 17 sam-

170 318 35 30 ma
226 321 122 29 stadgande
370 323 24 23 är
414 326 52 18 utan
484 322 76 26 tvifvel
579 322 50 26 den,
649 326 32 21 att
697 322 91 25 likasom
804 330 79 21 egaren
898 330 27 17 en

170 357 58 27 gång
252 357 34 25 för
306 356 42 22 alla
368 356 77 26 undfår
464 357 121 28 ersättning
605 357 34 22 för
654 360 31 20 ett
700 356 81 24 afträdt
796 356 130 28 egoområde

170 391 56 26 efter
244 390 38 23 det
300 391 74 27 värde,
398 390 85 26 hvartill
500 390 222 29 värderingsmännen
739 391 126 32 uppskattat
879 390 46 25 det-

170 432 89 19 samma,
282 424 28 28 pä
332 432 82 14 samma
436 426 42 21 sätt
501 425 40 22 och
561 426 56 22 efter
635 425 115 24 enalanda
769 425 69 28 grund
854 425 70 24 skulle

170 459 68 26 ackså
258 455 146 32 ersättningen
420 459 105 26 utbetalas
542 459 32 26 till
589 460 69 24 äboen
675 459 12 21 A
703 463 30 18 ett
749 459 175 26 kronohemman,

170 494 35 21 De
228 493 37 26 två
287 493 75 26 ständs
380 493 131 33 deputerade
530 494 5 21 i
556 493 114 27 utskottet,
686 493 75 23 hvilka
776 494 98 24 förordat
888 494 38 23 det

170 535 75 14 senare
264 527 144 28 alternativet,
428 527 64 25 hafva
511 528 67 21 också
593 529 68 32 syftat
676 527 75 29 derpå,
767 531 31 19 att
812 528 114 25 ersättnin-

170 569 42 22 gen
230 562 33 21 för
279 563 141 27 nyttjorätten
436 562 70 25 skulle
521 562 53 28 utgå
589 562 28 32 på
632 569 83 17 samma
729 562 44 23 sätt
787 569 45 18 som
848 563 77 21 ersätt-

170 597 80 28 pingen
268 597 34 20 för
316 596 161 28 eganderätten.

240 630 58 27 Herr
314 630 107 26 Hildén;
452 629 45 30 Jag
515 630 42 22 kan
577 631 35 22 för
631 631 64 28 ingen
713 630 35 24 del
768 630 74 25 förena
857 629 44 29 mig
916 630 8 25 i

171 664 42 26 den
232 666 25 25 af
274 665 48 26 herr
337 664 132 29 Tengström
486 668 72 19 senast
573 664 96 22 uttalade
685 665 64 28 äsigt,
764 665 91 23 rörande
870 665 56 23 rätta

171 699 115 28 meningen
302 699 48 26 med
366 698 164 29 ifrägavarande
545 699 128 28 stadgande.
705 698 77 29 Enligt
796 698 93 22 nämnda
904 698 23 21 ä-

171 734 45 28 sigt
231 733 70 26 skulle
317 737 14 21 t.
342 740 32 14 ex.
391 732 49 27 den,
456 739 46 19 som
519 733 25 32 på
561 732 90 26 arrende
667 732 92 25 innehar
773 736 30 18 ett
818 733 108 24 kronobo-

171 768 71 26 ställe,
266 775 34 19 om
323 767 41 26 ock
383 767 77 21 endast
479 771 30 17 ett
527 767 23 25 är
569 767 25 25 af
609 767 150 24 arrendetiden
775 767 108 25 äterstode
898 767 28 25 dä

172 797 190 41 expropriationen
378 801 58 27 sker,
451 801 66 21 likväl
535 802 52 25 böra
602 801 7 24 i
625 801 122 28 ersättning
762 801 66 24 undfå
843 805 31 18 ett
889 801 37 21 ka-

171 831 61 42 pital,
248 835 152 27 motsvarande
414 835 42 25 den
472 835 98 23 afträdda
585 835 100 25 markens
698 835 73 28 värde,
783 835 82 23 hvilket
876 835 50 24 rim-

172 871 58 29 ligen
247 871 47 26 icke
312 870 40 26 kan
368 870 32 27 nti
415 870 129 28 stadgandet
559 871 65 23 afses,

190 901 2 2 =
242 904 64 28 Efter
324 904 71 27 slntad
412 904 123 27 diskussion
552 904 146 25 framställdes
715 904 24 25 af
753 904 48 26 herr
815 904 112 25 talman,

172 948 49 18 nen
241 939 119 25 utskottets
380 940 58 25 förra
454 939 114 26 alternativ
584 939 72 25 såsom
672 938 135 33 proposition
823 942 55 20 samt
894 939 34 21 sä-

172 982 46 18 som
235 969 215 42 kontraproposition
465 973 37 26 det
516 980 75 14 senare
607 973 138 25 alternativet
756 973 7 21 i
775 973 153 25 betänkandet,

242 1008 34 28 De
295 1015 47 15 som
360 1007 116 29 godkände
495 1008 36 25 det
547 1008 58 21 förra
621 1007 144 28 alternativet,
780 1007 69 22 skulle
865 1014 63 16 svara

170 1042 103 29 jakande,
296 1042 41 26 ech
355 1041 28 25 de
402 1048 46 20 som
467 1042 80 29 gillade
563 1042 37 21 det
615 1048 75 15 senare
705 1042 143 27 alternativet,
864 1048 64 18 svara

173 1077 106 27 nekande.

242 1110 136 26 Besvarades
398 1111 55 26 efter
471 1110 94 26 anställd
583 1110 102 29 votering
700 1110 48 21 med
767 1111 22 23 11
804 1110 23 29 ja
843 1110 40 23 och
901 1110 27 23 13

173 1147 46 29 nej;
242 1146 7 26 i
269 1146 53 27 följd
342 1145 78 25 hvaraf
436 1145 84 25 således
535 1145 37 25 det
587 1152 76 18 senare
678 1144 138 24 alternativet
831 1144 7 25 i
855 1144 73 25 betän-

172 1176 82 28 kandet
270 1180 46 25 blef
329 1180 25 25 af
366 1178 87 27 ståndet
467 1178 120 30 godkändt.

243 1220 44 22 Det
303 1219 68 29 tredje
386 1223 117 22 momentet
519 1219 32 26 till
567 1218 142 26 förevarande
725 1219 12 28 $
753 1218 92 29 gillades
856 1219 72 24 enhäl-

173 1254 42 28 ligt
230 1254 40 21 och
288 1258 50 19 utan
354 1254 125 24 diskussion
496 1253 97 27 sålunda,
609 1256 32 22 att
652 1253 73 21 ordet:
741 1253 187 25 ”kronoboställe”

174 1288 70 27 skulle
264 1288 104 21 uteslutas
388 1287 41 22 och
448 1288 6 22 i
473 1288 72 26 stället
561 1287 72 26 ordet:
653 1288 120 21 ”boställe”
787 1288 7 20 i
810 1291 72 20 texten
897 1288 33 23 in-

174 1324 65 25 föras:

242 1362 115 24 Anmältes
373 1362 40 24 och
430 1365 108 25 emottogs
554 1370 25 15 en
596 1362 128 28 deputation
741 1362 46 21 från
800 1362 132 21 bondestån-

173 1398 45 26 det,
241 1397 67 25 under
331 1396 118 26 anförande
469 1397 25 21 af
509 1396 208 28 landtdagsmannen
734 1395 82 28 Klami,
831 1404 46 13 som
893 1397 41 27 gaf

173 1432 117 21 tillkänna:
310 1432 38 26 1:0,
364 1434 31 18 att
410 1430 158 24 bondeståndet
583 1430 34 24 till
633 1430 119 25 ledamöter
767 1431 7 21 i
788 1430 37 22 det
840 1431 92 26 utskott,

174 1474 46 18 som
244 1465 85 27 komme
352 1468 31 19 att
402 1465 97 29 granska
517 1465 40 25 och
575 1466 83 29 justera
677 1464 255 30 expeditionsutskottets
