1039 1773
794 145 40 21 325

105 205 70 31 lighet
197 206 49 22 med
265 206 57 22 hvad
342 206 48 22 herr
407 206 82 22 Hildén
503 206 81 28 jemväl
601 209 73 25 yttrat,
689 206 38 22 det
743 207 68 23 under
826 208 36 22 ab-

106 242 90 21 borrens
212 241 67 21 lektid
295 242 23 20 är
334 240 96 30 skadligt
446 244 31 17 att
492 240 93 21 anställa
601 241 109 29 notdrägt,
725 249 48 14 men
786 243 76 21 svärli-

106 284 43 20 gen
172 275 61 22 torde
255 282 49 14 man
322 275 74 21 kunna
416 275 125 26 bestämma,
559 275 84 21 hvilket
661 275 60 29 slags
737 276 41 21 fisk
794 277 69 21 under

106 310 71 21 denna
196 310 31 21 tid
247 310 33 29 fär
297 309 79 28 dragas
392 308 48 22 med
456 312 44 23 not,
518 312 23 25 ty
557 309 46 21 ifall
618 309 37 21 det
670 312 15 18 t.
701 317 33 13 ex.
751 317 52 14 vore
819 311 43 20 för-

106 344 74 28 bjudet
196 347 31 18 att
241 344 67 28 draga
323 347 39 18 not
376 344 55 20 efter
446 343 111 25 abborrar,
573 343 72 21 kunde
657 351 48 13 man
715 344 23 28 ja
752 344 64 21 fällas
828 344 34 21 till

107 378 61 22 böter
183 378 7 22 i
205 378 102 22 händelse
322 385 26 14 en
364 377 61 29 dylik
440 377 43 21 fisk
498 378 69 20 finnes
583 378 6 20 i
605 381 71 17 noten.
707 378 44 28 Jag
762 378 100 22 förordar

105 412 95 28 derföre,
212 415 31 19 att
258 412 36 22 det
309 420 75 13 senare
400 412 136 21 alternativet
552 412 65 21 mätte
632 413 25 20 af
669 412 86 22 ständet
771 416 90 25 antagas

174 452 58 23 Herr
247 452 169 29 Tengström:
454 452 45 29 Jag
522 452 85 21 förenar
627 452 44 29 mig
691 453 32 21 till
743 453 43 22 alla
800 454 61 22 delar

105 487 49 21 med
174 487 49 22 herr
240 487 82 22 Hildén
342 487 40 21 och
402 487 99 21 förordar
517 486 36 21 det
569 487 24 20 af
607 487 99 27 borgare-
723 488 40 21 och
779 491 82 25 preste-

105 522 103 21 ständens
230 521 130 29 deputerade
384 524 93 25 antagna
499 521 129 21 alternativa
647 521 83 28 förslag
748 525 56 18 samt
822 521 38 22 vill

105 556 103 28 derjemte
226 556 56 21 fästa
302 555 191 29 uppmärksambet
509 555 36 21 vid
561 555 41 21 den
618 555 196 29 omständigheten,
829 559 32 18 att

106 590 39 22 här
161 590 39 21 alls
216 589 48 22 icke
279 591 23 20 är
318 589 67 29 fråga,
401 589 37 21 det
452 589 103 29 notdrägt
571 590 6 20 i
593 590 75 27 saltsjö
684 590 52 21 eller
748 591 118 25 annorstä-.

105 625 39 22 des
166 624 68 22 under
251 624 81 22 fiskens
350 623 68 22 lektid
438 623 145 29 ovilkorligen
603 624 55 21 skall
675 624 117 28 förbjudas,
808 628 52 18 utan

105 659 77 22 endast
197 662 31 18 att
243 659 27 22 de
285 658 168 27 vederbörande,
468 666 47 13 som
532 658 5 21 i
554 659 128 28 paragrafen
699 659 90 28 åsyftas,
804 659 8 21 i
826 660 34 21 sä-

105 694 56 21 dana
177 693 45 28 fall,
238 700 46 14 som
296 693 39 21 här
346 694 37 20 äro
396 693 113 28 uppgifna,
524 692 54 21 eller
590 693 38 20 när
640 693 99 28 förening
751 693 47 22 icke
812 693 48 22 blif-

105 729 33 20 vit
153 728 116 29 ingängen,
286 727 33 21 mä
334 727 86 22 komma
436 730 31 18 att
484 727 83 28 pröfva,
583 734 35 13 om
634 727 39 21 och
691 727 107 22 huruvida
812 732 48 17 not-

105 763 65 28 drägt
189 763 33 20 för
242 762 66 28 något
326 759 90 30 fiskslag
431 761 68 21 under
516 761 94 21 lektiden
627 761 38 22 bör
683 761 109 29 förbjudas
808 762 52 22 eller

104 797 56 22 icke.
194 795 90 23 Således
302 796 95 21 förfaller
413 795 47 22 hela
476 796 130 27 giltigheten
622 797 24 20 af
659 796 36 21 det
710 797 55 26 skäl,
780 799 32 19 att
826 797 34 22 sä-

104 831 57 21 dana
183 831 91 27 fiskslag
294 830 76 27 finnas,
390 830 74 21 hvilka
479 830 73 21 kunna
568 830 77 28 fängas
660 830 77 21 endast
751 831 41 21 och
808 831 52 22 alle-

104 869 50 19 nast
177 865 67 22 under
266 864 102 21 lektiden.
405 864 45 21 För
473 864 104 28 notdrägt
595 865 54 20 efter
667 864 63 30 dylik
748 865 42 21 fisk
806 865 53 23 böra

105 900 77 22 förbud
195 900 18 27 ej
227 899 103 22 utfärdas.
354 898 52 22 Men
416 899 36 21 det
464 899 69 21 finnes
546 899 63 21 äfven
623 898 66 22 andra
700 899 98 29 fiskslag,
810 900 48 22 med

104 934 81 26 hvilka,
196 934 71 21 såsom
284 933 49 21 herr
348 933 82 22 Hildön
446 934 118 26 omnämnt,
579 937 31 17 ett
623 937 88 17 motsatt
724 934 134 22 förhållande

103 976 52 20 eger
170 976 53 13 rum.
252 968 46 22 Det
314 968 23 20 är
351 968 49 21 icke
416 967 71 29 sagdt,
503 970 33 18 att
550 967 104 29 notdrägt
669 968 54 22 efter
739 968 119 29 saltsjöfisk

103 1002 69 23 under
194 1002 68 22 lektid
281 1001 137 29 nödvändigt
437 1002 56 21 skall
513 1009 52 13 vara
581 1002 119 28 förbjuden,
717 1006 50 18 utan
782 1002 77 22 endast

103 1041 34 18 att
155 1037 24 21 så
197 1036 39 22 bör
255 1036 46 27 ske,
320 1037 38 20 när
374 1036 215 28 omständigbeterna
607 1036 36 22 det
659 1036 78 27 fordra,
753 1036 53 22 eller
820 1038 39 20 när

103 1071 39 22 det
164 1078 61 15 anses
248 1070 78 29 nödigt
349 1071 33 21 för
401 1074 33 18 att
452 1071 75 27 afböja
542 1070 67 28 något
623 1070 102 29 fiskslags
741 1070 117 23 utödande.

103 1105 105 23 Deremot
220 1105 64 22 hafva
297 1104 74 22 adelns
383 1104 41 22 och
440 1104 170 22 bondeständets
626 1105 131 27 deputerade
769 1106 89 21 föresla-

103 1140 40 28 git,
158 1143 32 17 att
205 1138 102 29 notdrägt
322 1139 6 21 i
344 1138 74 28 saltsjö
435 1138 66 22 under
517 1138 67 22 lektid
601 1139 47 21 icke
664 1139 7 22 i
687 1139 70 29 någon
771 1139 88 22 händel-

103 1181 23 14 se
142 1174 34 22 mä
192 1173 119 28 förbjudas.
334 1172 76 24 Säsom
426 1172 69 22 kändt
510 1174 30 24 är,
557 1173 74 21 kunna
646 1173 58 22 vissa
719 1173 91 28 fiskslag
821 1181 37 21 ge-

102 1216 51 15 nom
169 1207 103 29 notdrägt
286 1207 68 22 under
369 1206 96 23 lektiden
481 1207 90 21 alldeles
586 1207 77 21 utödas
679 1208 64 20 ätven
755 1208 7 20 i
774 1207 82 28 saltsjö-

101 1242 131 29 Isynnerhet
247 1242 24 22 är
286 1242 59 21 detta
361 1242 60 21 fallet
436 1242 48 21 med
502 1242 85 21 braxen,
619 1241 61 22 Hvar
695 1241 56 22 enda
766 1242 24 21 af
798 1242 60 22 detta

102 1277 60 28 slags
181 1276 67 22 fiskar
267 1276 73 22 kunna
360 1276 76 28 fångas
456 1276 28 29 pä
502 1275 27 22 de
544 1276 86 27 ställen,
645 1275 39 21 der
699 1275 26 22 de
742 1275 116 29 uppehålla

102 1311 42 28 sig.
173 1310 45 28 Jag
233 1317 62 14 anser
310 1310 93 27 derföre,
419 1309 27 29 pä
458 1311 44 20 sätt
515 1313 82 25 preste-
609 1310 40 20 och
663 1310 195 28 borgareständens

102 1344 134 29 deputerade
258 1344 7 22 i
288 1344 106 21 utskottet
413 1344 82 29 jemväl
518 1344 104 27 förordat,
641 1344 37 21 det
695 1344 105 29 rättighet
818 1344 40 22 bör

101 1380 81 21 Jemnas
206 1377 162 23 vederbörande
391 1381 31 18 att
441 1386 78 20 genom
540 1378 77 22 förbud
639 1378 84 22 hämma
741 1386 27 14 en
790 1378 67 22 sådan

102 1412 132 27 förstörelse,
249 1412 42 21 den
306 1412 118 28 missnöjde
439 1412 68 21 likväl
524 1413 67 27 öppet
606 1412 97 22 lemmadt
714 1416 37 23 att,
765 1412 92 23 likasom

101 1448 7 22 i
128 1447 66 23 andra
213 1446 45 28 fall,
277 1446 66 30 klaga
361 1447 61 22 öfver
436 1450 31 18 ett
483 1447 72 30 dylikt
571 1441 226 33 förbud,
672 1437 12 44 i
698 1441 99 33 händelse
812 1446 45 24 det-
