1039 1773
781 161 41 21 539

99 226 41 22 och
157 228 31 19 att
203 225 83 21 säledes
301 232 41 20 om,
362 225 71 21 säsom
450 224 45 21 ofta
510 231 43 21 nog
569 224 61 21 torde
645 224 94 27 inträffa,
755 224 55 22 blott
825 232 27 14 en

101 260 55 21 enda
174 260 38 28 säg
231 260 35 20 vid
283 263 30 17 ett
328 260 68 20 större
412 260 129 26 vattendrag
557 259 23 20 är
595 258 100 28 inrättad,
711 259 71 29 nägon
797 260 55 20 kon-

101 295 89 21 kurrens
207 295 6 19 i
230 294 76 21 sädant
322 294 37 20 fall
375 294 39 20 alls
431 293 48 21 icke
494 293 43 20 kan
553 292 123 22 förefinnas.

169 334 64 20 ITvad
253 334 88 20 dernäst
359 332 101 22 beträffar
479 333 41 21 den
535 332 123 29 föreslagna
672 332 143 22 reduktionen
831 333 25 21 af

101 368 182 28 forstpersonalen
300 368 5 20 i
324 368 123 27 Uleäborgs
463 368 42 26 län,
521 367 40 25 bör
576 367 105 21 utskottet
693 366 113 26 vördsamt
817 374 37 14 an-

101 403 63 26 mäla,
178 406 30 17 att
221 402 104 20 utskottet
337 402 47 20 icke
396 409 51 21 eger
459 401 40 26 den
512 400 204 31 specialkännedom
729 409 34 14 om
775 401 78 29 skogs-

102 436 163 23 förhällandena
284 436 6 21 i
309 436 93 23 nämnda
420 436 44 26 län,
483 438 31 19 att
532 435 105 21 utskottet
653 435 71 22 kunde
739 436 28 29 pä
782 436 71 29 grund

102 472 63 26 deraf
178 471 81 29 afgifva
274 471 66 28 något
355 471 100 28 yttrande
471 478 35 13 om
519 470 116 28 förslagets
647 470 140 29 antaglighet,
798 467 55 24 lika-

103 513 46 14 som
169 506 41 21 ock
229 505 105 20 utskottet
352 505 33 21 för
401 505 67 28 öfrigt
483 511 63 19 anser
562 504 36 21 det
614 511 51 14 vara
680 505 51 27 föga
746 505 107 27 lämpligt,

103 544 32 22 att
150 541 31 20 uti
196 547 26 14 en
238 539 156 24 administrativ
410 538 164 29 angelägenhet,
586 538 71 22 säsom
668 538 77 28 denna,
757 538 39 22 hos
808 542 46 25 sty-

103 575 70 26 relsen
189 573 87 24 förorda
292 573 108 28 egentliga
415 572 236 29 detaljbestämningar,
831 571 2 2 :

172 613 108 29 Slutligen
303 613 32 22 får
357 613 113 26 utskottet,
492 613 7 20 i
521 612 117 28 anledning
659 613 24 20 af
699 612 105 29 förslaget
822 615 32 23 att

105 648 148 29 skogstrakter
272 648 70 22 skulle
360 651 58 18 emot
432 647 217 28 rekognitionsafgift
663 647 142 22 öfverlemnas
820 647 34 25 till

105 683 139 28 begagnande
267 682 24 21 af
310 689 91 21 egarene
424 681 33 25 till
477 681 128 22 industriela
625 681 155 29 anläggningar
794 681 60 22 inom

104 717 94 21 nämnda
216 717 42 26 län,
274 716 107 27 anmärka,
398 719 30 18 att
444 715 67 23 andra
527 715 92 22 artikeln
634 715 7 21 i
659 716 48 20 1851
727 715 34 22 års
776 716 78 28 skogs-

105 751 94 28 ordning
221 750 109 26 meddelar
353 750 135 25 föreskrifter
507 758 36 13 om
562 749 27 22 de
605 749 76 27 vilkor,
697 750 66 22 under
778 750 76 23 hvilka

104 785 96 24 kronans
222 785 80 28 skogar
325 785 71 20 kunna
419 784 100 28 upplåtas
543 784 32 24 till
599 784 94 22 enskildt
713 784 141 29 begagnande

105 823 57 18 emot
178 819 96 21 bestämd
290 819 54 28 årlig
360 819 73 28 afgift;
450 819 101 20 hvarföre
564 818 40 26 och
617 818 28 25 då
656 819 71 28 någon
740 818 115 21 framställ-

105 855 53 27 ning
173 853 47 21 icke
236 853 72 21 blifvit
323 853 63 28 gjord
402 853 81 26 derom,
501 856 31 17 att
543 852 27 21 de
583 852 6 21 i
601 853 71 20 ämnet
684 852 100 28 gällande
796 853 59 21 stad-

105 888 85 28 ganden
206 888 70 21 skulle
290 887 7 21 i
313 891 31 17 ett
358 888 52 20 eller
425 891 65 17 annat
505 886 101 22 afseende
623 894 50 13 vara
688 886 123 29 olämpliga,
823 891 33 17 ut-

105 923 81 26 skottet
209 925 70 18 ansett
301 922 71 21 denna
393 922 35 21 del
451 922 24 20 af
491 921 119 30 petitionen
628 921 48 23 icke
695 921 112 27 föranleda
822 921 33 27 till

106 957 74 27 vidare
195 956 115 22 utlåtande,

175 991 35 21 De
228 990 61 22 flesta
304 990 25 22 af
341 990 27 22 de
384 990 157 27 förhållanden,
557 997 45 14 som
618 989 7 24 i
640 989 216 28 petitionsmemoria-

106 1026 31 27 let
152 1025 93 26 beröras,
261 1026 37 20 äro
315 1025 24 21 af
352 1024 39 21 den
407 1024 128 21 invecklade
551 1024 42 21 och
609 1024 104 21 svårlösta
726 1029 43 24 art,
783 1026 31 19 att
829 1031 27 15 en

107 1060 103 28 vidlyftig
226 1059 114 28 utredning
355 1059 70 21 skulle
440 1058 110 22 erfordras
567 1058 33 21 för
615 1058 62 21 deras
692 1058 65 26 säkra
769 1058 87 22 bedöm-

107 1094 83 27 mande,
213 1093 40 23 och
276 1096 31 23 ett
328 1093 76 21 sådant
427 1093 38 21 bar
485 1093 113 27 utskottet,
617 1092 6 21 i
643 1093 81 24 saknad
740 1094 24 20 af
776 1093 81 28 nödiga

107 1128 164 28 upplyspingar,
295 1128 48 26 icke
365 1128 56 21 varit
439 1128 6 21 i
466 1128 87 20 tillfälle
572 1130 31 18 att
619 1127 87 28 afgifva.
736 1127 121 23 Enahanda

108 1162 108 29 klagomål
236 1162 53 21 både
308 1162 61 22 öfver
388 1162 77 28 sjelfva
481 1162 242 28 forstförfattningarne,
739 1162 40 20 och
794 1162 63 23 öfver

107 1196 63 23 deras
190 1196 164 25 handhafvande
373 1204 46 13 som
439 1196 23 23 af
480 1196 167 28 petitionärerne
664 1196 132 29 framställts,
811 1196 47 22 haf-

108 1238 28 14 va
159 1231 45 20 från
225 1230 50 22 flera
294 1230 43 26 håll
356 1230 57 21 inom
430 1230 73 27 landet
519 1231 106 26 försports
641 1230 40 20 och
696 1229 98 26 rättelser
809 1230 48 21 der-

108 1266 87 23 ntinnan
216 1265 70 21 blifvit
305 1261 115 37 påyrkade.
458 1260 74 27 Äfven
548 1272 35 13 om
599 1272 47 13 man
663 1264 50 20 ville
727 1266 85 26 antaga,
827 1267 31 18 att

107 1300 72 27 någon
202 1299 114 24 öfverdrift
333 1299 48 27 läge
403 1299 6 21 i
430 1298 137 28 klagomälen
583 1298 41 21 och
641 1302 30 18 att
686 1298 26 21 de
727 1298 7 22 i
750 1298 43 21 viss
809 1298 49 21 mån

107 1334 73 25 kunna
196 1333 88 21 härröra
299 1333 23 21 af
335 1333 98 21 enskilda
449 1334 114 26 intressen,
579 1333 66 21 måste
660 1332 56 22 dock
731 1332 128 28 medgifvas,

108 1372 32 17 att
155 1368 25 21 de
197 1368 46 20 icke
260 1368 80 20 kunnat
356 1367 68 21 blifva
440 1367 45 21 helt
501 1367 40 21 och
557 1366 66 23 hållet
639 1367 113 28 grundlöst
767 1367 93 21 framka-

108 1402 68 21 stade.
200 1402 51 21 Men
265 1402 104 20 utskottet
381 1402 38 21 har
431 1402 48 20 icke
492 1401 87 21 tilltrott
591 1402 33 27 sig
637 1405 30 17 att
681 1402 95 28 urskilja,
785 1402 74 20 hvilka

109 1436 63 23 bland
190 1436 134 27 klagomålen
340 1436 100 28 möjligen
457 1436 38 20 äro
512 1436 121 27 obefogade
649 1437 40 20 och
706 1436 74 21 hvilka
795 1442 65 22 grun-

107 1470 55 28 dade
178 1470 12 28 å
207 1470 96 28 verkliga
318 1470 212 28 missförhållanden,
546 1473 55 18 samt
613 1470 68 22 håller
693 1470 109 22 dessutom
815 1470 45 25 före
