1039 1773
238 160 41 21 396

208 223 34 20 för
262 223 219 29 mantalspenningar,
500 226 55 19 samt
573 223 25 21 de
614 223 6 21 i
635 223 67 29 öfrigt
717 224 24 22 af
753 227 31 19 ett
799 225 63 23 stånd
878 226 77 22 beslut-

208 264 28 14 na
252 257 150 29 förändringar
417 258 31 20 nti
464 258 115 21 utskottets
595 258 134 22 betänkande
744 259 48 21 icke
808 260 24 21 af
844 260 26 22 de
886 261 70 28 öfriga

208 290 91 22 stånden
312 292 101 28 antagits,
424 292 38 21 har
474 292 104 22 utskottet
590 292 116 28 kemställt,
717 292 107 23 huruvida
834 294 48 22 icke
893 294 61 22 hvar-

205 326 22 27 je
250 325 69 27 stånd,
343 326 32 21 till
399 326 108 21 häfvande
525 326 24 21 af
565 326 26 22 de
609 326 8 21 i
636 326 136 22 förestående
787 328 67 22 måtto
868 328 87 29 yppade

208 359 173 29 skiljaktigheter
403 360 6 21 i
432 360 105 27 besluten,
560 360 65 21 funne
645 360 80 29 skäligt
743 364 32 18 att
793 362 115 28 godkänna
923 366 32 18 ut-

208 394 92 21 skottets
317 394 134 21 betänkande
464 394 79 28 jemväl
558 394 8 21 i
581 394 100 22 afseende
696 395 13 21 å
723 394 28 23 de
766 396 24 21 af
802 396 84 23 ståndet
897 398 59 20 förut

208 428 48 21 icke
272 431 93 25 antagna
381 428 165 29 bestämningar.

276 467 64 22 Efter
355 468 144 28 uppläsandet
514 469 67 27 häraf,
597 468 47 22 blef
655 469 171 22 statsutskottets
838 470 116 21 föreståen-

208 501 27 22 de
258 502 159 28 framställning
439 503 25 20 af
483 502 176 29 borgareståndet
678 503 34 21 för
730 503 50 22 dess
798 503 35 22 del
850 504 105 29 enhälligt

208 535 110 29 godkänd,
340 536 34 21 till
393 536 53 28 följd
465 536 78 21 hvaraf
559 537 86 22 ståndet
663 537 70 22 beslöt
752 541 31 18 att
800 538 76 29 frångå
891 538 27 22 de
932 539 24 21 af

209 570 85 21 ståndet
320 570 123 29 föreslagna
469 571 114 21 afvikelser
605 571 46 21 från
675 571 116 22 utskottets
815 572 139 28 betänkande,

210 605 84 21 hvilket
312 604 84 22 således
414 605 22 21 af
451 604 177 29 borgareståndet
642 605 8 21 i
665 605 42 22 allo
723 609 85 25 antogs.
844 605 110 23 Skolande

209 638 155 22 underrättelse
379 639 75 21 härom
468 646 77 21 genom
560 639 201 29 protokollsutdrag
775 640 108 22 meddelas
894 641 60 21 såväl

208 673 100 28 samtliga
323 673 139 22 medstånden
477 679 46 15 som
537 673 247 28 expeditionsutskottet.

276 712 57 22 Herr
348 712 150 22 talmannen
517 711 102 30 föredrog
636 713 74 21 vidare
725 713 95 28 följande
836 713 45 22 från
896 713 58 22 med-

209 747 89 21 stånden
322 747 106 21 ankomna
447 747 206 28 protokollsutdrag,
672 747 150 22 innehållande
840 748 62 22 deras
917 749 36 21 be-

208 781 44 21 slut
269 781 7 21 i
294 781 162 21 nedannämnde
478 781 96 27 ärender,
596 781 118 28 nemligen:
737 781 47 22 från
806 781 148 29 ridderskapet

208 815 41 21 och
272 815 70 27 adeln,
365 815 34 21 för
421 815 41 21 den
481 815 12 20 3
512 815 7 20 i
538 814 69 22 denne
623 815 83 27 månad,
724 816 41 26 1:0,
779 815 7 22 i
801 815 116 28 anledning
932 816 20 21 af

208 849 80 28 nädiga
310 849 161 28 propositionen
493 848 44 22 N:o
557 849 36 26 16;
615 849 42 27 2:0,
676 849 8 21 i
702 849 116 28 anledning
835 850 25 21 af
874 850 80 28 nädiga

208 883 164 29 propositionen
386 882 44 22 N:o
444 883 32 27 19,
491 890 34 14 om
541 883 101 21 behofvet
656 883 25 21 af
693 891 26 14 en
735 883 219 30 fridlysningsstadga

209 918 33 21 för
257 918 84 21 landets
357 918 122 28 jernvägar,
498 917 87 21 kanaler
603 917 42 21 och
661 917 243 29 telegrafinrättningar;
919 918 34 21 för

208 952 40 21 den
264 952 12 20 7
292 952 89 26 dennes,
397 951 41 28 3:0,
453 952 7 20 i
475 951 115 28 anledning
605 951 22 22 af
642 951 170 28 presteständets
826 952 127 28 inbjudning

208 986 32 21 till
255 986 135 28 underdänig
404 985 90 29 petition
509 992 35 14 om
557 985 60 28 lägre
629 985 227 22 elementarskolornas
868 986 84 29 utvidg-

208 1020 52 28 ning
282 1020 54 22 efter
355 1020 69 21 behof
436 1019 47 22 med
499 1019 199 29 gymnasiiklasser;
720 1020 43 27 4:0,
777 1020 7 21 i
799 1020 116 29 anledning
930 1020 25 22 af

207 1061 81 14 samma
310 1054 74 21 ständs
407 1053 127 29 inbjudning
553 1054 32 20 till
604 1053 133 29 underdänig
752 1054 90 28 petition
857 1062 35 13 om
906 1054 46 22 lan-

207 1088 48 21 dets
274 1088 125 28 likformiga
417 1087 110 29 indelning
542 1087 7 21 i
561 1087 106 29 judicielt,
682 1088 167 22 administrativt
864 1088 40 22 och
919 1095 33 15 ec-

206 1122 123 21 klesiastikt
344 1121 131 26 hänseende;
490 1122 41 26 5:0,
546 1122 7 20 i
569 1122 116 28 anledning
700 1122 25 21 af
737 1129 79 14 samma
831 1122 73 22 ständs
920 1123 32 21 in-

208 1156 105 28 bjudning
334 1156 33 21 till
386 1155 133 28 underdänig
533 1156 92 27 petition
639 1163 35 13 om
689 1163 30 21 ny
734 1156 218 28 landtdagsordning
944 1151 13 37 ;

208 1191 41 26 6:0,
268 1190 7 21 i
290 1189 116 29 anledning
421 1190 24 20 af
458 1189 125 22 änbemälde
599 1189 73 21 ständs
688 1190 127 28 inbjudning
830 1190 32 21 till
878 1190 75 22 under-

207 1224 67 29 dänig
296 1224 90 28 petition
410 1231 34 14 om
466 1223 69 21 finska
553 1223 101 28 spräkets
669 1224 112 21 införande
796 1224 70 22 delvis
881 1224 71 22 säsom

208 1258 233 28 undervisningsspräk
456 1258 7 20 i
477 1258 83 21 landets
576 1258 74 20 skolor
665 1258 41 20 och
721 1258 147 21 universitetet
878 1266 27 13 m.
914 1266 39 18 m.;

208 1293 41 25 7T:o,
263 1292 7 21 i
286 1292 115 28 anledning
417 1292 28 21 af:
453 1291 166 29 presteständets
634 1291 127 29 inbjudning
776 1292 32 21 till
820 1292 133 29 underdänig

208 1326 91 28 petition
310 1333 35 13 om
357 1325 136 29 afhjelpande
502 1326 24 20 af
531 1326 80 21 bristen
620 1326 28 27 pä
659 1326 68 28 högre
738 1326 214 22 elementarläroverk

208 1360 6 21 i
229 1360 106 24 Karelen;
351 1359 41 27 8:0,
407 1360 7 20 i
430 1359 115 29 anledning
560 1359 23 21 af
597 1366 80 14 samma
692 1359 75 22 ständs
782 1360 126 28 inbjudning
920 1360 32 22 till

207 1393 134 28 underdänig
367 1394 90 27 petition
483 1401 34 13 om
541 1393 190 28 terminsafgiftens
753 1393 140 28 upphörande
915 1394 37 22 vid

207 1427 243 23 elementarläroverken
469 1428 7 20 i
495 1427 84 26 landet;
602 1428 34 20 för
651 1427 41 21 den
709 1428 26 20 14
750 1435 63 19 mars,
836 1428 40 26 9:0,
895 1428 7 21 i
917 1436 37 14 an-

207 1462 89 28 ledning
312 1461 24 21 af
349 1461 78 29 nädiga
442 1461 162 29 propositionen
619 1460 44 22 N:o
675 1462 31 27 18,
722 1461 110 30 angäende
847 1462 55 22 falsk
918 1470 36 14 an-
