1039 1773
794 148 26 21 15

93 212 66 27 ingen
178 218 71 13 annan
267 210 43 28 väg
329 210 84 28 öppen,
432 209 28 22 än
475 211 32 19 att
521 209 8 21 i
544 210 149 28 petitionsväg
712 210 86 23 anhålla
813 220 36 14 om

94 245 43 23 slik
152 244 102 28 ändring,
270 244 38 20 der
324 243 40 21 den
382 251 64 14 anses
462 242 73 30 nödig.
559 243 54 22 Men
629 246 32 19 att
675 244 98 22 deremot
785 253 64 21 gran-

94 279 39 23 ska
149 278 40 22 och
205 279 53 27 göra
272 277 154 29 förändringar
441 278 8 20 i
464 277 156 29 reglementen,
636 278 92 22 hvarom
743 280 20 27 ej
775 280 73 28 någon

93 313 138 28 proposition
248 314 23 19 är
287 312 117 22 ständerne
419 312 99 28 förelagd
537 312 40 21 och
593 312 91 23 hvarom
700 313 109 23 utskottet
827 315 19 27 ej

93 347 68 21 heller
180 347 87 28 afgifvit
286 347 67 27 något
371 346 122 27 utlåtande,
517 354 64 14 anser
597 347 39 28 jag
651 354 53 14 vara
718 347 130 29 grundlags-

93 381 89 29 stridigt
198 381 41 21 och
254 381 68 21 måste
339 380 84 22 således
439 382 104 20 motsätta
558 381 45 29 mig
618 381 126 22 detsamma.
775 382 73 22 Bank-

92 415 108 31 utskottet
214 414 40 22 har
268 415 109 28 nemligen
389 416 19 27 ej
420 414 109 29 tillstyrkt
540 415 67 28 något
619 418 65 18 annat
695 417 28 20 än
737 419 32 18 att
779 416 69 22 bank-

94 449 136 28 fullmäktige
247 449 70 26 skulle
332 449 129 24 hädanefter
473 449 75 21 utöfva
559 449 37 23 det
607 450 104 21 inseende
723 450 61 24 öfver
795 451 53 22 ban-

93 483 54 22 kens
166 483 144 28 förvaltning,
330 491 46 14 som
392 483 109 24 härintills
515 483 117 22 handhafts
649 485 24 20 af
685 484 163 23 ekonomie-de-

92 521 150 25 partementet.
279 518 69 21 Detta
369 517 98 24 tillräder
486 517 106 23 utskottet
611 518 126 27 ständerne;
758 519 41 21 och
819 519 29 28 pä

93 553 37 21 det
145 552 63 22 desse
226 552 66 24 mätte
311 555 51 21 veta
379 551 58 24 hvad
456 551 164 29 tillstyrkandet
641 553 97 26 innebär,
761 552 87 29 bifogar

92 587 108 24 utskottet
214 586 92 22 berörde
321 587 79 28 utdrag
414 594 26 16 ur
456 586 101 29 gällande
576 586 154 29 författningar
745 587 7 20 i
768 588 78 20 ämnet.

160 627 60 21 Herr
235 625 27 24 C.
277 627 23 22 J.
316 626 150 29 Grönberg:
488 626 107 23 instämde
614 627 8 20 i
636 626 51 22 herr
701 626 145 30 Tengströms

92 661 108 32 yttrande.

160 701 59 22 Herr
239 700 145 25 Sundman;
410 700 12 21 I
441 700 42 21 den
501 700 80 29 nädiga
599 701 167 28 propositionen
790 701 55 25 stär;

92 735 74 23 ”Hans
182 735 126 30 Kejserliga
326 735 118 28 Majestäts
464 735 66 28 afsigt
549 736 24 20 är
587 735 67 21 likväl
669 735 48 22 icke
733 739 32 18 att
779 736 67 21 binda

93 769 115 22 ständerne
224 770 7 20 i
246 769 72 22 denna
336 769 62 29 fråga
416 769 37 24 vid
472 769 39 21 här
529 769 125 29 föreslagna
675 770 170 29 bestämningar,

91 806 53 21 utan
160 803 55 22 skall
230 803 63 24 Hans
308 803 107 29 Majestät
430 803 33 22 till
478 804 105 28 pröfning
599 807 96 26 upptaga
711 804 26 21 de
748 804 48 22 frän
808 805 37 21 de-

92 845 80 15 samma
187 837 115 22 afvikande
316 838 92 29 förslag,
420 837 76 22 hvilka
508 833 116 26 ständerne
639 838 73 21 kunna
727 838 59 22 finna
797 839 48 23 skäl

91 876 33 18 att
141 873 8 21 i
167 872 76 29 frågan
266 872 100 28 afgifva”
403 872 72 22 Deraf
496 880 66 24 synes
581 875 31 19 att
630 873 23 21 vi
668 873 26 28 ju
712 873 39 21 här
770 873 75 22 kunna

90 907 81 24 föreslä
186 906 88 25 hvilken
289 906 129 29 förändring
434 914 47 14 som
496 907 63 24 helst.

158 946 34 25 På
206 946 75 25 derom
296 946 24 22 af
332 946 51 22 herr
398 946 152 22 talmannen
564 946 135 22 framställda
711 948 133 28 propositio-

90 989 39 13 ner
144 981 80 29 gillade
240 981 86 25 ståndet
341 981 110 21 femtonde
467 984 120 18 momentet
601 981 24 21 af
637 981 120 22 utskottets
768 981 79 22 betän-

90 1016 71 21 kande
177 1015 149 24 oförändradt.

158 1056 108 23 Sextonde
282 1055 42 22 och
339 1055 108 29 sjuttonde
462 1060 144 17 momenterne
621 1058 93 26 antogos
733 1058 52 19 utan
800 1055 44 22 dis-

89 1090 100 22 kussion.

157 1129 12 21 I
184 1130 118 23 adertonde
316 1134 114 20 momentet
443 1130 102 27 föreslås,
561 1132 32 19 att
604 1130 74 28 frågor
689 1137 36 14 om
739 1130 106 28 beviljan-

89 1164 28 21 de
133 1164 23 21 af
168 1164 36 22 lån
219 1172 26 16 ur
259 1164 218 28 hypotheksfonden,
491 1164 82 30 jemväl
587 1164 36 21 till
638 1166 71 20 större
723 1164 81 28 belopp
816 1165 28 21 än

90 1201 103 19 sextusen
208 1198 71 28 rubel,
301 1198 7 21 å
323 1206 81 14 samma
419 1199 106 28 fastighet
540 1198 52 22 eller
607 1201 58 19 emot
681 1205 81 14 samma
772 1198 71 28 hypo-

89 1232 62 27 tbek,
170 1232 115 22 framdeles
300 1232 58 29 finge
373 1233 53 21 bero
442 1234 28 27 på
485 1232 195 22 bankdirektionen
695 1232 43 22 och
751 1232 48 21 icke
814 1232 30 28 på

88 1266 202 29 bankfullmäktige.
320 1266 112 25 Häröfver
446 1267 87 29 yttrade
549 1268 34 29 sig

156 1306 59 22 Herr
230 1306 144 24 Sundman:
390 1307 44 29 Jag
449 1307 124 21 föreställer
583 1307 46 29 mig
641 1309 31 19 att
682 1306 160 22 bankfullmäk-

88 1341 46 28 tige
150 1341 60 21 alltid
226 1341 71 28 någon
313 1342 46 21 viss
375 1342 74 21 timme
464 1342 29 28 på
507 1341 71 29 dagen
593 1342 68 20 måste
677 1342 70 20 finnas
763 1341 79 21 tillstä-

87 1374 40 22 des
150 1376 6 20 i
180 1375 96 24 bankens
300 1375 120 27 direktion,
444 1376 41 23 och
507 1376 28 21 då
557 1376 42 21 blir
618 1376 37 21 det
672 1376 23 28 ju
715 1375 76 21 lättare
808 1376 34 21 för

87 1409 197 23 bankdirektionen
300 1413 32 19 att
347 1410 54 23 höra
416 1410 48 21 dem
480 1410 7 21 i
504 1410 56 23 slika
574 1410 81 28 frågor,
675 1411 28 20 än
718 1410 37 20 det
769 1408 73 22 härin-

87 1444 46 21 tills
149 1444 57 21 varit
220 1447 32 18 att
267 1444 113 21 hemställa
396 1444 103 28 frågorna
513 1444 32 22 till
562 1444 281 28 ekonomie-departemen-
