1039 1773
208 123 42 25 312

180 191 43 25 och
238 198 27 15 en
280 191 34 21 sin
330 191 61 22 andel
408 192 24 22 af
444 191 49 29 sjön
507 191 62 22 öfver
584 191 49 21 hela
648 191 49 22 dess
709 191 59 28 vidd,
780 192 41 22 och
832 200 34 14 om
878 192 52 27 äter,

180 225 72 25 säsom
268 226 46 21 ofta
328 226 62 21 fallet
404 227 31 26 är,
451 234 26 14 en
492 226 55 28 insjö
563 226 81 21 lemnas
657 226 95 21 oskiftad
765 226 33 21 till
810 226 120 28 framtiden,

180 260 78 25 förblir
279 260 152 24 fiskevattnets
454 260 141 28 begagnande
615 260 111 23 derstädes
745 261 108 22 samfäldt.
887 261 45 22 Det

180 294 44 25 kan
246 294 83 24 således
352 294 48 26 icke
422 294 163 28 ifrägakomma,
608 297 31 18 att
661 295 31 21 uti
715 294 80 28 insjöar
814 294 118 23 bestämma

180 328 242 29 strandeganderättens
437 327 157 29 utsträckning.
624 327 12 25 TI
650 328 107 24 utskottet
771 328 61 22 sökte
847 329 36 23 väl
898 329 34 21 till

181 370 27 16 en
231 363 74 28 början
328 362 41 23 den
392 363 64 29 åsigt,
479 369 45 15 som
544 362 49 26 herr
611 362 117 22 statsrådet
743 370 42 13 von
800 362 60 24 Born
876 363 6 22 i
898 363 34 23 sin

180 396 133 25 reservation
331 397 85 27 uttalat,
432 397 53 28 göra
499 396 34 28 sig
548 396 111 29 gällande;
681 404 49 14 men
746 396 65 22 sedan
827 397 105 21 utskottet

181 431 73 24 blifvit
276 430 96 23 erinradt
394 430 74 27 derom
491 434 30 21 att
540 431 108 29 insjöarne
666 431 38 23 äro
720 430 82 24 enskild
819 431 111 29 egendom,

181 465 117 29 frångingo
313 465 43 22 alla
370 465 67 25 andra
452 465 47 23 sina
514 465 139 28 påståenden,
667 468 61 21 utom
745 465 49 25 herr
810 465 122 27 statsrådet,

181 507 48 18 som
248 499 132 24 fortfarande
399 499 83 25 vidhöll
498 500 33 25 sin
547 499 58 23 förut
619 499 86 29 yttrade
720 500 93 28 mening.
850 499 44 21 Det
908 500 24 23 är

181 533 129 32 visserligen
322 537 70 22 sannt,
404 533 58 23 hvad
477 533 71 29 någon
563 534 24 23 af
600 533 27 22 de
642 533 131 28 föregående
788 533 93 22 talarene
896 541 36 16 an-

181 568 79 27 märkt,
275 571 32 18 att
320 567 100 29 Ladoga,
436 568 7 21 i
459 567 105 26 anseende
579 568 34 26 till
629 567 49 24 dess
690 567 88 28 storlek,
790 568 63 21 äfven
866 567 66 24 borde

181 609 64 19 anses
264 609 46 16 som
329 602 40 26 haf
388 605 55 22 samt
462 605 31 22 att
511 601 229 29 strandeganderätten
759 602 37 26 der
810 602 71 21 kunde
897 602 35 21 be-

182 637 91 30 gränsas
288 636 32 21 till
336 639 31 18 ett
381 636 55 27 visst
452 636 93 28 omfång.
575 635 81 26 Derom
672 643 39 18 var
727 637 62 24 äfven
805 636 61 29 fråga
881 637 6 20 i
900 639 33 18 ut-

182 671 90 26 skottet,
287 678 49 18 men
350 670 60 21 detta
426 670 78 31 ansågs
519 677 51 15 vara
585 673 31 18 ett
631 670 24 21 så
669 670 137 30 partikuliert
818 670 115 26 förhållan-

182 705 34 27 de,
232 707 32 20 att
278 704 36 26 det
328 705 19 28 ej
364 704 67 22 borde
446 705 51 28 ingå
511 705 7 21 i
533 704 26 23 de
575 704 108 24 allmänna
695 704 127 29 grunderna,
834 707 50 20 utan
898 712 35 14 en-

182 739 50 25 dast
247 739 125 24 omnämnas
387 739 7 21 i
406 739 40 21 den
460 738 109 23 blifvande
581 738 166 29 detaljstadgan.
777 738 100 25 Derefter
889 739 47 22 blef

182 773 37 26 det
237 773 7 27 i
263 773 106 26 utskottet
392 773 60 28 fråga
472 780 34 14 om
525 772 240 29 strandeganderättens
784 773 149 28 utsträckning

182 807 38 22 vid
236 807 132 27 hafsstrand,
384 807 92 26 hvarvid
491 807 41 21 den
546 807 85 28 åsigten
647 807 90 24 allmänt
751 807 77 28 gjorde
843 807 34 29 sig
888 808 46 28 gäl-

182 841 72 28 lande,
276 844 32 23 att
329 841 27 23 de
374 842 8 21 i
401 841 79 29 nådiga
498 841 162 28 propositionen
680 841 124 28 föreslagna
819 841 115 24 etthundra

182 876 111 24 famnarne
308 883 52 14 vore
376 878 31 21 ett
422 875 74 25 alltför
510 875 114 21 inskränkt
640 875 228 26 fiskevattensområde
880 880 54 19 samt

182 913 32 23 att
229 910 119 26 detsamma
362 910 67 26 borde
445 909 128 27 utsträckas,
588 917 48 14 men
650 910 54 24 huru
717 910 67 28 långt,
796 910 72 24 derom
880 918 53 15 vora

182 944 139 28 meningarne
336 944 83 26 delade,
435 944 32 26 till
485 944 52 30 följd
549 944 78 21 hvaraf
637 944 100 28 votering
749 944 123 26 anställdes,
884 944 51 22 derå

182 978 132 30 deputerade
330 978 34 23 för
380 978 26 22 de
422 978 202 28 hufvudsakligaste
637 978 164 29 jordegarene
800 1001 2 2 i
819 978 47 24 vårt
877 978 58 28 land,

182 1013 108 38 nemligen
309 1012 151 32 ridderskapet
479 1012 39 25 och
535 1012 74 26 adelns
625 1016 56 18 samt
696 1012 176 28 bondeständets,
892 1004 44 30 för-

182 1047 69 22 enade
273 1047 34 28 sig
329 1054 35 19 om
388 1050 31 22 att
441 1046 110 25 utsträcka
570 1046 167 29 strandegarens
755 1046 127 25 fiskevatten
901 1047 33 25 till

182 1065 125 41 trehundra,
322 1088 48 14 men
385 1083 82 25 preste-
483 1080 39 23 och
539 1080 195 30 borgareständens
750 1080 76 23 endast
840 1080 32 23 till
888 1081 46 24 tvä-

182 1114 84 26 hundra
282 1114 89 25 famnar,
401 1114 78 24 Denna
494 1114 151 29 skiljaktighet
659 1114 48 22 blef
719 1114 121 22 sedermera
856 1115 34 21 vid
901 1116 33 28 ju-

182 1149 108 28 steringen
304 1148 190 29 sammanjemkad,
510 1149 23 25 sä
548 1152 31 21 att
594 1149 49 27 den,
658 1150 7 20 i
680 1148 71 22 likhet
765 1148 47 22 med
828 1150 107 24 särskilda

182 1183 68 21 andra
264 1183 128 21 alternativa
407 1184 90 28 förslag,
511 1183 146 23 utelemnades
673 1183 47 21 frän
734 1182 116 22 utskottets
861 1184 73 21 betän-

181 1217 78 26 kande,
292 1216 162 29 Ridderskapet
473 1217 40 22 och
532 1217 75 21 adelns
623 1220 55 21 samt
695 1217 167 25 bondeständets
877 1218 57 25 med-

181 1251 89 24 lemmar
288 1252 6 20 i
314 1252 106 24 utskottet
435 1251 126 26 betraktade
577 1251 65 22 saken
659 1259 59 17 mera
733 1251 46 21 frän
796 1252 138 28 synpunkten

182 1286 25 21 af
220 1286 142 28 jordegarens
382 1287 43 21 rätt
444 1286 40 20 och
501 1286 75 26 fördel,
593 1286 26 23 de
635 1286 71 28 öfriga
721 1285 102 23 ständens
839 1286 95 21 deremot

181 1320 49 22 med
246 1320 101 24 afseende
362 1320 46 21 dels
424 1320 13 21 ä
452 1320 76 28 nödigt
543 1320 72 28 skydd
632 1320 33 21 för
679 1319 82 26 fiskens
775 1320 160 40 fortplantande

182 1354 41 22 och
246 1354 124 28 förökning,
393 1354 40 21 och
456 1354 46 22 dels
521 1354 51 22 derä
591 1357 30 17 att
641 1354 42 22 alla
702 1354 85 22 landets
806 1354 129 21 innevånare

180 1388 88 22 skulle
263 1384 12 36 i
282 1388 122 28 möjligaste
419 1388 68 24 mätto
503 1388 66 22 blifva
584 1388 112 28 delaktiga
711 1389 24 20 af
744 1388 190 26 fiskeriförmänen.

180 1422 126 28 Utskottets
330 1422 135 27 betänkande
487 1423 24 21 är
529 1422 37 26 det
586 1422 90 30 förslag,
695 1430 47 14 som
761 1422 54 26 efter
830 1430 105 14 samman-
