1039 1773
204 142 27 22 72

175 208 32 18 att
221 204 135 22 föreskrifva
374 204 29 28 på
422 203 55 22 huru
497 204 51 28 lång
563 202 32 22 tid
612 203 75 21 vexlar
702 202 21 22 få
739 203 108 21 utställas.
884 202 49 23 Här

174 240 25 20 är
214 238 109 29 nemligen
343 238 109 22 bestämdt
471 240 32 19 att
521 238 87 28 längsta
627 237 150 22 förfallotiden
792 238 35 20 för
842 238 91 21 diskont

175 274 19 27 ej
211 273 71 21 skulle
297 273 22 21 få
338 272 122 28 öfverstiga
479 273 34 27 sju
531 271 103 22 månader
657 273 34 20 för
713 272 75 20 vexlar
811 275 56 17 samt
889 273 43 20 fem

174 307 104 21 månader
293 307 35 21 för
343 306 142 29 anvisningar
501 306 41 22 och
558 306 178 28 förskrifningar.
766 305 52 22 Icke
830 306 39 20 har
880 306 52 21 ban-

174 341 44 21 ken
234 342 46 20 haft
298 341 73 28 någon
391 340 80 22 förlust
493 340 71 28 deraf,
587 344 32 17 att
637 340 82 21 sådana
738 340 74 21 vexlar
827 340 57 21 varit
899 343 33 17 ut-

175 375 81 23 ställda
270 375 29 28 på
314 378 32 18 ett
360 376 30 20 år.
420 374 45 29 Jag
480 374 125 22 hemställer
621 375 66 27 förty,
703 382 36 13 om
753 374 49 21 icke
818 374 64 22 dessa
894 374 38 21 be-

176 410 136 27 stämningar
328 408 60 30 finge
408 409 46 22 helt
469 409 41 22 och
527 408 66 23 hållet
608 409 52 21 bero
677 408 28 28 på
723 408 209 29 bankfullmäktiges

175 444 42 22 och
232 443 226 22 bankodirektionens
474 442 164 29 godtfinnande.

243 477 60 23 Herr
318 477 91 23 Malm:
425 477 305 28 Ekonomie-departementet
744 477 7 20 i
767 477 116 28 kejserliga
899 484 33 15 se-

174 514 66 20 naten
256 512 39 21 har
310 511 109 23 härintills
432 511 45 22 haft
489 511 112 22 enahanda
612 511 108 28 uppdrag.
744 511 44 22 Det
799 512 24 20 är
836 519 27 13 nu
876 511 57 21 blott

175 545 63 30 fråga
254 554 34 13 om
300 546 136 28 uppdragets
452 545 169 29 öfverflyttande
637 546 13 21 å
666 545 204 30 bankfullmäktige,
882 545 48 22 icke

176 588 36 14 om
227 580 129 28 förändring
371 580 23 22 af
407 579 119 29 detaljerna
544 580 6 21 i
570 579 103 30 gällande
689 579 155 29 reglementen.
881 580 49 21 Den

176 614 24 21 af
212 614 50 21 herr
278 614 112 23 Sundman
405 614 129 22 framhållna
549 614 164 29 omständighet
727 613 146 22 förekommer
884 615 7 20 i
903 614 27 21 33

175 649 13 27 8
205 648 24 23 af
241 648 119 29 kejserliga
374 648 157 29 förordningen
547 648 42 21 den
607 648 25 20 13
648 649 55 27 april
721 648 61 21 1859.
814 647 46 22 Vill
873 648 59 21 stän-

175 683 38 23 det
228 683 97 22 deremot
340 684 54 27 göra
410 683 67 28 några
492 683 175 28 anmärkningar,
684 683 25 21 så
720 683 45 21 står
777 682 37 21 det
824 682 35 21 väl
873 682 58 21 stån-

175 717 38 22 det
228 717 56 27 fritt,
303 725 49 13 men
372 717 60 21 detta
452 717 60 21 torde
530 717 57 21 dock
605 717 48 21 icke
673 725 53 13 vara
741 717 56 20 rätta
814 717 69 28 vägen
900 719 31 18 att

175 751 150 22 åstadkomma
340 751 81 28 nödiga
436 750 117 29 ändringar
568 751 7 21 i
593 751 68 28 sagde
676 750 154 29 reglementen.

244 785 59 22 Herr
318 785 143 22 Sundman:
484 785 35 21 Dä
534 788 31 18 ett
579 789 50 24 nytt
648 785 132 28 reglemente
795 784 35 21 för
845 784 85 21 banken

175 827 29 14 nu
220 819 56 22 skall
292 824 102 24 antagas,
415 822 36 18 vet
464 820 38 27 jag
517 820 19 28 oj
553 819 56 22 hvad
627 827 46 14 som
690 819 71 22 skulle
777 819 79 21 hindra
872 819 59 21 stän-

175 853 37 22 det
228 856 31 18 att
274 853 68 22 ändra
357 853 27 21 de
400 853 145 29 stadganden,
564 861 47 14 som
627 855 60 20 förut
706 853 55 29 gällt
776 853 34 21 för
825 853 105 21 bankodi-

175 888 125 26 rektionen,
317 887 58 22 helst
390 888 116 22 ständerne
522 896 28 12 nu
567 888 63 21 skola
645 888 88 22 utfärda
748 888 33 21 sin
797 888 133 21 instruktion

175 922 35 21 för
226 921 201 29 bankfullmäktige.
465 922 127 22 Emellertid
613 922 69 28 gäller
697 922 38 21 det
749 922 134 21 fortfarande
900 924 32 18 att

174 956 197 28 bankfullmäktige
391 956 63 21 skola
472 956 40 28 ”på
531 956 98 22 anmälan
649 957 42 21 och
713 956 83 28 förslag
812 956 24 21 af
848 956 82 21 banko-

175 990 138 22 direktionen
328 990 110 22 fastställa
454 990 102 28 beloppet
571 991 24 20 af
609 990 98 22 bankens
723 990 152 22 diskontränta
889 990 41 22 och

175 1024 89 29 längsta
274 1024 149 22 förfallotiden
436 1025 34 21 för
481 1024 195 29 diskonteringar”,
688 1032 49 14 men
751 1024 100 22 hvarföre
864 1024 67 22 bank-

175 1058 137 29 fullmäktige
325 1058 62 22 skola
399 1058 112 24 förbindas
527 1062 32 18 att
574 1062 80 26 antaga
667 1060 47 27 just
729 1060 34 27 sju
775 1059 103 21 månader
889 1058 41 22 och

176 1093 48 21 icke
244 1100 38 14 sex
298 1092 53 22 eller
366 1092 44 22 tolf
422 1093 109 27 månader,
546 1092 42 22 kan
602 1094 38 27 jag
656 1094 19 28 ej
695 1093 76 21 förstå.
801 1093 44 28 Jag
861 1092 70 22 skulle

175 1127 87 21 derföre
278 1126 80 22 föreslå
373 1129 33 19 att
419 1127 196 28 bankfullmäktige
631 1127 58 29 finge
706 1127 120 22 bestämma
845 1127 86 28 längsta

175 1161 60 21 tiden
251 1161 34 22 för
300 1161 245 29 vexeldiskonteringen
563 1162 55 21 efter
637 1162 34 28 sig
691 1161 126 22 företeende
836 1162 95 20 omstän-

175 1196 100 28 digheter
294 1196 41 22 och
355 1196 49 21 med
423 1196 101 21 afseende
541 1196 18 21 å-
568 1196 57 21 hvad
645 1203 48 14 som
709 1196 24 20 är
747 1195 127 29 lämpligast
889 1196 41 21 och

176 1230 153 29 förmänligast
344 1230 34 22 för
394 1230 85 21 banken
495 1230 41 21 och
553 1230 229 22 vexelinnehafvaren,
805 1230 50 22 Den
870 1230 62 28 läng-

176 1267 34 21 sta
225 1264 61 22 tiden
301 1264 39 22 har
354 1264 111 23 tillförene
480 1265 56 21 varit
551 1264 44 22 tolf
607 1264 110 22 mänader.

244 1298 59 23 Herr
319 1298 93 22 Wolff:
428 1298 44 28 Jag
487 1298 46 21 åter
548 1297 70 22 skulle
635 1306 52 14 anse
703 1298 38 21 det
755 1298 34 20 för
805 1297 126 29 lämpligast

175 1335 32 19 att
229 1332 132 29 stadgandet
383 1332 100 28 gvarstär
505 1332 149 22 oförändradt.
693 1332 44 22 Det
759 1332 57 22 afser
835 1332 96 21 bankens

176 1366 112 27 säkerhet,
304 1366 40 21 och
358 1367 24 27 ju
398 1366 87 22 kortare
501 1367 60 22 tiden
576 1367 36 21 tör
627 1366 182 28 diskonteringen
821 1367 30 27 är,
867 1366 63 22 desto

176 1402 70 21 större
262 1402 24 20 är
302 1400 136 23 säkerheten.

244 1434 59 24 Herr
318 1434 155 24 Dahlström
492 1435 103 23 förenade
616 1435 33 29 sig
669 1435 48 21 med
738 1434 49 22 here
802 1434 74 23 Wolff
889 1435 41 22 och
