1039 1773
224 148 41 21 432

265 209 58 22 Herr
338 210 141 23 Sundman:
516 211 65 21 Hvad
599 211 150 28 ridderskapet
767 211 39 21 och
822 211 74 22 adelns
910 212 32 20 in-

197 244 105 29 bjudning
321 245 111 28 angående
450 245 213 28 silfverutvexlingen
678 244 108 27 beträffar,
801 246 39 20 vill
852 246 38 28 jag
906 254 36 12 an-

197 278 81 28 märka,
295 282 31 18 att
340 279 38 21 det
392 280 18 28 ej
427 280 23 20 är
466 279 55 21 klart
536 279 41 21 och
591 279 81 29 tydligt
686 279 103 28 uttryckt,
800 279 87 21 hvilken
899 280 42 20 rid-

196 313 116 28 derskapet
331 313 40 21 och
391 314 73 21 adelns
483 314 86 28 mening
587 313 88 22 dermed
690 314 122 28 egentligen
828 314 29 26 är,
872 314 69 20 antin-

197 354 41 22 gen
257 347 76 22 dervid
352 348 57 21 afses
425 350 31 18 att
470 348 66 28 något
550 347 129 21 inställande
694 348 24 20 af
730 347 211 29 silfverutvexlingen

197 382 89 20 alldeles
301 382 48 21 icke
364 382 56 20 skall
436 382 21 20 få
471 389 40 21 ega
525 389 53 19 rum,
593 382 53 20 eller
661 381 41 21 ock
715 384 38 24 att,
764 382 7 20 i
783 381 101 22 händelse
896 382 45 21 silf-

196 415 180 28 verutvexlingen
398 416 84 21 komme
505 418 31 19 att
553 416 116 25 inhiberas,
691 415 153 22 kursdifferans
863 416 77 21 mellan

197 449 96 22 bankens
308 450 75 21 silfver
398 450 41 21 och
455 450 69 21 sedlar
539 450 69 21 skulle
624 450 111 21 beräknas.
766 449 44 22 För
824 453 30 18 ett
869 450 72 22 säkert

198 483 133 22 bedömande
346 484 24 21 af
383 484 65 21 saken
464 484 68 21 skulle
547 484 114 27 erfordras,
676 487 31 18 att
722 483 114 29 utredning
851 485 90 20 rörande

197 525 29 13 nu
244 517 92 22 nämnda
355 518 158 29 omständigbet
531 525 88 14 vunnes.
656 517 45 22 Vid
721 518 162 29 ifrågavarande
904 519 37 21 nä-

197 551 51 28 diga
262 552 148 27 propositions
425 552 130 29 behandling
571 553 8 20 i
594 552 178 29 borgareståndet
790 553 80 20 fattade
885 553 56 21 stån-

197 586 37 21 det
248 586 37 21 det
300 586 77 26 beslut,
392 589 31 18 att
438 587 212 28 silfverutvexlingen
670 586 67 21 under
755 586 57 21 vissa
827 587 114 21 förhållan-

197 620 42 21 den
257 620 70 21 skulle
346 620 72 21 kunna
436 621 28 27 på
481 621 96 21 bestämd
600 621 31 20 tid
653 620 118 26 inhiberas;
792 620 149 29 ridderskapet

198 653 41 22 och
261 654 63 21 adeln
346 655 46 20 åter
410 661 65 21 synes
494 655 85 26 föreslå,
599 657 32 18 att
649 662 25 14 en
699 655 65 20 sådan
786 655 117 28 stoppning
921 656 19 27 ej

197 688 29 27 på
240 688 66 29 något
321 688 72 21 vilkor
408 688 56 21 skall
479 689 21 20 få
514 689 89 20 inträda.

266 727 57 22 Herr
339 727 168 30 Tengström:
543 729 104 21 Likasom
669 729 48 21 herr
741 727 108 24 Sundman
872 729 68 21 skulle

198 763 63 20 äfven
274 763 38 28 jag
330 769 52 14 anse
400 762 36 22 det
455 763 81 28 nödigt,
552 765 30 18 att
597 763 64 21 vinna
676 763 85 20 klarhet
775 770 34 13 om
824 763 56 20 hvad
895 770 45 14 som

196 797 83 28 äsyftas
295 797 48 20 med
358 797 145 21 uteslutandet
517 797 24 20 af
553 797 48 26 den,
617 797 68 28 enligt
696 797 185 28 borgareständets
893 797 48 21 med

197 830 175 21 bankutskottets
391 831 135 21 betänkande
545 831 234 21 öfverensstämmande
795 831 75 26 beslut,
884 831 58 21 med-

197 865 60 28 gifna
278 865 116 21 tillätelsen
417 868 31 18 att
467 865 8 20 i
493 865 58 21 vissa
569 865 82 20 nödfall
669 865 99 28 upphöra
782 865 48 21 med
847 865 93 21 bankens

197 899 194 29 silfverutvexling.
421 900 48 20 Den
485 899 119 28 förklaring
619 900 24 20 är
653 900 18 27 ej
685 899 38 21 här
734 899 207 27 tillfredsställande,

198 936 32 18 att
242 941 47 13 man
305 934 48 20 icke
369 934 71 20 stiftar
455 934 35 28 lag
505 934 33 20 för
553 933 90 27 nödfall,
654 936 51 18 utan
721 934 91 20 tvärtom
827 933 67 21 mäste
905 933 37 21 vid

197 968 75 28 lagens
295 968 103 20 stiftande
418 968 79 27 jemväl
519 968 81 21 nödfall
623 968 98 21 förutses.
759 966 44 22 Det
821 968 23 20 är
862 968 80 28 nyttigt

198 1002 41 21 och
262 1002 54 28 godt
338 1005 31 17 att
387 1001 65 22 hafva
471 1009 25 14 en
511 1002 36 28 lag
561 1002 64 21 äfven
640 1002 34 21 för
689 1002 80 20 sädana
784 1002 157 28 omständighe-

198 1039 39 17 ter.
270 1036 44 21 Det
328 1036 43 20 kan
386 1036 84 26 tänkas,
486 1038 31 18 att
531 1036 77 28 mänga
623 1036 58 21 olika
696 1036 137 20 förfaranden
848 1036 72 21 kunna
934 1036 7 21 i

198 1070 79 21 sädana
295 1070 39 20 fall
352 1069 106 29 vidtagas,
473 1070 7 20 i
495 1070 71 21 stället
581 1070 33 21 för
629 1070 42 21 den
687 1070 122 28 inhibering
824 1070 23 21 af
860 1070 82 21 silfver-

198 1104 137 28 utvexlingen
351 1104 176 28 borgareständet
541 1104 120 28 medgifvit,
677 1104 40 21 och
730 1104 70 28 nägon
812 1104 129 22 instruktion

198 1139 34 21 för
246 1138 134 21 förfarandet
394 1138 76 21 dervid
486 1138 66 22 borde
567 1138 134 22 fördenskull
714 1138 121 22 förefinnas.
863 1134 33 25 Är
906 1138 36 22 det

197 1173 121 28 meningen,
331 1175 31 18 att
377 1172 36 21 vid
429 1180 26 13 en
470 1172 127 22 inträffande
612 1173 52 27 kris,
679 1172 88 22 hvilken
781 1173 42 20 kan
839 1172 67 22 vällas
921 1174 24 20 af

197 1206 52 22 flere
268 1206 94 28 orsaker,
384 1207 111 26 missvext,
514 1206 55 28 krig,
587 1206 116 22 utländska
721 1206 164 28 handelskriser,
900 1207 41 22 den

198 1241 52 21 sista
269 1240 154 22 silfvertackan
442 1240 56 22 skall
517 1241 46 21 frän
579 1240 84 22 banken
678 1243 120 26 utmyntas;
820 1240 52 22 eller
886 1241 56 22 skall

197 1275 102 27 möjligen
322 1275 74 21 silfver
414 1275 33 21 till
466 1274 57 22 hvad
542 1275 44 27 pris
605 1282 47 14 som
667 1274 57 22 helst
738 1274 47 22 frän
800 1274 97 22 utlandet
910 1276 32 20 in-

197 1308 128 22 förskaffas?
354 1308 54 22 Man
424 1312 87 18 stannar
524 1309 7 21 i
546 1309 130 28 vilrädighet
691 1309 40 21 och
747 1309 7 21 i
770 1308 78 29 högsta
863 1308 79 22 tvekan

198 1350 35 13 om
256 1345 71 29 svaret
346 1343 12 20 ä
376 1343 63 21 dessa
458 1343 73 28 frågor
546 1350 34 14 om
596 1344 53 20 huru
665 1351 48 13 man
729 1350 61 14 anser
806 1346 30 18 att
850 1343 92 21 förfaras

198 1376 62 22 skall.
296 1376 34 22 År
348 1376 46 22 åter
408 1378 121 27 meningen,
545 1380 36 24 att,
597 1377 70 21 såsom
682 1384 49 14 man
747 1377 61 21 äfven
824 1380 42 18 sett
880 1377 62 28 päyr-

197 1411 46 26 kas,
259 1410 127 22 ständernes
401 1411 136 28 fullmäktige
552 1411 48 21 icke
615 1411 62 21 skola
692 1418 40 22 ega
747 1412 43 20 rätt
806 1413 31 18 att
851 1410 47 22 med
910 1418 32 14 re-

198 1445 102 28 geringen
316 1445 187 22 öfverenskomma
517 1453 34 13 om
567 1446 26 21 de
608 1446 105 28 ätgärder,
729 1452 46 14 som
790 1445 34 21 för
836 1445 106 21 silfverut-
