<?xml version="1.0" encoding="UTF-8"?>
<alto xmlns="http://www.loc.gov/standards/alto/ns-v3#" xmlns:xlink="http://www.w3.org/1999/xlink" xmlns:xsi="http://www.w3.org/2001/XMLSchema-instance" xsi:schemaLocation="http://www.loc.gov/standards/alto/ns-v3# http://www.loc.gov/alto/v3/alto-3-0.xsd">
	<Description>
		<MeasurementUnit>pixel</MeasurementUnit>
		<sourceImageInformation>
			<fileName>/tmp/tess_mk0kq40__input.PNG</fileName>
		</sourceImageInformation>
		<OCRProcessing ID="OCR_0">
			<ocrProcessingStep>
				<processingSoftware>
					<softwareName>tesseract 5.3.4</softwareName>
				</processingSoftware>
			</ocrProcessingStep>
		</OCRProcessing>
	</Description>
	<Layout>
		<Page WIDTH="1039" HEIGHT="1773" PHYSICAL_IMG_NR="0" ID="page_0">
			<PrintSpace HPOS="0" VPOS="0" WIDTH="1039" HEIGHT="1773">
				<ComposedBlock ID="cblock_0" HPOS="84" VPOS="142" WIDTH="760" HEIGHT="1319">
					<TextBlock ID="block_0" HPOS="84" VPOS="142" WIDTH="752" HEIGHT="434">
						<TextLine ID="line_0" HPOS="766" VPOS="142" WIDTH="40" HEIGHT="22">
							<String ID="string_0" HPOS="766" VPOS="142" WIDTH="40" HEIGHT="22" WC="0.96" CONTENT="103"/>
						</TextLine>
						<TextLine ID="line_1" HPOS="84" VPOS="204" WIDTH="750" HEIGHT="30">
							<String ID="string_1" HPOS="84" VPOS="206" WIDTH="73" HEIGHT="23" WC="0.93" CONTENT="blifvit"/><SP WIDTH="17" VPOS="206" HPOS="157"/>
							<String ID="string_2" HPOS="174" VPOS="206" WIDTH="64" HEIGHT="26" WC="0.92" CONTENT="fäldt;"/><SP WIDTH="17" VPOS="206" HPOS="238"/>
							<String ID="string_3" HPOS="255" VPOS="206" WIDTH="39" HEIGHT="28" WC="0.96" CONTENT="jag"/><SP WIDTH="14" VPOS="206" HPOS="294"/>
							<String ID="string_4" HPOS="308" VPOS="204" WIDTH="39" HEIGHT="22" WC="0.96" CONTENT="har"/><SP WIDTH="16" VPOS="204" HPOS="347"/>
							<String ID="string_5" HPOS="363" VPOS="205" WIDTH="78" HEIGHT="21" WC="0.96" CONTENT="endast"/><SP WIDTH="20" VPOS="205" HPOS="441"/>
							<String ID="string_6" HPOS="461" VPOS="206" WIDTH="49" HEIGHT="27" WC="0.96" CONTENT="sagt"/><SP WIDTH="15" VPOS="206" HPOS="510"/>
							<String ID="string_7" HPOS="525" VPOS="206" WIDTH="31" HEIGHT="19" WC="0.96" CONTENT="att"/><SP WIDTH="15" VPOS="206" HPOS="556"/>
							<String ID="string_8" HPOS="571" VPOS="211" WIDTH="78" HEIGHT="22" WC="0.96" CONTENT="genom"/><SP WIDTH="16" VPOS="211" HPOS="649"/>
							<String ID="string_9" HPOS="665" VPOS="212" WIDTH="27" HEIGHT="14" WC="0.93" CONTENT="en"/><SP WIDTH="16" VPOS="212" HPOS="692"/>
							<String ID="string_10" HPOS="708" VPOS="204" WIDTH="126" HEIGHT="24" WC="0.91" CONTENT="öfveremis-"/>
						</TextLine>
						<TextLine ID="line_2" HPOS="85" VPOS="238" WIDTH="750" HEIGHT="29">
							<String ID="string_11" HPOS="85" VPOS="242" WIDTH="50" HEIGHT="21" WC="0.96" CONTENT="sion"/><SP WIDTH="18" VPOS="242" HPOS="135"/>
							<String ID="string_12" HPOS="153" VPOS="240" WIDTH="23" HEIGHT="22" WC="0.96" CONTENT="af"/><SP WIDTH="13" VPOS="240" HPOS="176"/>
							<String ID="string_13" HPOS="189" VPOS="240" WIDTH="69" HEIGHT="22" WC="0.96" CONTENT="sedlar"/><SP WIDTH="20" VPOS="240" HPOS="258"/>
							<String ID="string_14" HPOS="278" VPOS="238" WIDTH="70" HEIGHT="24" WC="0.96" CONTENT="skulle"/><SP WIDTH="18" VPOS="238" HPOS="348"/>
							<String ID="string_15" HPOS="366" VPOS="247" WIDTH="28" HEIGHT="13" WC="0.96" CONTENT="en"/><SP WIDTH="14" VPOS="247" HPOS="394"/>
							<String ID="string_16" HPOS="408" VPOS="239" WIDTH="36" HEIGHT="21" WC="0.95" CONTENT="del"/><SP WIDTH="15" VPOS="239" HPOS="444"/>
							<String ID="string_17" HPOS="459" VPOS="239" WIDTH="24" HEIGHT="21" WC="0.96" CONTENT="af"/><SP WIDTH="12" VPOS="239" HPOS="483"/>
							<String ID="string_18" HPOS="495" VPOS="238" WIDTH="49" HEIGHT="21" WC="0.96" CONTENT="dem"/><SP WIDTH="15" VPOS="238" HPOS="544"/>
							<String ID="string_19" HPOS="559" VPOS="238" WIDTH="137" HEIGHT="29" WC="0.93" CONTENT="nödvändigt"/><SP WIDTH="15" VPOS="238" HPOS="696"/>
							<String ID="string_20" HPOS="711" VPOS="239" WIDTH="124" HEIGHT="21" WC="0.92" CONTENT="återström-"/>
						</TextLine>
						<TextLine ID="line_3" HPOS="85" VPOS="272" WIDTH="750" HEIGHT="29">
							<String ID="string_21" HPOS="85" VPOS="283" WIDTH="36" HEIGHT="13" WC="0.96" CONTENT="ma"/><SP WIDTH="13" VPOS="283" HPOS="121"/>
							<String ID="string_22" HPOS="134" VPOS="274" WIDTH="33" HEIGHT="22" WC="0.96" CONTENT="till"/><SP WIDTH="14" VPOS="274" HPOS="167"/>
							<String ID="string_23" HPOS="181" VPOS="274" WIDTH="91" HEIGHT="22" WC="0.95" CONTENT="banken."/><SP WIDTH="30" VPOS="274" HPOS="272"/>
							<String ID="string_24" HPOS="302" VPOS="273" WIDTH="49" HEIGHT="22" WC="0.96" CONTENT="Och"/><SP WIDTH="16" VPOS="273" HPOS="351"/>
							<String ID="string_25" HPOS="367" VPOS="281" WIDTH="35" HEIGHT="13" WC="0.96" CONTENT="om"/><SP WIDTH="15" VPOS="281" HPOS="402"/>
							<String ID="string_26" HPOS="417" VPOS="280" WIDTH="50" HEIGHT="14" WC="0.95" CONTENT="man"/><SP WIDTH="15" VPOS="280" HPOS="467"/>
							<String ID="string_27" HPOS="482" VPOS="273" WIDTH="56" HEIGHT="21" WC="0.96" CONTENT="först"/><SP WIDTH="11" VPOS="273" HPOS="538"/>
							<String ID="string_28" HPOS="549" VPOS="276" WIDTH="90" HEIGHT="25" WC="0.96" CONTENT="antager"/><SP WIDTH="11" VPOS="276" HPOS="639"/>
							<String ID="string_29" HPOS="650" VPOS="275" WIDTH="31" HEIGHT="19" WC="0.93" CONTENT="att"/><SP WIDTH="12" VPOS="275" HPOS="681"/>
							<String ID="string_30" HPOS="693" VPOS="272" WIDTH="142" HEIGHT="22" WC="0.90" CONTENT="statsbanken"/>
						</TextLine>
						<TextLine ID="line_4" HPOS="85" VPOS="306" WIDTH="750" HEIGHT="30">
							<String ID="string_31" HPOS="85" VPOS="310" WIDTH="26" HEIGHT="20" WC="0.96" CONTENT="är"/><SP WIDTH="13" VPOS="310" HPOS="111"/>
							<String ID="string_32" HPOS="124" VPOS="309" WIDTH="8" HEIGHT="21" WC="0.96" CONTENT="i"/><SP WIDTH="15" VPOS="309" HPOS="132"/>
							<String ID="string_33" HPOS="147" VPOS="308" WIDTH="64" HEIGHT="22" WC="0.96" CONTENT="stånd"/><SP WIDTH="18" VPOS="308" HPOS="211"/>
							<String ID="string_34" HPOS="229" VPOS="311" WIDTH="31" HEIGHT="19" WC="0.96" CONTENT="att"/><SP WIDTH="14" VPOS="311" HPOS="260"/>
							<String ID="string_35" HPOS="274" VPOS="308" WIDTH="54" HEIGHT="28" WC="0.96" CONTENT="fylla"/><SP WIDTH="15" VPOS="308" HPOS="328"/>
							<String ID="string_36" HPOS="343" VPOS="306" WIDTH="86" HEIGHT="22" WC="0.93" CONTENT="landets"/><SP WIDTH="16" VPOS="306" HPOS="429"/>
							<String ID="string_37" HPOS="445" VPOS="306" WIDTH="136" HEIGHT="27" WC="0.92" CONTENT="sedelbehof,"/><SP WIDTH="20" VPOS="306" HPOS="581"/>
							<String ID="string_38" HPOS="601" VPOS="307" WIDTH="24" HEIGHT="20" WC="0.96" CONTENT="så"/><SP WIDTH="14" VPOS="307" HPOS="625"/>
							<String ID="string_39" HPOS="639" VPOS="306" WIDTH="70" HEIGHT="22" WC="0.96" CONTENT="skulle"/><SP WIDTH="16" VPOS="306" HPOS="709"/>
							<String ID="string_40" HPOS="725" VPOS="314" WIDTH="27" HEIGHT="14" WC="0.93" CONTENT="en"/><SP WIDTH="15" VPOS="314" HPOS="752"/>
							<String ID="string_41" HPOS="767" VPOS="309" WIDTH="68" HEIGHT="26" WC="0.92" CONTENT="ytter-"/>
						</TextLine>
						<TextLine ID="line_5" HPOS="85" VPOS="340" WIDTH="750" HEIGHT="32">
							<String ID="string_42" HPOS="85" VPOS="344" WIDTH="68" HEIGHT="28" WC="0.96" CONTENT="ligare"/><SP WIDTH="19" VPOS="344" HPOS="153"/>
							<String ID="string_43" HPOS="172" VPOS="343" WIDTH="103" HEIGHT="22" WC="0.96" CONTENT="emission"/><SP WIDTH="19" VPOS="343" HPOS="275"/>
							<String ID="string_44" HPOS="294" VPOS="342" WIDTH="24" HEIGHT="21" WC="0.93" CONTENT="af"/><SP WIDTH="16" VPOS="342" HPOS="318"/>
							<String ID="string_45" HPOS="334" VPOS="344" WIDTH="159" HEIGHT="26" WC="0.91" CONTENT="pappersmynt"/><SP WIDTH="17" VPOS="344" HPOS="493"/>
							<String ID="string_46" HPOS="510" VPOS="340" WIDTH="47" HEIGHT="22" WC="0.93" CONTENT="från"/><SP WIDTH="15" VPOS="340" HPOS="557"/>
							<String ID="string_47" HPOS="572" VPOS="340" WIDTH="155" HEIGHT="29" WC="0.91" CONTENT="privatbanker"/><SP WIDTH="15" VPOS="340" HPOS="727"/>
							<String ID="string_48" HPOS="742" VPOS="342" WIDTH="93" HEIGHT="21" WC="0.96" CONTENT="ofelbart"/>
						</TextLine>
						<TextLine ID="line_6" HPOS="86" VPOS="375" WIDTH="750" HEIGHT="29">
							<String ID="string_49" HPOS="86" VPOS="377" WIDTH="67" HEIGHT="21" WC="0.95" CONTENT="verka"/><SP WIDTH="19" VPOS="377" HPOS="153"/>
							<String ID="string_50" HPOS="172" VPOS="384" WIDTH="26" HEIGHT="14" WC="0.93" CONTENT="en"/><SP WIDTH="16" VPOS="384" HPOS="198"/>
							<String ID="string_51" HPOS="214" VPOS="376" WIDTH="176" HEIGHT="26" WC="0.91" CONTENT="öfveremission,"/><SP WIDTH="19" VPOS="376" HPOS="390"/>
							<String ID="string_52" HPOS="409" VPOS="383" WIDTH="47" HEIGHT="13" WC="0.95" CONTENT="som"/><SP WIDTH="18" VPOS="383" HPOS="456"/>
							<String ID="string_53" HPOS="474" VPOS="375" WIDTH="87" HEIGHT="21" WC="0.96" CONTENT="komme"/><SP WIDTH="15" VPOS="375" HPOS="561"/>
							<String ID="string_54" HPOS="576" VPOS="378" WIDTH="32" HEIGHT="18" WC="0.96" CONTENT="att"/><SP WIDTH="14" VPOS="378" HPOS="608"/>
							<String ID="string_55" HPOS="622" VPOS="375" WIDTH="85" HEIGHT="21" WC="0.93" CONTENT="minska"/><SP WIDTH="15" VPOS="375" HPOS="707"/>
							<String ID="string_56" HPOS="722" VPOS="376" WIDTH="114" HEIGHT="28" WC="0.91" CONTENT="omloppet"/>
						</TextLine>
						<TextLine ID="line_7" HPOS="86" VPOS="408" WIDTH="749" HEIGHT="30">
							<String ID="string_57" HPOS="86" VPOS="412" WIDTH="35" HEIGHT="20" WC="0.93" CONTENT="för"/><SP WIDTH="19" VPOS="412" HPOS="121"/>
							<String ID="string_58" HPOS="140" VPOS="410" WIDTH="150" HEIGHT="22" WC="0.92" CONTENT="statsbankens"/><SP WIDTH="20" VPOS="410" HPOS="290"/>
							<String ID="string_59" HPOS="310" VPOS="410" WIDTH="78" HEIGHT="27" WC="0.96" CONTENT="sedlar,"/><SP WIDTH="21" VPOS="410" HPOS="388"/>
							<String ID="string_60" HPOS="409" VPOS="412" WIDTH="56" HEIGHT="18" WC="0.96" CONTENT="samt"/><SP WIDTH="19" VPOS="412" HPOS="465"/>
							<String ID="string_61" HPOS="484" VPOS="417" WIDTH="35" HEIGHT="13" WC="0.96" CONTENT="om"/><SP WIDTH="18" VPOS="417" HPOS="519"/>
							<String ID="string_62" HPOS="537" VPOS="416" WIDTH="49" HEIGHT="14" WC="0.95" CONTENT="man"/><SP WIDTH="19" VPOS="416" HPOS="586"/>
							<String ID="string_63" HPOS="605" VPOS="408" WIDTH="74" HEIGHT="22" WC="0.94" CONTENT="vidare"/><SP WIDTH="20" VPOS="408" HPOS="679"/>
							<String ID="string_64" HPOS="699" VPOS="413" WIDTH="89" HEIGHT="25" WC="0.96" CONTENT="antager"/><SP WIDTH="15" VPOS="413" HPOS="788"/>
							<String ID="string_65" HPOS="803" VPOS="412" WIDTH="32" HEIGHT="18" WC="0.95" CONTENT="att"/>
						</TextLine>
						<TextLine ID="line_8" HPOS="87" VPOS="442" WIDTH="749" HEIGHT="31">
							<String ID="string_66" HPOS="87" VPOS="445" WIDTH="171" HEIGHT="28" WC="0.91" CONTENT="sedelutgifning"/><SP WIDTH="20" VPOS="445" HPOS="258"/>
							<String ID="string_67" HPOS="278" VPOS="445" WIDTH="23" HEIGHT="20" WC="0.96" CONTENT="är"/><SP WIDTH="19" VPOS="445" HPOS="301"/>
							<String ID="string_68" HPOS="320" VPOS="452" WIDTH="26" HEIGHT="13" WC="0.93" CONTENT="en"/><SP WIDTH="18" VPOS="452" HPOS="346"/>
							<String ID="string_69" HPOS="364" VPOS="443" WIDTH="165" HEIGHT="29" WC="0.91" CONTENT="vinstgifvande"/><SP WIDTH="18" VPOS="443" HPOS="529"/>
							<String ID="string_70" HPOS="547" VPOS="442" WIDTH="91" HEIGHT="28" WC="0.96" CONTENT="rörelse,"/><SP WIDTH="19" VPOS="442" HPOS="638"/>
							<String ID="string_71" HPOS="657" VPOS="443" WIDTH="24" HEIGHT="21" WC="0.96" CONTENT="så"/><SP WIDTH="14" VPOS="443" HPOS="681"/>
							<String ID="string_72" HPOS="695" VPOS="444" WIDTH="24" HEIGHT="20" WC="0.95" CONTENT="är"/><SP WIDTH="19" VPOS="444" HPOS="719"/>
							<String ID="string_73" HPOS="738" VPOS="444" WIDTH="37" HEIGHT="21" WC="0.96" CONTENT="det"/><SP WIDTH="19" VPOS="444" HPOS="775"/>
							<String ID="string_74" HPOS="794" VPOS="444" WIDTH="42" HEIGHT="21" WC="0.96" CONTENT="ock"/>
						</TextLine>
						<TextLine ID="line_9" HPOS="87" VPOS="477" WIDTH="749" HEIGHT="24">
							<String ID="string_75" HPOS="87" VPOS="479" WIDTH="58" HEIGHT="22" WC="0.95" CONTENT="klart"/><SP WIDTH="18" VPOS="479" HPOS="145"/>
							<String ID="string_76" HPOS="163" VPOS="481" WIDTH="32" HEIGHT="19" WC="0.95" CONTENT="att"/><SP WIDTH="17" VPOS="481" HPOS="195"/>
							<String ID="string_77" HPOS="212" VPOS="479" WIDTH="86" HEIGHT="21" WC="0.95" CONTENT="vinsten"/><SP WIDTH="18" VPOS="479" HPOS="298"/>
							<String ID="string_78" HPOS="316" VPOS="479" WIDTH="25" HEIGHT="20" WC="0.96" CONTENT="af"/><SP WIDTH="12" VPOS="479" HPOS="341"/>
							<String ID="string_79" HPOS="353" VPOS="478" WIDTH="72" HEIGHT="21" WC="0.96" CONTENT="denna"/><SP WIDTH="14" VPOS="478" HPOS="425"/>
							<String ID="string_80" HPOS="439" VPOS="478" WIDTH="82" HEIGHT="21" WC="0.96" CONTENT="rörelse"/><SP WIDTH="16" VPOS="478" HPOS="521"/>
							<String ID="string_81" HPOS="537" VPOS="477" WIDTH="56" HEIGHT="22" WC="0.96" CONTENT="skall"/><SP WIDTH="14" VPOS="477" HPOS="593"/>
							<String ID="string_82" HPOS="607" VPOS="477" WIDTH="34" HEIGHT="21" WC="0.96" CONTENT="för"/><SP WIDTH="14" VPOS="477" HPOS="641"/>
							<String ID="string_83" HPOS="655" VPOS="477" WIDTH="106" HEIGHT="22" WC="0.96" CONTENT="Finlands"/><SP WIDTH="16" VPOS="477" HPOS="761"/>
							<String ID="string_84" HPOS="777" VPOS="478" WIDTH="59" HEIGHT="21" WC="0.96" CONTENT="bank"/>
						</TextLine>
						<TextLine ID="line_10" HPOS="87" VPOS="511" WIDTH="749" HEIGHT="29">
							<String ID="string_85" HPOS="87" VPOS="513" WIDTH="97" HEIGHT="22" WC="0.96" CONTENT="minskas"/><SP WIDTH="12" VPOS="513" HPOS="184"/>
							<String ID="string_86" HPOS="196" VPOS="513" WIDTH="7" HEIGHT="20" WC="0.96" CONTENT="i"/><SP WIDTH="14" VPOS="513" HPOS="203"/>
							<String ID="string_87" HPOS="217" VPOS="520" WIDTH="80" HEIGHT="14" WC="0.96" CONTENT="samma"/><SP WIDTH="11" VPOS="520" HPOS="297"/>
							<String ID="string_88" HPOS="308" VPOS="511" WIDTH="135" HEIGHT="22" WC="0.96" CONTENT="förhållande"/><SP WIDTH="13" VPOS="511" HPOS="443"/>
							<String ID="string_89" HPOS="456" VPOS="519" WIDTH="47" HEIGHT="14" WC="0.96" CONTENT="som"/><SP WIDTH="12" VPOS="519" HPOS="503"/>
							<String ID="string_90" HPOS="515" VPOS="519" WIDTH="80" HEIGHT="21" WC="0.96" CONTENT="genom"/><SP WIDTH="11" VPOS="519" HPOS="595"/>
							<String ID="string_91" HPOS="606" VPOS="511" WIDTH="135" HEIGHT="22" WC="0.96" CONTENT="tillkomsten"/><SP WIDTH="13" VPOS="511" HPOS="741"/>
							<String ID="string_92" HPOS="754" VPOS="512" WIDTH="24" HEIGHT="21" WC="0.96" CONTENT="af"/><SP WIDTH="8" VPOS="512" HPOS="778"/>
							<String ID="string_93" HPOS="786" VPOS="514" WIDTH="50" HEIGHT="25" WC="0.95" CONTENT="nytt"/>
						</TextLine>
						<TextLine ID="line_11" HPOS="87" VPOS="545" WIDTH="748" HEIGHT="31">
							<String ID="string_94" HPOS="87" VPOS="549" WIDTH="156" HEIGHT="27" WC="0.88" CONTENT="pappersmynt"/><SP WIDTH="7" VPOS="549" HPOS="243"/>
							<String ID="string_95" HPOS="250" VPOS="547" WIDTH="50" HEIGHT="21" WC="0.96" CONTENT="dess"/><SP WIDTH="8" VPOS="547" HPOS="300"/>
							<String ID="string_96" HPOS="308" VPOS="545" WIDTH="72" HEIGHT="22" WC="0.96" CONTENT="sedlar"/><SP WIDTH="8" VPOS="545" HPOS="380"/>
							<String ID="string_97" HPOS="388" VPOS="545" WIDTH="48" HEIGHT="22" WC="0.96" CONTENT="från"/><SP WIDTH="8" VPOS="545" HPOS="436"/>
							<String ID="string_98" HPOS="444" VPOS="545" WIDTH="43" HEIGHT="22" WC="0.96" CONTENT="den"/><SP WIDTH="8" VPOS="545" HPOS="487"/>
							<String ID="string_99" HPOS="495" VPOS="546" WIDTH="107" HEIGHT="21" WC="0.96" CONTENT="allmänna"/><SP WIDTH="8" VPOS="546" HPOS="602"/>
							<String ID="string_100" HPOS="610" VPOS="545" WIDTH="96" HEIGHT="22" WC="0.93" CONTENT="rörelsen"/><SP WIDTH="9" VPOS="545" HPOS="706"/>
							<String ID="string_101" HPOS="715" VPOS="547" WIDTH="120" HEIGHT="27" WC="0.91" CONTENT="utträngas."/>
						</TextLine>
					</TextBlock>
					<TextBlock ID="block_1" HPOS="87" VPOS="579" WIDTH="750" HEIGHT="165">
						<TextLine ID="line_12" HPOS="156" VPOS="579" WIDTH="680" HEIGHT="29">
							<String ID="string_102" HPOS="156" VPOS="581" WIDTH="58" HEIGHT="21" WC="0.93" CONTENT="Herr"/><SP WIDTH="17" VPOS="581" HPOS="214"/>
							<String ID="string_103" HPOS="231" VPOS="581" WIDTH="148" HEIGHT="22" WC="0.91" CONTENT="Lemström"/><SP WIDTH="19" VPOS="581" HPOS="379"/>
							<String ID="string_104" HPOS="398" VPOS="579" WIDTH="68" HEIGHT="29" WC="0.96" CONTENT="ansåg"/><SP WIDTH="15" VPOS="579" HPOS="466"/>
							<String ID="string_105" HPOS="481" VPOS="580" WIDTH="37" HEIGHT="21" WC="0.96" CONTENT="det"/><SP WIDTH="14" VPOS="580" HPOS="518"/>
							<String ID="string_106" HPOS="532" VPOS="580" WIDTH="35" HEIGHT="21" WC="0.96" CONTENT="väl"/><SP WIDTH="16" VPOS="580" HPOS="567"/>
							<String ID="string_107" HPOS="583" VPOS="579" WIDTH="72" HEIGHT="22" WC="0.96" CONTENT="kunna"/><SP WIDTH="14" VPOS="579" HPOS="655"/>
							<String ID="string_108" HPOS="669" VPOS="587" WIDTH="53" HEIGHT="14" WC="0.96" CONTENT="vara"/><SP WIDTH="15" VPOS="587" HPOS="722"/>
							<String ID="string_109" HPOS="737" VPOS="580" WIDTH="25" HEIGHT="21" WC="0.96" CONTENT="af"/><SP WIDTH="11" VPOS="580" HPOS="762"/>
							<String ID="string_110" HPOS="773" VPOS="582" WIDTH="63" HEIGHT="25" WC="0.96" CONTENT="nytta"/>
						</TextLine>
						<TextLine ID="line_13" HPOS="87" VPOS="613" WIDTH="748" HEIGHT="29">
							<String ID="string_111" HPOS="87" VPOS="615" WIDTH="35" HEIGHT="22" WC="0.93" CONTENT="för"/><SP WIDTH="11" VPOS="615" HPOS="122"/>
							<String ID="string_112" HPOS="133" VPOS="615" WIDTH="139" HEIGHT="22" WC="0.90" CONTENT="statsbanken"/><SP WIDTH="14" VPOS="615" HPOS="272"/>
							<String ID="string_113" HPOS="286" VPOS="617" WIDTH="31" HEIGHT="18" WC="0.96" CONTENT="att"/><SP WIDTH="11" VPOS="617" HPOS="317"/>
							<String ID="string_114" HPOS="328" VPOS="621" WIDTH="73" HEIGHT="14" WC="0.96" CONTENT="ensam"/><SP WIDTH="12" VPOS="621" HPOS="401"/>
							<String ID="string_115" HPOS="413" VPOS="621" WIDTH="53" HEIGHT="14" WC="0.96" CONTENT="vara"/><SP WIDTH="12" VPOS="621" HPOS="466"/>
							<String ID="string_116" HPOS="478" VPOS="613" WIDTH="120" HEIGHT="29" WC="0.95" CONTENT="berättigad"/><SP WIDTH="12" VPOS="613" HPOS="598"/>
							<String ID="string_117" HPOS="610" VPOS="613" WIDTH="33" HEIGHT="22" WC="0.93" CONTENT="till"/><SP WIDTH="12" VPOS="613" HPOS="643"/>
							<String ID="string_118" HPOS="655" VPOS="613" WIDTH="180" HEIGHT="29" WC="0.91" CONTENT="sedelutgifning,"/>
						</TextLine>
						<TextLine ID="line_14" HPOS="87" VPOS="647" WIDTH="749" HEIGHT="30">
							<String ID="string_119" HPOS="87" VPOS="657" WIDTH="50" HEIGHT="14" WC="0.93" CONTENT="men"/><SP WIDTH="15" VPOS="657" HPOS="137"/>
							<String ID="string_120" HPOS="152" VPOS="649" WIDTH="102" HEIGHT="28" WC="0.91" CONTENT="derjemte"/><SP WIDTH="16" VPOS="649" HPOS="254"/>
							<String ID="string_121" HPOS="270" VPOS="651" WIDTH="32" HEIGHT="19" WC="0.96" CONTENT="att"/><SP WIDTH="15" VPOS="651" HPOS="302"/>
							<String ID="string_122" HPOS="317" VPOS="655" WIDTH="82" HEIGHT="15" WC="0.95" CONTENT="samma"/><SP WIDTH="12" VPOS="655" HPOS="399"/>
							<String ID="string_123" HPOS="411" VPOS="647" WIDTH="85" HEIGHT="22" WC="0.96" CONTENT="förmån"/><SP WIDTH="11" VPOS="647" HPOS="496"/>
							<String ID="string_124" HPOS="507" VPOS="648" WIDTH="58" HEIGHT="21" WC="0.96" CONTENT="dock"/><SP WIDTH="11" VPOS="648" HPOS="565"/>
							<String ID="string_125" HPOS="576" VPOS="648" WIDTH="67" HEIGHT="21" WC="0.91" CONTENT="borde"/><SP WIDTH="12" VPOS="648" HPOS="643"/>
							<String ID="string_126" HPOS="655" VPOS="648" WIDTH="181" HEIGHT="28" WC="0.90" CONTENT="tillgodokomma"/>
						</TextLine>
						<TextLine ID="line_15" HPOS="87" VPOS="681" WIDTH="750" HEIGHT="31">
							<String ID="string_127" HPOS="87" VPOS="684" WIDTH="191" HEIGHT="28" WC="0.91" CONTENT="privatbankerne,"/><SP WIDTH="16" VPOS="684" HPOS="278"/>
							<String ID="string_128" HPOS="294" VPOS="683" WIDTH="28" HEIGHT="20" WC="0.96" CONTENT="då"/><SP WIDTH="14" VPOS="683" HPOS="322"/>
							<String ID="string_129" HPOS="336" VPOS="683" WIDTH="66" HEIGHT="20" WC="0.96" CONTENT="dessa"/><SP WIDTH="12" VPOS="683" HPOS="402"/>
							<String ID="string_130" HPOS="414" VPOS="682" WIDTH="78" HEIGHT="21" WC="0.96" CONTENT="ställde"/><SP WIDTH="12" VPOS="682" HPOS="492"/>
							<String ID="string_131" HPOS="504" VPOS="681" WIDTH="42" HEIGHT="22" WC="0.96" CONTENT="den"/><SP WIDTH="12" VPOS="681" HPOS="546"/>
							<String ID="string_132" HPOS="558" VPOS="681" WIDTH="111" HEIGHT="27" WC="0.96" CONTENT="säkerhet,"/><SP WIDTH="11" VPOS="681" HPOS="669"/>
							<String ID="string_133" HPOS="680" VPOS="689" WIDTH="48" HEIGHT="14" WC="0.95" CONTENT="som"/><SP WIDTH="12" VPOS="689" HPOS="728"/>
							<String ID="string_134" HPOS="740" VPOS="683" WIDTH="7" HEIGHT="20" WC="0.96" CONTENT="i"/><SP WIDTH="13" VPOS="683" HPOS="747"/>
							<String ID="string_135" HPOS="760" VPOS="681" WIDTH="77" HEIGHT="22" WC="0.96" CONTENT="sådant"/>
						</TextLine>
						<TextLine ID="line_16" HPOS="88" VPOS="716" WIDTH="407" HEIGHT="28">
							<String ID="string_136" HPOS="88" VPOS="718" WIDTH="101" HEIGHT="22" WC="0.96" CONTENT="afseende"/><SP WIDTH="16" VPOS="718" HPOS="189"/>
							<String ID="string_137" HPOS="205" VPOS="718" WIDTH="24" HEIGHT="21" WC="0.96" CONTENT="af"/><SP WIDTH="12" VPOS="718" HPOS="229"/>
							<String ID="string_138" HPOS="241" VPOS="717" WIDTH="107" HEIGHT="21" WC="0.96" CONTENT="utskottet"/><SP WIDTH="14" VPOS="717" HPOS="348"/>
							<String ID="string_139" HPOS="362" VPOS="716" WIDTH="133" HEIGHT="28" WC="0.96" CONTENT="föreslagits."/>
						</TextLine>
					</TextBlock>
					<TextBlock ID="block_2" HPOS="87" VPOS="750" WIDTH="754" HEIGHT="439">
						<TextLine ID="line_17" HPOS="156" VPOS="750" WIDTH="681" HEIGHT="29">
							<String ID="string_140" HPOS="156" VPOS="751" WIDTH="58" HEIGHT="22" WC="0.96" CONTENT="Herr"/><SP WIDTH="20" VPOS="751" HPOS="214"/>
							<String ID="string_141" HPOS="234" VPOS="750" WIDTH="142" HEIGHT="22" WC="0.95" CONTENT="Sundman:"/><SP WIDTH="20" VPOS="750" HPOS="376"/>
							<String ID="string_142" HPOS="396" VPOS="750" WIDTH="78" HEIGHT="22" WC="0.95" CONTENT="Såsom"/><SP WIDTH="19" VPOS="750" HPOS="474"/>
							<String ID="string_143" HPOS="493" VPOS="753" WIDTH="32" HEIGHT="19" WC="0.96" CONTENT="ett"/><SP WIDTH="18" VPOS="753" HPOS="525"/>
							<String ID="string_144" HPOS="543" VPOS="751" WIDTH="126" HEIGHT="28" WC="0.96" CONTENT="ytterligare"/><SP WIDTH="20" VPOS="751" HPOS="669"/>
							<String ID="string_145" HPOS="689" VPOS="750" WIDTH="48" HEIGHT="22" WC="0.96" CONTENT="skäl"/><SP WIDTH="15" VPOS="750" HPOS="737"/>
							<String ID="string_146" HPOS="752" VPOS="751" WIDTH="34" HEIGHT="21" WC="0.93" CONTENT="för"/><SP WIDTH="14" VPOS="751" HPOS="786"/>
							<String ID="string_147" HPOS="800" VPOS="750" WIDTH="37" HEIGHT="21" WC="0.92" CONTENT="be-"/>
						</TextLine>
						<TextLine ID="line_18" HPOS="88" VPOS="784" WIDTH="750" HEIGHT="29">
							<String ID="string_148" HPOS="88" VPOS="785" WIDTH="104" HEIGHT="28" WC="0.91" CONTENT="viljandet"/><SP WIDTH="19" VPOS="785" HPOS="192"/>
							<String ID="string_149" HPOS="211" VPOS="785" WIDTH="24" HEIGHT="22" WC="0.92" CONTENT="af"/><SP WIDTH="19" VPOS="785" HPOS="235"/>
							<String ID="string_150" HPOS="254" VPOS="785" WIDTH="228" HEIGHT="28" WC="0.90" CONTENT="sedelutgifningsrätt"/><SP WIDTH="22" VPOS="785" HPOS="482"/>
							<String ID="string_151" HPOS="504" VPOS="785" WIDTH="22" HEIGHT="20" WC="0.92" CONTENT="åt"/><SP WIDTH="19" VPOS="785" HPOS="526"/>
							<String ID="string_152" HPOS="545" VPOS="784" WIDTH="181" HEIGHT="29" WC="0.92" CONTENT="privatbankerne"/><SP WIDTH="19" VPOS="784" HPOS="726"/>
							<String ID="string_153" HPOS="745" VPOS="785" WIDTH="38" HEIGHT="21" WC="0.95" CONTENT="vill"/><SP WIDTH="16" VPOS="785" HPOS="783"/>
							<String ID="string_154" HPOS="799" VPOS="785" WIDTH="39" HEIGHT="28" WC="0.96" CONTENT="jag"/>
						</TextLine>
						<TextLine ID="line_19" HPOS="89" VPOS="819" WIDTH="749" HEIGHT="29">
							<String ID="string_155" HPOS="89" VPOS="821" WIDTH="57" HEIGHT="20" WC="0.96" CONTENT="ännu"/><SP WIDTH="14" VPOS="821" HPOS="146"/>
							<String ID="string_156" HPOS="160" VPOS="819" WIDTH="102" HEIGHT="29" WC="0.96" CONTENT="tillägga,"/><SP WIDTH="16" VPOS="819" HPOS="262"/>
							<String ID="string_157" HPOS="278" VPOS="822" WIDTH="32" HEIGHT="18" WC="0.93" CONTENT="att"/><SP WIDTH="14" VPOS="822" HPOS="310"/>
							<String ID="string_158" HPOS="324" VPOS="819" WIDTH="126" HEIGHT="28" WC="0.90" CONTENT="derigenom"/><SP WIDTH="16" VPOS="819" HPOS="450"/>
							<String ID="string_159" HPOS="466" VPOS="819" WIDTH="116" HEIGHT="22" WC="0.92" CONTENT="utländska"/><SP WIDTH="15" VPOS="819" HPOS="582"/>
							<String ID="string_160" HPOS="597" VPOS="819" WIDTH="107" HEIGHT="28" WC="0.92" CONTENT="kapitaler"/><SP WIDTH="16" VPOS="819" HPOS="704"/>
							<String ID="string_161" HPOS="720" VPOS="819" WIDTH="70" HEIGHT="22" WC="0.93" CONTENT="skulle"/><SP WIDTH="15" VPOS="819" HPOS="790"/>
							<String ID="string_162" HPOS="805" VPOS="819" WIDTH="33" HEIGHT="20" WC="0.91" CONTENT="in-"/>
						</TextLine>
						<TextLine ID="line_20" HPOS="88" VPOS="852" WIDTH="750" HEIGHT="30">
							<String ID="string_163" HPOS="88" VPOS="853" WIDTH="79" HEIGHT="29" WC="0.92" CONTENT="dragas"/><SP WIDTH="15" VPOS="853" HPOS="167"/>
							<String ID="string_164" HPOS="182" VPOS="853" WIDTH="34" HEIGHT="21" WC="0.95" CONTENT="till"/><SP WIDTH="14" VPOS="853" HPOS="216"/>
							<String ID="string_165" HPOS="230" VPOS="853" WIDTH="84" HEIGHT="28" WC="0.95" CONTENT="landet,"/><SP WIDTH="19" VPOS="853" HPOS="314"/>
							<String ID="string_166" HPOS="333" VPOS="853" WIDTH="84" HEIGHT="21" WC="0.96" CONTENT="hvilket"/><SP WIDTH="15" VPOS="853" HPOS="417"/>
							<String ID="string_167" HPOS="432" VPOS="852" WIDTH="53" HEIGHT="29" WC="0.96" CONTENT="föga"/><SP WIDTH="14" VPOS="852" HPOS="485"/>
							<String ID="string_168" HPOS="499" VPOS="861" WIDTH="44" HEIGHT="20" WC="0.96" CONTENT="nog"/><SP WIDTH="15" VPOS="861" HPOS="543"/>
							<String ID="string_169" HPOS="558" VPOS="853" WIDTH="62" HEIGHT="21" WC="0.96" CONTENT="torde"/><SP WIDTH="15" VPOS="853" HPOS="620"/>
							<String ID="string_170" HPOS="635" VPOS="861" WIDTH="52" HEIGHT="14" WC="0.96" CONTENT="vara"/><SP WIDTH="15" VPOS="861" HPOS="687"/>
							<String ID="string_171" HPOS="702" VPOS="856" WIDTH="32" HEIGHT="18" WC="0.96" CONTENT="att"/><SP WIDTH="15" VPOS="856" HPOS="734"/>
							<String ID="string_172" HPOS="749" VPOS="854" WIDTH="7" HEIGHT="20" WC="0.96" CONTENT="i"/><SP WIDTH="16" VPOS="854" HPOS="756"/>
							<String ID="string_173" HPOS="772" VPOS="855" WIDTH="66" HEIGHT="19" WC="0.96" CONTENT="annat"/>
						</TextLine>
						<TextLine ID="line_21" HPOS="87" VPOS="886" WIDTH="751" HEIGHT="30">
							<String ID="string_174" HPOS="87" VPOS="888" WIDTH="40" HEIGHT="21" WC="0.93" CONTENT="fall"/><SP WIDTH="15" VPOS="888" HPOS="127"/>
							<String ID="string_175" HPOS="142" VPOS="887" WIDTH="101" HEIGHT="29" WC="0.91" CONTENT="påräkna."/><SP WIDTH="30" VPOS="887" HPOS="243"/>
							<String ID="string_176" HPOS="273" VPOS="887" WIDTH="64" HEIGHT="21" WC="0.96" CONTENT="Huru"/><SP WIDTH="15" VPOS="887" HPOS="337"/>
							<String ID="string_177" HPOS="352" VPOS="890" WIDTH="61" HEIGHT="18" WC="0.96" CONTENT="stora"/><SP WIDTH="11" VPOS="890" HPOS="413"/>
							<String ID="string_178" HPOS="424" VPOS="886" WIDTH="97" HEIGHT="22" WC="0.93" CONTENT="fördelar"/><SP WIDTH="11" VPOS="886" HPOS="521"/>
							<String ID="string_179" HPOS="532" VPOS="888" WIDTH="131" HEIGHT="20" WC="0.91" CONTENT="fremmande"/><SP WIDTH="12" VPOS="888" HPOS="663"/>
							<String ID="string_180" HPOS="675" VPOS="888" WIDTH="118" HEIGHT="27" WC="0.91" CONTENT="kapitalers"/><SP WIDTH="13" VPOS="888" HPOS="793"/>
							<String ID="string_181" HPOS="806" VPOS="887" WIDTH="32" HEIGHT="21" WC="0.90" CONTENT="in-"/>
						</TextLine>
						<TextLine ID="line_22" HPOS="88" VPOS="921" WIDTH="752" HEIGHT="29">
							<String ID="string_182" HPOS="88" VPOS="922" WIDTH="90" HEIGHT="21" WC="0.96" CONTENT="förande"/><SP WIDTH="20" VPOS="922" HPOS="178"/>
							<String ID="string_183" HPOS="198" VPOS="922" WIDTH="8" HEIGHT="21" WC="0.96" CONTENT="i"/><SP WIDTH="14" VPOS="922" HPOS="206"/>
							<String ID="string_184" HPOS="220" VPOS="922" WIDTH="74" HEIGHT="21" WC="0.96" CONTENT="landet"/><SP WIDTH="18" VPOS="922" HPOS="294"/>
							<String ID="string_185" HPOS="312" VPOS="921" WIDTH="70" HEIGHT="21" WC="0.96" CONTENT="skulle"/><SP WIDTH="16" VPOS="921" HPOS="382"/>
							<String ID="string_186" HPOS="398" VPOS="921" WIDTH="160" HEIGHT="27" WC="0.93" CONTENT="åstadkomma,"/><SP WIDTH="19" VPOS="921" HPOS="558"/>
							<String ID="string_187" HPOS="577" VPOS="922" WIDTH="104" HEIGHT="21" WC="0.90" CONTENT="behöfver"/><SP WIDTH="13" VPOS="922" HPOS="681"/>
							<String ID="string_188" HPOS="694" VPOS="922" WIDTH="39" HEIGHT="28" WC="0.96" CONTENT="jag"/><SP WIDTH="16" VPOS="922" HPOS="733"/>
							<String ID="string_189" HPOS="749" VPOS="922" WIDTH="39" HEIGHT="20" WC="0.93" CONTENT="här"/><SP WIDTH="15" VPOS="922" HPOS="788"/>
							<String ID="string_190" HPOS="803" VPOS="928" WIDTH="37" HEIGHT="13" WC="0.93" CONTENT="en-"/>
						</TextLine>
						<TextLine ID="line_23" HPOS="87" VPOS="951" WIDTH="752" HEIGHT="33">
							<String ID="string_191" HPOS="87" VPOS="956" WIDTH="51" HEIGHT="22" WC="0.92" CONTENT="dast"/><SP WIDTH="14" VPOS="956" HPOS="138"/>
							<String ID="string_192" HPOS="152" VPOS="956" WIDTH="90" HEIGHT="28" WC="0.91" CONTENT="påpeka."/><SP WIDTH="29" VPOS="956" HPOS="242"/>
							<String ID="string_193" HPOS="271" VPOS="951" WIDTH="74" HEIGHT="26" WC="0.96" CONTENT="Äfven"/><SP WIDTH="14" VPOS="951" HPOS="345"/>
							<String ID="string_194" HPOS="359" VPOS="963" WIDTH="36" HEIGHT="14" WC="0.92" CONTENT="om"/><SP WIDTH="15" VPOS="963" HPOS="395"/>
							<String ID="string_195" HPOS="410" VPOS="956" WIDTH="190" HEIGHT="28" WC="0.92" CONTENT="sedelutgifvande"/><SP WIDTH="12" VPOS="956" HPOS="600"/>
							<String ID="string_196" HPOS="612" VPOS="956" WIDTH="154" HEIGHT="28" WC="0.91" CONTENT="privatbanker"/><SP WIDTH="12" VPOS="956" HPOS="766"/>
							<String ID="string_197" HPOS="778" VPOS="955" WIDTH="61" HEIGHT="21" WC="0.91" CONTENT="kom-"/>
						</TextLine>
						<TextLine ID="line_24" HPOS="87" VPOS="988" WIDTH="751" HEIGHT="28">
							<String ID="string_198" HPOS="87" VPOS="998" WIDTH="35" HEIGHT="14" WC="0.96" CONTENT="me"/><SP WIDTH="15" VPOS="998" HPOS="122"/>
							<String ID="string_199" HPOS="137" VPOS="993" WIDTH="32" HEIGHT="18" WC="0.95" CONTENT="att"/><SP WIDTH="15" VPOS="993" HPOS="169"/>
							<String ID="string_200" HPOS="184" VPOS="990" WIDTH="39" HEIGHT="22" WC="0.96" CONTENT="hos"/><SP WIDTH="16" VPOS="990" HPOS="223"/>
							<String ID="string_201" HPOS="239" VPOS="997" WIDTH="37" HEIGHT="15" WC="0.94" CONTENT="oss"/><SP WIDTH="15" VPOS="997" HPOS="276"/>
							<String ID="string_202" HPOS="291" VPOS="990" WIDTH="81" HEIGHT="26" WC="0.96" CONTENT="finnas,"/><SP WIDTH="16" VPOS="990" HPOS="372"/>
							<String ID="string_203" HPOS="388" VPOS="990" WIDTH="72" HEIGHT="21" WC="0.96" CONTENT="skulle"/><SP WIDTH="16" VPOS="990" HPOS="460"/>
							<String ID="string_204" HPOS="476" VPOS="990" WIDTH="6" HEIGHT="21" WC="0.96" CONTENT="i"/><SP WIDTH="16" VPOS="990" HPOS="482"/>
							<String ID="string_205" HPOS="498" VPOS="990" WIDTH="42" HEIGHT="21" WC="0.96" CONTENT="alla"/><SP WIDTH="14" VPOS="990" HPOS="540"/>
							<String ID="string_206" HPOS="554" VPOS="990" WIDTH="116" HEIGHT="22" WC="0.93" CONTENT="händelser"/><SP WIDTH="15" VPOS="990" HPOS="670"/>
							<String ID="string_207" HPOS="685" VPOS="988" WIDTH="153" HEIGHT="23" WC="0.91" CONTENT="statsbankens"/>
						</TextLine>
						<TextLine ID="line_25" HPOS="88" VPOS="1022" WIDTH="752" HEIGHT="30">
							<String ID="string_208" HPOS="88" VPOS="1024" WIDTH="72" HEIGHT="22" WC="0.95" CONTENT="sedlar"/><SP WIDTH="12" VPOS="1024" HPOS="160"/>
							<String ID="string_209" HPOS="172" VPOS="1024" WIDTH="24" HEIGHT="21" WC="0.96" CONTENT="af"/><SP WIDTH="13" VPOS="1024" HPOS="196"/>
							<String ID="string_210" HPOS="209" VPOS="1024" WIDTH="48" HEIGHT="21" WC="0.96" CONTENT="dem"/><SP WIDTH="11" VPOS="1024" HPOS="257"/>
							<String ID="string_211" HPOS="268" VPOS="1024" WIDTH="73" HEIGHT="22" WC="0.96" CONTENT="såsom"/><SP WIDTH="15" VPOS="1024" HPOS="341"/>
							<String ID="string_212" HPOS="356" VPOS="1024" WIDTH="196" HEIGHT="28" WC="0.93" CONTENT="betalningsmedel"/><SP WIDTH="15" VPOS="1024" HPOS="552"/>
							<String ID="string_213" HPOS="567" VPOS="1024" WIDTH="120" HEIGHT="28" WC="0.92" CONTENT="begagnas,"/><SP WIDTH="17" VPOS="1024" HPOS="687"/>
							<String ID="string_214" HPOS="704" VPOS="1023" WIDTH="42" HEIGHT="21" WC="0.93" CONTENT="och"/><SP WIDTH="13" VPOS="1023" HPOS="746"/>
							<String ID="string_215" HPOS="759" VPOS="1022" WIDTH="81" HEIGHT="29" WC="0.89" CONTENT="jemväl"/>
						</TextLine>
						<TextLine ID="line_26" HPOS="88" VPOS="1056" WIDTH="752" HEIGHT="30">
							<String ID="string_216" HPOS="88" VPOS="1066" WIDTH="37" HEIGHT="14" WC="0.95" CONTENT="om"/><SP WIDTH="18" VPOS="1066" HPOS="125"/>
							<String ID="string_217" HPOS="143" VPOS="1066" WIDTH="26" HEIGHT="14" WC="0.95" CONTENT="en"/><SP WIDTH="19" VPOS="1066" HPOS="169"/>
							<String ID="string_218" HPOS="188" VPOS="1058" WIDTH="52" HEIGHT="22" WC="0.95" CONTENT="eller"/><SP WIDTH="18" VPOS="1058" HPOS="240"/>
							<String ID="string_219" HPOS="258" VPOS="1058" WIDTH="51" HEIGHT="22" WC="0.93" CONTENT="flere"/><SP WIDTH="18" VPOS="1058" HPOS="309"/>
							<String ID="string_220" HPOS="327" VPOS="1058" WIDTH="155" HEIGHT="28" WC="0.92" CONTENT="privatbanker"/><SP WIDTH="19" VPOS="1058" HPOS="482"/>
							<String ID="string_221" HPOS="501" VPOS="1058" WIDTH="69" HEIGHT="21" WC="0.96" CONTENT="skulle"/><SP WIDTH="19" VPOS="1058" HPOS="570"/>
							<String ID="string_222" HPOS="589" VPOS="1058" WIDTH="89" HEIGHT="28" WC="0.96" CONTENT="uppstå,"/><SP WIDTH="19" VPOS="1058" HPOS="678"/>
							<String ID="string_223" HPOS="697" VPOS="1058" WIDTH="63" HEIGHT="20" WC="0.96" CONTENT="torde"/><SP WIDTH="20" VPOS="1058" HPOS="760"/>
							<String ID="string_224" HPOS="780" VPOS="1056" WIDTH="60" HEIGHT="21" WC="0.96" CONTENT="detta"/>
						</TextLine>
						<TextLine ID="line_27" HPOS="87" VPOS="1090" WIDTH="753" HEIGHT="30">
							<String ID="string_225" HPOS="87" VPOS="1093" WIDTH="50" HEIGHT="21" WC="0.96" CONTENT="icke"/><SP WIDTH="18" VPOS="1093" HPOS="137"/>
							<String ID="string_226" HPOS="155" VPOS="1092" WIDTH="114" HEIGHT="22" WC="0.96" CONTENT="förorsaka"/><SP WIDTH="18" VPOS="1092" HPOS="269"/>
							<String ID="string_227" HPOS="287" VPOS="1100" WIDTH="27" HEIGHT="13" WC="0.96" CONTENT="en"/><SP WIDTH="19" VPOS="1100" HPOS="314"/>
							<String ID="string_228" HPOS="333" VPOS="1092" WIDTH="24" HEIGHT="22" WC="0.96" CONTENT="så"/><SP WIDTH="18" VPOS="1092" HPOS="357"/>
							<String ID="string_229" HPOS="375" VPOS="1092" WIDTH="100" HEIGHT="28" WC="0.95" CONTENT="betydlig"/><SP WIDTH="18" VPOS="1092" HPOS="475"/>
							<String ID="string_230" HPOS="493" VPOS="1092" WIDTH="126" HEIGHT="28" WC="0.96" CONTENT="minskning"/><SP WIDTH="19" VPOS="1092" HPOS="619"/>
							<String ID="string_231" HPOS="638" VPOS="1092" WIDTH="23" HEIGHT="21" WC="0.93" CONTENT="af"/><SP WIDTH="17" VPOS="1092" HPOS="661"/>
							<String ID="string_232" HPOS="678" VPOS="1092" WIDTH="112" HEIGHT="27" WC="0.92" CONTENT="omloppet"/><SP WIDTH="16" VPOS="1092" HPOS="790"/>
							<String ID="string_233" HPOS="806" VPOS="1090" WIDTH="34" HEIGHT="21" WC="0.96" CONTENT="för"/>
						</TextLine>
						<TextLine ID="line_28" HPOS="88" VPOS="1124" WIDTH="753" HEIGHT="29">
							<String ID="string_234" HPOS="88" VPOS="1126" WIDTH="154" HEIGHT="22" WC="0.91" CONTENT="statsbankens"/><SP WIDTH="20" VPOS="1126" HPOS="242"/>
							<String ID="string_235" HPOS="262" VPOS="1126" WIDTH="77" HEIGHT="27" WC="0.96" CONTENT="sedlar,"/><SP WIDTH="21" VPOS="1126" HPOS="339"/>
							<String ID="string_236" HPOS="360" VPOS="1134" WIDTH="47" HEIGHT="14" WC="0.96" CONTENT="som"/><SP WIDTH="19" VPOS="1134" HPOS="407"/>
							<String ID="string_237" HPOS="426" VPOS="1134" WIDTH="50" HEIGHT="14" WC="0.96" CONTENT="man"/><SP WIDTH="15" VPOS="1134" HPOS="476"/>
							<String ID="string_238" HPOS="491" VPOS="1126" WIDTH="72" HEIGHT="21" WC="0.96" CONTENT="kunde"/><SP WIDTH="16" VPOS="1126" HPOS="563"/>
							<String ID="string_239" HPOS="579" VPOS="1126" WIDTH="65" HEIGHT="21" WC="0.96" CONTENT="hafva"/><SP WIDTH="15" VPOS="1126" HPOS="644"/>
							<String ID="string_240" HPOS="659" VPOS="1125" WIDTH="47" HEIGHT="22" WC="0.96" CONTENT="skäl"/><SP WIDTH="15" VPOS="1125" HPOS="706"/>
							<String ID="string_241" HPOS="721" VPOS="1128" WIDTH="32" HEIGHT="18" WC="0.96" CONTENT="att"/><SP WIDTH="15" VPOS="1128" HPOS="753"/>
							<String ID="string_242" HPOS="768" VPOS="1132" WIDTH="29" HEIGHT="14" WC="0.96" CONTENT="nu"/><SP WIDTH="16" VPOS="1132" HPOS="797"/>
							<String ID="string_243" HPOS="813" VPOS="1124" WIDTH="28" HEIGHT="28" WC="0.96" CONTENT="på"/>
						</TextLine>
						<TextLine ID="line_29" HPOS="87" VPOS="1160" WIDTH="277" HEIGHT="29">
							<String ID="string_244" HPOS="87" VPOS="1160" WIDTH="95" HEIGHT="22" WC="0.94" CONTENT="förhand"/><SP WIDTH="14" VPOS="1160" HPOS="182"/>
							<String ID="string_245" HPOS="196" VPOS="1161" WIDTH="112" HEIGHT="22" WC="0.94" CONTENT="föreställa"/><SP WIDTH="15" VPOS="1161" HPOS="308"/>
							<String ID="string_246" HPOS="323" VPOS="1161" WIDTH="41" HEIGHT="28" WC="0.96" CONTENT="sig."/>
						</TextLine>
					</TextBlock>
					<TextBlock ID="block_3" HPOS="87" VPOS="1193" WIDTH="757" HEIGHT="268">
						<TextLine ID="line_30" HPOS="156" VPOS="1193" WIDTH="685" HEIGHT="25">
							<String ID="string_247" HPOS="156" VPOS="1194" WIDTH="59" HEIGHT="22" WC="0.95" CONTENT="Herr"/><SP WIDTH="11" VPOS="1194" HPOS="215"/>
							<String ID="string_248" HPOS="226" VPOS="1194" WIDTH="88" HEIGHT="24" WC="0.96" CONTENT="Malm:"/><SP WIDTH="16" VPOS="1194" HPOS="314"/>
							<String ID="string_249" HPOS="330" VPOS="1195" WIDTH="44" HEIGHT="21" WC="0.96" CONTENT="För"/><SP WIDTH="12" VPOS="1195" HPOS="374"/>
							<String ID="string_250" HPOS="386" VPOS="1194" WIDTH="43" HEIGHT="22" WC="0.96" CONTENT="den"/><SP WIDTH="12" VPOS="1194" HPOS="429"/>
							<String ID="string_251" HPOS="441" VPOS="1194" WIDTH="105" HEIGHT="22" WC="0.95" CONTENT="händelse"/><SP WIDTH="12" VPOS="1194" HPOS="546"/>
							<String ID="string_252" HPOS="558" VPOS="1197" WIDTH="31" HEIGHT="18" WC="0.96" CONTENT="att"/><SP WIDTH="14" VPOS="1197" HPOS="589"/>
							<String ID="string_253" HPOS="603" VPOS="1194" WIDTH="86" HEIGHT="21" WC="0.96" CONTENT="ståndet"/><SP WIDTH="12" VPOS="1194" HPOS="689"/>
							<String ID="string_254" HPOS="701" VPOS="1193" WIDTH="70" HEIGHT="21" WC="0.93" CONTENT="skulle"/><SP WIDTH="11" VPOS="1193" HPOS="771"/>
							<String ID="string_255" HPOS="782" VPOS="1195" WIDTH="59" HEIGHT="18" WC="0.92" CONTENT="stan-"/>
						</TextLine>
						<TextLine ID="line_31" HPOS="88" VPOS="1227" WIDTH="752" HEIGHT="30">
							<String ID="string_256" HPOS="88" VPOS="1237" WIDTH="29" HEIGHT="13" WC="0.95" CONTENT="na"/><SP WIDTH="14" VPOS="1237" HPOS="117"/>
							<String ID="string_257" HPOS="131" VPOS="1229" WIDTH="8" HEIGHT="21" WC="0.96" CONTENT="i"/><SP WIDTH="15" VPOS="1229" HPOS="139"/>
							<String ID="string_258" HPOS="154" VPOS="1229" WIDTH="36" HEIGHT="21" WC="0.96" CONTENT="det"/><SP WIDTH="15" VPOS="1229" HPOS="190"/>
							<String ID="string_259" HPOS="205" VPOS="1229" WIDTH="72" HEIGHT="21" WC="0.96" CONTENT="beslut"/><SP WIDTH="15" VPOS="1229" HPOS="277"/>
							<String ID="string_260" HPOS="292" VPOS="1231" WIDTH="31" HEIGHT="19" WC="0.93" CONTENT="att"/><SP WIDTH="14" VPOS="1231" HPOS="323"/>
							<String ID="string_261" HPOS="337" VPOS="1228" WIDTH="112" HEIGHT="29" WC="0.91" CONTENT="medgifva"/><SP WIDTH="14" VPOS="1228" HPOS="449"/>
							<String ID="string_262" HPOS="463" VPOS="1228" WIDTH="182" HEIGHT="28" WC="0.93" CONTENT="privatbankerne"/><SP WIDTH="12" VPOS="1228" HPOS="645"/>
							<String ID="string_263" HPOS="657" VPOS="1227" WIDTH="183" HEIGHT="29" WC="0.91" CONTENT="sedelutgifning"/><SP WIDTH="-6" VPOS="1227" HPOS="840"/>
							<String ID="string_264" HPOS="834" VPOS="1223" WIDTH="10" HEIGHT="38" WC="0.91" CONTENT=","/>
						</TextLine>
						<TextLine ID="line_32" HPOS="88" VPOS="1261" WIDTH="754" HEIGHT="31">
							<String ID="string_265" HPOS="88" VPOS="1270" WIDTH="65" HEIGHT="14" WC="0.96" CONTENT="anser"/><SP WIDTH="8" VPOS="1270" HPOS="153"/>
							<String ID="string_266" HPOS="161" VPOS="1264" WIDTH="39" HEIGHT="28" WC="0.96" CONTENT="jag"/><SP WIDTH="7" VPOS="1264" HPOS="200"/>
							<String ID="string_267" HPOS="207" VPOS="1263" WIDTH="37" HEIGHT="21" WC="0.96" CONTENT="det"/><SP WIDTH="11" VPOS="1263" HPOS="244"/>
							<String ID="string_268" HPOS="255" VPOS="1263" WIDTH="71" HEIGHT="21" WC="0.93" CONTENT="vilkor"/><SP WIDTH="13" VPOS="1263" HPOS="326"/>
							<String ID="string_269" HPOS="339" VPOS="1263" WIDTH="77" HEIGHT="21" WC="0.91" CONTENT="dervid"/><SP WIDTH="12" VPOS="1263" HPOS="416"/>
							<String ID="string_270" HPOS="428" VPOS="1262" WIDTH="137" HEIGHT="29" WC="0.96" CONTENT="nödvändigt"/><SP WIDTH="12" VPOS="1262" HPOS="565"/>
							<String ID="string_271" HPOS="577" VPOS="1262" WIDTH="53" HEIGHT="22" WC="0.96" CONTENT="böra"/><SP WIDTH="11" VPOS="1262" HPOS="630"/>
							<String ID="string_272" HPOS="641" VPOS="1262" WIDTH="80" HEIGHT="26" WC="0.95" CONTENT="fästas,"/><SP WIDTH="12" VPOS="1262" HPOS="721"/>
							<String ID="string_273" HPOS="733" VPOS="1264" WIDTH="32" HEIGHT="18" WC="0.96" CONTENT="att"/><SP WIDTH="12" VPOS="1264" HPOS="765"/>
							<String ID="string_274" HPOS="777" VPOS="1261" WIDTH="65" HEIGHT="21" WC="0.96" CONTENT="dessa"/>
						</TextLine>
						<TextLine ID="line_33" HPOS="88" VPOS="1294" WIDTH="755" HEIGHT="31">
							<String ID="string_275" HPOS="88" VPOS="1297" WIDTH="82" HEIGHT="21" WC="0.96" CONTENT="banker"/><SP WIDTH="18" VPOS="1297" HPOS="170"/>
							<String ID="string_276" HPOS="188" VPOS="1297" WIDTH="63" HEIGHT="22" WC="0.96" CONTENT="skola"/><SP WIDTH="19" VPOS="1297" HPOS="251"/>
							<String ID="string_277" HPOS="270" VPOS="1305" WIDTH="52" HEIGHT="13" WC="0.96" CONTENT="vara"/><SP WIDTH="21" VPOS="1305" HPOS="322"/>
							<String ID="string_278" HPOS="343" VPOS="1297" WIDTH="101" HEIGHT="28" WC="0.96" CONTENT="skyldige"/><SP WIDTH="20" VPOS="1297" HPOS="444"/>
							<String ID="string_279" HPOS="464" VPOS="1300" WIDTH="32" HEIGHT="18" WC="0.96" CONTENT="att"/><SP WIDTH="18" VPOS="1300" HPOS="496"/>
							<String ID="string_280" HPOS="514" VPOS="1296" WIDTH="38" HEIGHT="21" WC="0.96" CONTENT="vid"/><SP WIDTH="19" VPOS="1296" HPOS="552"/>
							<String ID="string_281" HPOS="571" VPOS="1296" WIDTH="42" HEIGHT="21" WC="0.96" CONTENT="alla"/><SP WIDTH="19" VPOS="1296" HPOS="613"/>
							<String ID="string_282" HPOS="632" VPOS="1296" WIDTH="47" HEIGHT="21" WC="0.96" CONTENT="sina"/><SP WIDTH="23" VPOS="1296" HPOS="679"/>
							<String ID="string_283" HPOS="702" VPOS="1296" WIDTH="81" HEIGHT="20" WC="0.96" CONTENT="kontor"/><SP WIDTH="19" VPOS="1296" HPOS="783"/>
							<String ID="string_284" HPOS="802" VPOS="1294" WIDTH="41" HEIGHT="22" WC="0.96" CONTENT="och"/>
						</TextLine>
						<TextLine ID="line_34" HPOS="87" VPOS="1329" WIDTH="755" HEIGHT="31">
							<String ID="string_285" HPOS="87" VPOS="1334" WIDTH="117" HEIGHT="26" WC="0.96" CONTENT="agenturer"/><SP WIDTH="19" VPOS="1334" HPOS="204"/>
							<String ID="string_286" HPOS="223" VPOS="1331" WIDTH="37" HEIGHT="21" WC="0.96" CONTENT="vid"/><SP WIDTH="18" VPOS="1331" HPOS="260"/>
							<String ID="string_287" HPOS="278" VPOS="1331" WIDTH="150" HEIGHT="28" WC="0.93" CONTENT="presentation"/><SP WIDTH="19" VPOS="1331" HPOS="428"/>
							<String ID="string_288" HPOS="447" VPOS="1330" WIDTH="72" HEIGHT="22" WC="0.91" CONTENT="inlösa"/><SP WIDTH="19" VPOS="1330" HPOS="519"/>
							<String ID="string_289" HPOS="538" VPOS="1331" WIDTH="48" HEIGHT="21" WC="0.96" CONTENT="sina"/><SP WIDTH="18" VPOS="1331" HPOS="586"/>
							<String ID="string_290" HPOS="604" VPOS="1330" WIDTH="71" HEIGHT="22" WC="0.96" CONTENT="sedlar"/><SP WIDTH="20" VPOS="1330" HPOS="675"/>
							<String ID="string_291" HPOS="695" VPOS="1329" WIDTH="49" HEIGHT="22" WC="0.92" CONTENT="med"/><SP WIDTH="16" VPOS="1329" HPOS="744"/>
							<String ID="string_292" HPOS="760" VPOS="1329" WIDTH="82" HEIGHT="21" WC="0.92" CONTENT="silfver."/>
						</TextLine>
						<TextLine ID="line_35" HPOS="87" VPOS="1363" WIDTH="757" HEIGHT="31">
							<String ID="string_293" HPOS="87" VPOS="1365" WIDTH="46" HEIGHT="29" WC="0.96" CONTENT="Jag"/><SP WIDTH="18" VPOS="1365" HPOS="133"/>
							<String ID="string_294" HPOS="151" VPOS="1365" WIDTH="39" HEIGHT="22" WC="0.96" CONTENT="vill"/><SP WIDTH="18" VPOS="1365" HPOS="190"/>
							<String ID="string_295" HPOS="208" VPOS="1365" WIDTH="77" HEIGHT="23" WC="0.96" CONTENT="härvid"/><SP WIDTH="19" VPOS="1365" HPOS="285"/>
							<String ID="string_296" HPOS="304" VPOS="1366" WIDTH="58" HEIGHT="20" WC="0.95" CONTENT="fästa"/><SP WIDTH="19" VPOS="1366" HPOS="362"/>
							<String ID="string_297" HPOS="381" VPOS="1365" WIDTH="222" HEIGHT="28" WC="0.93" CONTENT="uppmärksamheten"/><SP WIDTH="19" VPOS="1365" HPOS="603"/>
							<String ID="string_298" HPOS="622" VPOS="1364" WIDTH="61" HEIGHT="26" WC="0.92" CONTENT="derå,"/><SP WIDTH="19" VPOS="1364" HPOS="683"/>
							<String ID="string_299" HPOS="702" VPOS="1367" WIDTH="32" HEIGHT="18" WC="0.96" CONTENT="att"/><SP WIDTH="15" VPOS="1367" HPOS="734"/>
							<String ID="string_300" HPOS="749" VPOS="1371" WIDTH="35" HEIGHT="13" WC="0.92" CONTENT="om"/><SP WIDTH="16" VPOS="1371" HPOS="784"/>
							<String ID="string_301" HPOS="800" VPOS="1363" WIDTH="44" HEIGHT="27" WC="0.90" CONTENT="pri-"/>
						</TextLine>
						<TextLine ID="line_36" HPOS="87" VPOS="1396" WIDTH="755" HEIGHT="25">
							<String ID="string_302" HPOS="87" VPOS="1399" WIDTH="148" HEIGHT="21" WC="0.90" CONTENT="vatbankerne"/><SP WIDTH="11" VPOS="1399" HPOS="235"/>
							<String ID="string_303" HPOS="246" VPOS="1399" WIDTH="80" HEIGHT="22" WC="0.96" CONTENT="tillåtas"/><SP WIDTH="9" VPOS="1399" HPOS="326"/>
							<String ID="string_304" HPOS="335" VPOS="1402" WIDTH="33" HEIGHT="18" WC="0.93" CONTENT="att"/><SP WIDTH="10" VPOS="1402" HPOS="368"/>
							<String ID="string_305" HPOS="378" VPOS="1399" WIDTH="72" HEIGHT="21" WC="0.91" CONTENT="inlösa"/><SP WIDTH="12" VPOS="1399" HPOS="450"/>
							<String ID="string_306" HPOS="462" VPOS="1399" WIDTH="49" HEIGHT="21" WC="0.96" CONTENT="sina"/><SP WIDTH="12" VPOS="1399" HPOS="511"/>
							<String ID="string_307" HPOS="523" VPOS="1399" WIDTH="71" HEIGHT="21" WC="0.96" CONTENT="sedlar"/><SP WIDTH="8" VPOS="1399" HPOS="594"/>
							<String ID="string_308" HPOS="602" VPOS="1398" WIDTH="48" HEIGHT="21" WC="0.96" CONTENT="med"/><SP WIDTH="7" VPOS="1398" HPOS="650"/>
							<String ID="string_309" HPOS="657" VPOS="1397" WIDTH="107" HEIGHT="22" WC="0.96" CONTENT="Finlands"/><SP WIDTH="9" VPOS="1397" HPOS="764"/>
							<String ID="string_310" HPOS="773" VPOS="1396" WIDTH="69" HEIGHT="22" WC="0.96" CONTENT="banks"/>
						</TextLine>
						<TextLine ID="line_37" HPOS="88" VPOS="1432" WIDTH="755" HEIGHT="29">
							<String ID="string_311" HPOS="88" VPOS="1433" WIDTH="72" HEIGHT="22" WC="0.95" CONTENT="sedlar"/><SP WIDTH="15" VPOS="1433" HPOS="160"/>
							<String ID="string_312" HPOS="175" VPOS="1433" WIDTH="68" HEIGHT="22" WC="0.96" CONTENT="under"/><SP WIDTH="11" VPOS="1433" HPOS="243"/>
							<String ID="string_313" HPOS="254" VPOS="1433" WIDTH="56" HEIGHT="22" WC="0.96" CONTENT="tider"/><SP WIDTH="12" VPOS="1433" HPOS="310"/>
							<String ID="string_314" HPOS="322" VPOS="1433" WIDTH="27" HEIGHT="22" WC="0.93" CONTENT="då"/><SP WIDTH="11" VPOS="1433" HPOS="349"/>
							<String ID="string_315" HPOS="360" VPOS="1433" WIDTH="192" HEIGHT="28" WC="0.91" CONTENT="silfverutvexling"/><SP WIDTH="11" VPOS="1433" HPOS="552"/>
							<String ID="string_316" HPOS="563" VPOS="1434" WIDTH="48" HEIGHT="20" WC="0.96" CONTENT="från"/><SP WIDTH="13" VPOS="1434" HPOS="611"/>
							<String ID="string_317" HPOS="624" VPOS="1432" WIDTH="86" HEIGHT="22" WC="0.96" CONTENT="banken"/><SP WIDTH="12" VPOS="1432" HPOS="710"/>
							<String ID="string_318" HPOS="722" VPOS="1439" WIDTH="51" HEIGHT="21" WC="0.96" CONTENT="eger"/><SP WIDTH="12" VPOS="1439" HPOS="773"/>
							<String ID="string_319" HPOS="785" VPOS="1438" WIDTH="58" HEIGHT="19" WC="0.94" CONTENT="rum,"/>
						</TextLine>
					</TextBlock>
				</ComposedBlock>
			</PrintSpace>
		</Page>
	</Layout>
</alto>
