1039 1773
224 147 41 21 384

194 210 80 28 ningen
293 210 7 21 i
319 210 72 21 ämnet
409 207 124 25 inskränkts
549 210 33 22 till
599 213 31 18 att
645 209 76 22 endast
738 210 134 29 undanrödja
886 210 63 22 dessa

194 244 113 26 olikheter,
329 244 49 21 skäl
401 245 32 21 till
456 244 167 29 anmärkningar
645 244 97 22 deremot
765 246 17 26 ej
804 246 144 20 förekommit.

193 277 54 23 Men
266 278 72 22 denna
356 278 137 29 lagstiftning
509 279 39 21 har
564 279 55 28 tagit
634 279 55 20 ännu
707 284 30 16 ett
752 282 48 24 steg
816 279 74 28 längre
906 280 41 20 och

194 312 112 22 tillerkänt
326 312 110 29 allmogen
451 313 108 21 förmåner
574 312 41 22 och
631 313 255 28 företrädesrättigheter,
902 320 46 14 som

194 346 49 22 icke
262 347 122 21 tillkomma
400 347 162 28 borgerskapet.
592 347 49 21 Den
659 347 44 26 har,
720 354 76 20 genom
814 350 30 18 att
859 347 90 21 sålunda

194 388 74 21 gynna
290 388 25 14 en
338 381 59 21 klass
420 382 24 20 af
464 381 164 28 näringsidkare
651 382 90 20 framför
760 389 25 13 en
806 389 76 19 annan,
902 388 46 14 som

194 415 58 21 dock
268 415 72 21 kunde
356 415 94 27 åberopa
466 415 125 28 privilegier
606 414 42 22 och
663 415 48 21 dem
725 416 151 20 motsvarande
888 415 60 29 skyl-

195 448 99 29 digheter
310 449 32 21 till
358 448 49 22 stöd
424 449 34 21 för
473 449 94 28 anspråk
582 449 13 21 å
610 450 69 21 större
695 450 149 28 prerogativer
856 450 29 20 uti
898 449 51 22 ifrå-

195 483 123 28 gavarande
337 483 129 26 hänseende,
481 484 68 28 enligt
564 483 116 22 utskottets
697 483 63 21 tanke
776 483 46 28 gått
838 484 33 21 för
887 484 60 27 långt

195 518 49 27 och,
265 517 8 22 i
296 515 37 24 det
355 517 42 22 den
416 517 101 23 afskaffat
536 525 26 14 en
579 517 120 29 obillighet,
715 517 7 21 i
738 517 49 22 dess
802 518 63 21 ställe
880 519 67 20 infört

195 559 25 14 en
238 560 76 14 annan.

264 592 70 21 Bland
350 592 27 21 de
392 592 7 21 i
414 593 212 28 petitionsförslagen
642 592 113 21 anmärkta
767 591 133 30 stadganden
912 593 35 20 rö-

195 626 67 21 rande
281 626 128 21 hithörande
426 627 82 27 ämnen,
523 634 46 13 som
585 627 102 28 antingen
705 626 77 21 endast
797 626 93 29 betunga
905 627 43 26 sjö-

196 661 76 26 farten,
288 664 51 17 utan
355 664 32 17 att
403 661 33 20 för
451 661 36 20 det
502 661 107 20 allmänna
624 660 96 21 medföra
733 659 71 29 någon
816 663 68 25 nytta,
895 660 53 21 eller

196 694 42 21 ock
253 695 22 20 åt
290 695 212 28 landtmannafartyg
517 695 107 28 inrymma
639 693 107 22 särskilda
762 694 106 21 förmåner
884 694 64 21 fram-

196 729 35 21 för
254 729 166 28 borgerskapets
440 729 78 28 fartyg,
537 729 32 20 får
587 728 107 21 utskottet
709 727 110 22 vördsamt
835 727 113 22 framhålla

196 763 102 28 följande,
318 771 34 13 om
373 763 84 21 hvilkas
474 762 152 29 npphäfvande
643 763 105 20 utskottet
763 765 69 18 ansett
847 763 101 27 borgare-

196 797 86 20 ståndet
301 797 47 20 med
369 797 37 27 fog
426 797 71 20 kunna
517 796 38 21 hos
571 796 105 29 styrelsen
693 797 54 28 göra
762 796 133 29 underdånig
911 803 37 14 an-

196 830 78 27 hällan,
290 830 107 29 nemligen
414 829 120 29 angående:

266 871 40 20 1:o.
329 870 255 29 Fartygsbesättningars
595 871 146 28 inmönstring
753 870 40 21 och
803 870 144 29 afmönstring

196 904 12 21 å
228 904 161 28 sjömanshusen
410 908 55 18 samt
480 906 56 20 inför
551 905 164 28 magistraterne
727 906 65 27 jemte
809 904 138 22 utfärdandet

196 939 24 20 af
238 939 54 21 folk-
308 938 52 22 eller
375 939 180 28 magistratspass.
589 939 92 22 Jemlikt
697 939 139 27 reglemeutet
851 939 33 20 för
899 938 48 22 kof-

197 972 163 28 ferdiskeppare
379 973 41 21 och
440 973 79 28 sjöfolk
538 974 25 20 af
579 973 40 21 den
636 973 27 21 30
677 980 57 14 mars
752 972 53 21 1748
822 972 39 21 och
880 973 38 20 136
934 973 12 28 &

196 1007 5 20 i
218 1006 240 29 seglationsordningen
475 1008 23 20 af
511 1007 40 21 den
567 1008 27 20 28
610 1009 41 27 maj
669 1008 61 25 1839,
746 1007 54 21 skall
817 1007 105 27 skeppare
934 1008 12 20 ä

195 1040 131 28 stapelstads
343 1041 71 29 fartyg
431 1042 53 20 först
498 1041 57 21 inför
570 1041 222 28 skeppsombndsman
805 1041 87 28 förhyra
906 1041 40 21 och

195 1075 94 21 derefter
305 1075 35 21 vid
357 1076 139 27 magistraten
511 1075 43 21 låta
570 1076 117 20 inmönstra
704 1076 128 27 besättning,
844 1075 103 21 särskildt

196 1110 34 20 för
246 1109 74 28 hvarje
336 1110 81 20 utrikes
434 1110 90 27 sjöresa;
539 1110 52 20 derä
607 1110 139 28 magistraten
762 1110 98 20 utfärdar
875 1110 35 20 det
922 1110 24 20 sä

195 1144 87 20 kallade
299 1144 125 28 folkpasset,
442 1144 82 20 hvilket
540 1145 63 27 utgör
620 1144 59 21 bevis
696 1145 60 20 öfver
769 1144 39 20 den
821 1144 82 20 skedda
914 1144 32 20 in-

196 1178 156 28 mönstringen.
382 1177 78 29 Enligt
475 1186 80 12 samma
571 1178 152 28 förordningar
735 1178 54 20 skall
803 1178 143 28 afmöustring

195 1212 25 20 af
241 1212 149 28 besättningen
414 1212 45 20 åter
477 1212 12 20 &
507 1212 136 28 sjömanshus
666 1212 41 21 och
731 1212 55 20 inför
807 1212 139 28 magistraten

195 1246 137 27 verkställas,
356 1246 24 21 så
398 1248 59 18 snart
475 1246 204 28 stapelstadsfartyg
700 1246 45 21 från
765 1246 81 26 utrikes
866 1246 80 28 sjöresa

195 1279 146 22 hemkommer
356 1280 40 20 och
413 1280 63 21 innan
493 1280 98 28 lossning
602 1280 20 20 af
635 1280 68 21 lasten
718 1280 31 21 får
762 1280 92 28 vidtaga.
878 1279 68 22 Utom

194 1314 37 20 det
254 1318 32 16 att
304 1314 63 21 dessa
386 1314 118 28 omgångar
523 1314 37 20 äro
579 1314 48 21 med
643 1314 118 21 kostnader
777 1314 33 20 för
825 1314 121 21 rederierna

194 1348 112 26 förenade,
325 1348 96 21 medföra
440 1348 27 21 de
483 1347 64 22 bland
563 1354 64 14 annat
643 1348 64 21 äfven
723 1347 40 21 den
780 1348 120 28 olägenhet,
916 1351 30 17 att

194 1382 28 21 då
240 1382 139 28 magistraten
398 1382 77 22 endast
493 1382 58 21 vissa
570 1382 67 28 dagar
653 1382 175 27 sammanträder,
844 1382 101 28 uppehåll

194 1417 41 20 och
259 1416 132 28 tidsutdrägt
410 1416 36 21 vid
465 1416 110 29 fartygens
595 1416 110 28 klarering
720 1424 76 20 genom
813 1416 31 20 in
860 1416 39 20 och
916 1418 30 19 af-

194 1451 174 27 mönstringarne
385 1450 129 22 förorsakas.
556 1448 113 24 Utskottet
686 1450 67 22 håller
771 1451 51 26 före,
838 1455 29 16 att
884 1450 62 22 dessa
