1039 1773
790 155 41 21 285

107 216 34 21 för
160 215 67 29 öfrigt
245 222 27 15 en
291 214 276 30 undantagslagstiftning,
585 215 42 22 och
647 216 74 22 dertill
736 218 25 20 af
775 219 85 28 ganska

108 249 112 29 betänklig
235 252 39 24 art,
290 248 100 23 hvarföre
404 251 38 27 jag
458 256 64 14 anser
537 257 27 14 en
575 250 107 22 afvikelse
693 251 49 22 från
753 252 41 22 den
806 262 52 14 van-

106 283 45 29 liga
172 283 250 29 rättegångsordningen
449 283 38 22 vid
513 284 158 29 länestyrelsen
697 285 41 22 här
760 288 99 27 opätaldt

106 318 73 21 kunna
194 318 46 22 ske.

174 352 63 22 Efter
252 351 71 22 slutad
339 351 126 22 diskussion
485 352 147 23 framställdes
647 353 24 21 af
684 354 51 21 herr
750 354 108 23 talman-

106 394 49 14 nen
171 385 160 23 nedanstående
346 386 141 28 proposition
503 386 41 21 och
560 386 229 30 kontraproposition:

174 420 72 22 Gillar
264 419 86 23 ståndet
369 420 12 28 $
396 420 24 21 29
439 420 8 21 i
466 420 42 22 den
524 420 80 29 nådiga
618 422 167 28 propositionen
803 426 53 20 utan

106 454 141 29 förändring?

451 483 54 22 eller

174 518 73 21 Anser
266 517 96 27 ståndet,
381 517 50 22 med
450 517 161 28 godkännande
626 518 24 21 af
665 518 93 23 berörde
773 521 13 28 &
801 521 7 20 i
824 521 32 21 öf-

105 553 53 28 rigt,
170 552 38 22 det
218 553 112 22 derstädes
342 551 177 22 förekommande
532 552 55 21 sista
597 556 118 19 momentet
727 553 53 22 böra
788 555 67 28 utgå?

172 587 35 22 De
222 595 48 14 som
285 586 67 22 önska
367 586 38 21 det
418 586 70 27 förra,
504 593 64 15 svara
580 586 105 29 jakande,
700 587 27 22 de
743 595 47 15 som
802 589 53 28 vilja

104 621 38 22 det
156 629 86 19 senare,
258 628 64 14 svara
337 620 104 22 nekande.

171 655 138 22 Besvarades
330 655 50 21 med
402 654 113 22 obestridd
540 655 160 28 röstpluralitet
719 656 105 29 jakande,
846 658 8 21 i

103 689 55 29 följd
178 689 79 22 hvaraf
276 689 50 21 herr
341 689 150 21 talmannen
510 689 125 22 förklarade
656 690 166 29 ifrågavarande
840 692 14 29 &

104 731 52 14 vara
170 727 51 18 utan
237 723 128 28 förändring
380 723 25 21 af
418 723 87 21 ståndet
519 726 101 25 antagen.

171 757 113 29 Enhälligt
299 757 41 21 och
356 760 51 18 utan
423 756 128 23 diskussion
566 757 127 28 godkändes
708 758 97 23 härefter
819 762 35 19 ut-

104 791 94 22 skottets
213 791 136 22 betänkande
367 791 48 21 från
430 791 42 22 och
487 791 50 22 med
551 792 13 28 $
579 791 28 21 30
622 791 33 22 till
670 792 42 21 och
726 793 49 22 med
790 794 13 28 &
817 794 35 21 44.

444 831 13 28 8
472 831 34 20 45.

170 865 59 23 Herr
243 865 169 30 Tengström:
434 865 143 22 Beträffande
596 865 56 23 först
666 866 41 22 den
723 869 58 26 yttre
796 875 56 21 upp-

102 900 132 29 ställningen
246 900 24 22 af
281 900 165 28 ifrågavarande
461 900 24 28 8,
500 900 88 21 förenar
601 901 38 28 jag
652 901 45 29 mig
711 902 50 21 med
776 902 26 21 de
818 906 34 18 ut-

102 934 94 22 skottets
210 934 139 22 medlemmar
364 934 23 21 af
399 934 37 21 tvä
452 934 75 27 ständ,
543 933 74 23 hvilka
631 934 48 22 icke
694 935 72 29 ingätt
780 936 29 28 pä
824 936 26 22 de

100 968 70 29 begge
192 968 69 22 första
282 971 159 19 momenternes
460 968 206 29 sammandragning
683 969 35 21 till
737 972 32 19 ett
786 970 64 22 enda.

99 1002 121 30 Angäende
238 1003 46 21 äter
302 1002 127 28 innehället,
450 1002 41 22 har
504 1004 37 27 jag
557 1003 55 21 intet
630 1006 57 18 emot
702 1006 41 24 att,
762 1004 28 28 pä
805 1006 44 20 sätt

100 1036 27 22 de
145 1037 68 21 andra
231 1036 103 22 ständens
356 1036 132 29 deputerade
510 1037 124 28 föreslagit,
657 1038 36 21 det
715 1038 135 30 fullkomligt

99 1071 123 29 oskadliga,
242 1071 68 21 ehuru
326 1070 67 22 ocksä
408 1071 46 21 helt
469 1071 41 21 och
526 1071 68 21 hället
608 1072 99 28 onyttiga
723 1072 63 22 ordet
800 1074 49 20 ”ve-

99 1105 105 29 terligen”
218 1106 92 21 insättes
325 1106 6 20 i
347 1105 76 28 början
438 1105 24 21 af
475 1106 71 21 första
560 1108 124 25 momentet,
701 1113 47 15 som
764 1107 84 23 således

99 1139 70 21 skulle
184 1139 82 22 erhälla
280 1139 96 29 följande
390 1140 96 28 lydelse:
506 1140 61 21 ”Den
583 1147 48 14 som
645 1140 67 28 hyser
727 1142 121 28 veterligen

97 1173 131 23 försvarslös
246 1174 92 28 person”
354 1181 20 13 o.
394 1182 17 13 s.
427 1182 20 12 v.
467 1174 70 28 enligt
555 1174 42 21 den
615 1173 79 29 nädiga
713 1175 135 27 propositio-

97 1215 50 13 nen.
176 1206 66 23 Säväl
257 1208 69 28 enligt
340 1208 109 20 allmänna
464 1208 155 28 spräkbruket,
635 1215 48 15 som
697 1208 8 21 i
719 1208 128 29 lagspräket

98 1242 41 21 och
155 1242 86 21 dermed
256 1242 237 22 öfverensstämmande
511 1242 182 28 domstolspraxis
704 1242 82 22 förstäs
798 1243 49 21 med

97 1276 63 21 ordet
180 1276 98 29 hysande
301 1276 45 21 helt
364 1279 65 18 annat
447 1277 28 21 än
495 1279 33 18 att
546 1277 35 21 för
600 1276 95 21 tillfället
712 1276 73 22 lemna
798 1276 50 22 her-

95 1310 66 29 berge
176 1310 23 20 ät
213 1318 26 13 en
255 1310 95 21 obekant
368 1310 145 27 främmande,
534 1318 47 14 som
597 1310 74 22 derom
685 1310 105 28 anhäller,
805 1311 41 21 och

95 1344 71 22 denna
181 1344 77 29 ätgärd
272 1344 42 22 kan
330 1344 80 28 aldrig,
431 1344 28 28 pä
474 1345 45 21 sätt
533 1352 50 14 man
603 1344 92 28 befarat,
713 1345 25 21 af
750 1344 96 23 domstol

95 1386 65 14 anses
178 1378 72 22 säsom
272 1378 89 28 olofligt
383 1378 105 28 hysande.
525 1378 46 22 Vid
589 1378 37 22 det
643 1378 68 22 andra
728 1382 118 18 momentet

93 1412 54 22 ville
160 1414 38 27 jag
213 1412 89 22 förorda
316 1420 27 14 en
359 1412 108 29 väsentlig
483 1412 138 29 förändring,
636 1412 53 22 eller
703 1415 32 19 att
750 1413 7 20 i
773 1412 73 22 stället

92 1446 36 21 för
143 1447 41 21 den
203 1446 99 22 absoluta
321 1446 230 29 straffbestämningen
567 1447 25 21 af
603 1448 62 27 tjugu
680 1446 72 27 mark,
768 1453 77 16 ansva-
