1039 1773
205 139 42 25 278

245 200 91 24 Ankom
351 209 27 14 en
394 201 127 28 deputation
541 201 48 22 från
607 201 162 27 presteständet
786 201 70 25 under
870 201 62 25 anfd=

176 235 68 26 rande
260 236 24 21 af
297 236 50 24 herr
362 231 141 40 domprosten
519 235 102 27 Renvall,
641 242 46 15 som
703 236 40 28 gaf
759 235 117 25 tillkänna:
897 236 34 21 1:a

176 272 32 22 att
223 269 99 25 bemälde
337 269 75 28 stånd,
431 269 38 21 vid
489 269 68 22 skedd
575 268 157 30 föredragning
747 270 25 21 af
784 270 148 28 expeditions-

175 304 121 25 utskottets
316 304 84 28 förslag
415 303 34 22 till
467 304 115 25 redaktion
598 304 25 24 af
635 304 128 22 ständernes
782 304 149 28 underdåniga

176 346 52 16 svar
243 338 13 25 å
272 338 80 28 nådiga
365 338 167 28 propositionen
549 337 112 31 angaende
676 338 174 28 bestämmande,
865 338 66 23 huru-

175 373 53 24 vida
242 372 42 24 och
299 372 34 21 till
352 372 89 25 hvilken
460 372 35 21 del
514 372 13 21 å
545 372 79 21 allmän
643 374 44 20 stat
708 372 108 28 uppförde
839 372 92 21 embets-

176 406 42 23 och
233 407 139 27 tjenstemän,
388 406 87 26 hvilkas
491 406 147 28 befattningar
651 406 111 28 indragas,
775 406 61 23 skola
848 406 82 28 åtnjuta

176 441 49 23 sina
239 440 61 25 förra
315 440 167 27 löneförmäner,
498 440 55 21 hade
565 440 100 29 godkänt
677 440 93 23 berörde
780 440 90 29 förslag,
881 440 50 21 med

176 475 110 24 förbehåll
301 477 32 18 att
347 475 172 28 presteständets
532 474 72 24 beslut
616 474 92 23 rörande
721 474 42 24 den
775 474 86 24 ståndet
872 474 58 21 med-

176 509 78 26 delade
276 509 159 28 inbjudningen
454 508 33 23 till
505 508 130 29 deltagande
654 509 8 20 i
680 507 136 30 underdänig
836 509 93 28 petition

176 551 37 17 om
228 545 50 26 nytt
292 543 123 29 lagförslag
430 543 7 22 i
453 544 72 23 ämnet
540 543 71 23 skulle
629 550 80 19 genom
728 542 117 29 bitogande
860 543 24 23 af
896 545 34 18 ut-

176 578 54 28 drag
246 577 24 21 af
283 577 173 33 presteständets
475 577 111 31 protokoll
606 577 89 28 bringas
714 577 34 25 till
763 577 62 24 Hans
841 576 89 29 Kejser-

176 612 46 28 liga
237 611 117 28 Majestäts
369 612 134 25 kännedom;
523 614 56 23 samt
597 611 34 24 2:0
647 614 31 21 att
693 611 170 28 presteständet,
882 618 48 14 som

176 647 34 20 till
233 647 77 28 slutlig
332 646 77 29 åtgärd
432 646 95 24 färehaft
548 646 80 28 nådiga
646 637 167 44 propositionen
832 653 36 15 om
886 645 44 21 för-

177 680 112 26 svarslösa
304 687 107 22 personer
425 680 42 25 och
481 680 63 25 deras
559 679 134 29 behandling,
694 679 70 26 icke
778 679 83 25 kunnat
876 679 54 28 god-

176 715 74 24 känna
267 714 142 25 redaktionen
426 715 24 21 af
462 715 50 32 81,
531 714 96 24 hvarken
645 715 8 20 i
668 692 168 65 propositionen
854 713 73 23 eller
917 709 15 35 i

177 751 157 23 sammansatta
351 749 47 28 lag-
413 749 41 22 och
473 731 234 43 okonomieutskotiets
726 749 7 20 i
753 748 75 29 frägan
848 748 82 29 afgifna

177 783 149 27 betänkande,
348 785 53 23 utan
423 783 90 23 beslutit
531 785 31 22 att
581 782 22 24 ät
621 782 91 24 berörde
728 783 13 30 &
755 767 60 44 gifva
834 763 95 52 följande

177 816 95 29 lydelse;
295 817 91 24 ”Såsom
404 817 131 24 försvarslös
554 824 64 14 anses
637 817 53 26 den,
709 824 46 13 som
771 816 96 24 hvarken
882 817 25 20 är
922 816 7 24 i

177 851 80 25 allmän
276 852 66 27 tjenst
361 851 54 25 eller
433 851 62 22 idkar
509 851 41 21 fria
564 851 98 26 konster,
681 850 91 28 studier,
790 850 89 27 handel,
898 850 32 21 fa-

177 885 155 27 hriksrörelse,
351 885 132 27 handtverk,
502 885 86 29 sjöfart,
605 884 120 29 jordbruk,
740 885 121 29 bergsbruk
876 885 53 22 eller

177 922 67 22 annat
258 918 72 30 dylikt
344 919 154 29 näringsfång,
517 919 53 25 eller
585 920 24 23 af
622 926 55 22 egna
693 900 118 52 tillgångar
826 919 52 22 eller
892 927 37 21 ge-

176 960 52 18 nom
244 952 79 26 andras
341 953 98 25 vårdnad
457 961 52 21 eger
527 954 33 20 sin
580 937 117 45 bergning,
721 937 64 41 eller"
790 953 90 21 innehar
896 954 32 21 sä-

177 987 43 26 dan
242 988 78 28 tjenst,
342 994 48 18 som
412 987 101 29 gällande
534 987 130 29 legostadga
685 987 36 25 för
742 988 126 21 husbönder
886 987 42 25 och

176 1021 135 28 tjenstehjon
327 1025 56 22 samt
398 1021 106 27 handels-,
515 1021 94 25 fabriks-
621 1021 41 25 och
675 1021 253 29 handtverksreglemen-

177 1057 37 22 ten
232 1055 143 27 föreskrifva,
393 1055 53 25 eller
464 1056 42 24 ock
521 1056 25 25 af
558 1056 130 24 kommunen
707 1055 53 22 eller
777 1056 51 21 dess
847 1056 81 23 ombud

177 1088 50 26 icke
241 1089 89 33 intygas
348 1089 98 29 iakttaga
464 1090 146 26 arbetsamhet
628 1089 42 22 och
691 1089 108 29 sedlighet
813 1090 7 23 i
836 1090 38 25 sitt
888 1090 40 21 lef-

177 1131 66 18 verne
259 1126 56 23 samt
333 1124 54 25 efter
405 1123 98 29 förmåga
518 1124 35 29 sig
567 1124 84 29 ärligen
670 1125 113 28 försörja”;
801 1124 41 23 och
858 1124 70 22 skulle

177 1158 99 24 närmare
294 1157 159 26 underrättelse
471 1166 34 16 om
525 1158 64 25 dessa
611 1154 174 40 presteständets
802 1158 73 25 beslut
896 1158 33 21 äf-

178 1198 90 19 vensom
290 1192 112 28 angående
425 1192 51 24 dess
497 1192 132 29 tillgörande
651 1193 7 23 i
681 1192 69 29 öfrigt
768 1192 7 22 i
794 1192 134 25 sistnämnde

177 1226 63 28 fråga
267 1226 117 26 framdeles
410 1233 79 24 genom
515 1226 204 32 protokollsutdrag
749 1226 179 30 borgareständet

177 1260 118 26 meddelas.

244 1310 72 26 Sedan
338 1311 157 29 deputationen
513 1312 73 24 blifvit
604 1311 24 21 af
647 1312 51 25 herr
716 1312 152 25 talmannen
892 1312 36 21 be-

177 1344 79 26 tackad
271 1344 42 22 och
328 1345 91 27 afträdt,
434 1348 95 29 upptogs
545 1346 46 21 äter
607 1346 41 21 den
663 1354 81 20 genom
759 1346 168 28 deputationens

177 1378 101 23 ankomst
299 1379 104 23 afbrutna
425 1380 160 28 behandlingen
608 1380 25 22 af
649 1383 154 19 sammansatta
821 1380 45 29 lag-
886 1380 42 25 och

178 1408 234 31 ckonomieutskottets
427 1414 134 26 betänkande
576 1414 45 26 N:o
637 1415 24 26 6;
676 1414 93 22 hvarvid
784 1414 68 29 följde
