1039 1773
797 166 26 20 29

102 230 124 30 vaträttslig
241 230 49 28 sak,
309 230 65 22 hvars
389 229 122 31 afgörande
527 229 136 22 uteslutande
678 229 40 21 bör
733 229 72 21 kunna
820 230 32 20 öf-

102 265 121 21 verlemnas
238 265 22 21 åt
276 265 130 28 sakegarene
423 264 85 29 sjelfve.

170 299 71 22 Sedan
256 298 52 22 flere
323 298 68 22 talare
402 298 48 22 icke
461 298 83 21 anmält
554 298 43 28 sig,
613 296 146 24 framställdes
771 298 23 21 af
803 298 49 21 herr

103 334 151 21 talmannen
268 332 95 29 följande
378 332 140 28 proposition
534 332 41 21 och
590 332 226 28 kontraproposition:

170 367 73 21 Anser
262 367 96 27 ståndet,
376 366 50 22 med
444 366 161 29 godkännande
623 367 25 20 af
664 366 37 21 det
715 366 60 21 förra
788 367 64 20 alter-

103 400 82 22 nativet
199 402 7 20 i
221 401 118 21 utskottets
355 400 138 22 betänkande
509 400 133 22 beträffande
657 401 12 27 $
683 401 20 26 9,
718 403 31 19 att
760 400 92 22 nämnde

103 436 13 28 &
131 436 39 21 bör
184 435 129 27 bibehållas,
329 435 68 22 sådan
412 434 42 22 den
469 434 70 22 finnes
555 435 8 20 i
579 434 40 23 den
631 434 80 29 nådiga
721 435 131 28 propositio-

104 477 41 14 nen
160 470 124 28 upptagen?
300 470 52 21 eller

147 508 3 1 *
172 504 46 21 Vill
237 503 95 27 ståndet,
348 503 48 22 med
411 503 97 29 gillande
527 504 24 20 af
563 503 91 22 berörde
674 503 12 28 $
701 504 7 21 i
724 503 76 29 öfrigt,
815 503 37 22 be-

105 540 89 20 stämma
208 542 40 23 att,
263 539 7 20 i
282 538 96 28 enlighet
389 537 49 22 med
449 537 120 22 utskottets
582 545 75 14 senare
669 537 121 27 alternativ,
805 537 47 21 från

104 573 124 22 densamma
245 573 35 21 må
298 573 52 28 utgå
368 573 26 20 de
413 571 112 22 derstädes
545 571 177 22 förekommande
739 571 114 22 inskränk-

104 608 77 28 ningar
198 606 134 23 beträffande
351 607 104 28 beloppet
474 607 24 20 af
514 606 101 29 afgälden
631 606 48 21 från
694 614 27 13 en
736 605 116 22 afsöndrad

104 641 160 30 lägenhetsdel,
287 642 113 20 äfvensom
419 640 132 29 stadgandet
569 649 34 13 om
623 640 41 21 den
683 641 169 28 pröfningsrätt,

105 683 47 14 som
167 677 136 27 guvernören
318 676 7 20 i
340 675 60 21 detta
415 675 124 21 hänseende
555 675 68 21 skulle
639 675 132 21 tillkomma?

172 710 34 21 De
222 717 47 14 som
284 709 96 21 önskade
396 709 36 21 det
447 709 70 27 förra,
533 708 70 23 skulle
619 716 65 14 svara
691 709 105 28 jakande,
812 709 41 40 och

105 745 26 20 de
148 752 46 13 som
210 744 51 21 ville
276 744 36 21 det
328 751 85 20 senare,
430 751 64 14 svara
509 743 105 22 nekande.

173 778 70 23 Sedan
263 778 54 21 både
334 779 24 27 ja
376 760 41 39 och
436 778 33 27 nej
491 781 94 23 svarats,
605 778 118 21 anställdes
743 778 110 28 votering,

106 820 47 14 som
168 813 98 21 lemnade
280 816 32 17 ett
327 812 90 21 resultat
432 812 25 21 af
472 813 12 19 5
497 813 24 26 ja
537 812 40 21 och
593 812 26 21 24
638 813 45 28 nej;
703 812 41 21 och
760 820 38 13 var
813 813 12 27 &
840 812 12 20 9

105 847 7 21 i
128 847 41 21 den
184 847 79 28 nådiga
278 847 167 28 propositionen
462 846 82 22 således
561 846 23 21 af
594 846 86 21 ståndet
691 846 103 29 godkänd
805 845 49 22 med

106 881 27 22 de
148 881 24 22 af
189 881 106 21 utskottet
314 881 6 21 i
335 880 51 22 dess
406 888 76 15 senare
501 881 113 21 alternativ
633 881 116 21 förordade
764 881 90 21 uteslut-

107 917 83 27 ningar,
209 916 107 28 nemligen
336 923 76 13 senare
432 915 61 21 delen
513 915 24 21 af
553 923 63 13 mom.
635 916 22 26 1,
675 915 116 28 börjandes
806 916 47 20 från

106 950 76 21 orden:
198 950 52 21 ”och
267 949 105 22 huruvida
387 949 42 21 den
446 950 115 28 betingade
576 949 113 29 afgälden”
705 957 19 13 o.
737 957 16 13 s.
765 957 20 13 v.
798 950 56 21 ända

106 984 33 21 till
158 985 65 21 slutet
238 984 24 21 af
278 984 124 28 meningen,
422 984 112 21 äfvensom
553 983 48 22 hela
616 992 64 13 mom.
697 984 22 26 3,
739 991 46 14 som
805 984 49 20 bör-

104 1019 34 27 jar
153 1018 47 21 med
216 1018 79 21 orden:
311 1018 98 21 ”Varder
420 1018 155 28 afsöndringen
591 1018 96 23 tillåten?
699 1026 19 13 o.
731 1025 18 13 s.
760 1026 20 12 v.
809 1017 45 21 För

106 1053 68 28 öfrigt
188 1052 46 22 blef
247 1052 6 22 i
270 1052 100 21 afseende
386 1052 12 21 å
414 1052 65 28 sagde
496 1052 111 28 paragrafs
623 1052 124 26 redaktion,
763 1052 24 21 af
796 1052 58 21 stån-

106 1087 37 21 det
157 1086 105 29 enhälligt
276 1086 94 21 beslutet
384 1089 42 23 att,
442 1086 68 28 enligt
525 1086 58 21 hvad
599 1082 106 25 utskottet
718 1086 78 28 jemväl
810 1087 43 19 för-

106 1122 72 26 ordat,
194 1120 62 22 ordet
274 1121 172 26 ”besuttenhet,”
462 1121 38 21 der
519 1120 36 21 det
573 1121 145 21 förekommer
736 1121 7 20 i
762 1121 92 20 nämnde

106 1156 22 28 $,
144 1156 69 20 skulle
230 1156 86 28 utbytas
332 1159 58 17 emot
405 1155 62 21 ordet
482 1155 173 29 ”sjeltbeständ.”

175 1189 59 21 Utan
250 1190 126 21 disknssion
392 1189 127 29 godkändes
535 1190 107 28 enhälligt
657 1190 12 28 $
686 1190 32 20 10.

449 1225 13 27 8
480 1225 29 19 11.

174 1258 58 22 Herr
247 1258 167 28 Tengström:
433 1258 43 21 För
488 1259 43 20 min
543 1258 34 21 del
589 1258 40 21 har
638 1259 38 27 jag
687 1259 19 27 ej
720 1257 66 27 nägot
797 1259 58 18 emot

106 1296 32 18 att
153 1296 78 24 antaga
246 1292 163 28 ifrägavarande
425 1293 12 27 &
452 1292 48 21 med
516 1292 41 21 den
570 1292 23 21 af
604 1292 107 21 ntskottet
722 1290 133 22 verkställda

106 1326 263 28 redaktionsförändring,
389 1327 68 21 ehuru
473 1328 39 26 jag
530 1326 119 29 ingalunda
668 1326 127 29 godkänner
812 1325 43 21 den

107 1361 85 21 skilnad
208 1362 108 20 utskottet
331 1362 58 20 velat
404 1361 110 27 uppställa
529 1361 91 21 emellan
637 1360 160 28 nppbördsman
814 1360 40 20 och

107 1396 111 25 exekutor,
237 1399 22 24 ty
281 1396 26 27 pä
326 1395 73 21 landet
418 1396 129 20 ätminstone
567 1402 50 21 eger
637 1395 65 28 ingen
719 1394 65 21 sädan
804 1394 51 20 skil-

106 1430 41 20 nad
167 1438 53 12 rum.
257 1429 170 29 Kronofogden,
448 1437 45 13 som
513 1431 24 19 är
555 1429 175 28 uppbördsman,
749 1430 24 18 är
792 1428 62 20 äfven

106 1464 110 26 exekutor,
235 1463 45 21 dels
300 1464 141 25 omedelbart,
460 1464 45 20 dels
525 1471 77 21 genom
624 1462 162 22 underordnade
803 1463 53 27 tjen-

107 1499 91 25 stemän,
216 1498 71 20 hvilka
305 1498 117 21 verkställa
437 1498 54 21 hans
508 1498 151 27 befallningar.
