<?xml version="1.0" encoding="UTF-8"?>
<alto xmlns="http://www.loc.gov/standards/alto/ns-v3#" xmlns:xlink="http://www.w3.org/1999/xlink" xmlns:xsi="http://www.w3.org/2001/XMLSchema-instance" xsi:schemaLocation="http://www.loc.gov/standards/alto/ns-v3# http://www.loc.gov/alto/v3/alto-3-0.xsd">
	<Description>
		<MeasurementUnit>pixel</MeasurementUnit>
		<sourceImageInformation>
			<fileName>/tmp/tess_f2wk6k2q_input.PNG</fileName>
		</sourceImageInformation>
		<OCRProcessing ID="OCR_0">
			<ocrProcessingStep>
				<processingSoftware>
					<softwareName>tesseract 5.3.4</softwareName>
				</processingSoftware>
			</ocrProcessingStep>
		</OCRProcessing>
	</Description>
	<Layout>
		<Page WIDTH="1039" HEIGHT="1773" PHYSICAL_IMG_NR="0" ID="page_0">
			<PrintSpace HPOS="0" VPOS="0" WIDTH="1039" HEIGHT="1773">
				<ComposedBlock ID="cblock_0" HPOS="783" VPOS="159" WIDTH="41" HEIGHT="21">
					<TextBlock ID="block_0" HPOS="783" VPOS="159" WIDTH="41" HEIGHT="21">
						<TextLine ID="line_0" HPOS="783" VPOS="159" WIDTH="41" HEIGHT="21">
							<String ID="string_0" HPOS="783" VPOS="159" WIDTH="41" HEIGHT="21" WC="0.96" CONTENT="537"/>
						</TextLine>
					</TextBlock>
				</ComposedBlock>
				<ComposedBlock ID="cblock_1" HPOS="101" VPOS="222" WIDTH="763" HEIGHT="1234">
					<TextBlock ID="block_1" HPOS="101" VPOS="222" WIDTH="759" HEIGHT="784">
						<TextLine ID="line_1" HPOS="101" VPOS="222" WIDTH="753" HEIGHT="31">
							<String ID="string_1" HPOS="101" VPOS="224" WIDTH="181" HEIGHT="29" WC="0.91" CONTENT="stugusittarenes"/><SP WIDTH="15" VPOS="224" HPOS="282"/>
							<String ID="string_2" HPOS="297" VPOS="222" WIDTH="204" HEIGHT="22" WC="0.89" CONTENT="rättsförhällanden"/><SP WIDTH="16" VPOS="222" HPOS="501"/>
							<String ID="string_3" HPOS="517" VPOS="223" WIDTH="59" HEIGHT="27" WC="0.96" CONTENT="gjort"/><SP WIDTH="14" VPOS="223" HPOS="576"/>
							<String ID="string_4" HPOS="590" VPOS="222" WIDTH="34" HEIGHT="28" WC="0.96" CONTENT="sig"/><SP WIDTH="15" VPOS="222" HPOS="624"/>
							<String ID="string_5" HPOS="639" VPOS="222" WIDTH="108" HEIGHT="28" WC="0.96" CONTENT="gällande,"/><SP WIDTH="14" VPOS="222" HPOS="747"/>
							<String ID="string_6" HPOS="761" VPOS="223" WIDTH="8" HEIGHT="21" WC="0.96" CONTENT="i"/><SP WIDTH="11" VPOS="223" HPOS="769"/>
							<String ID="string_7" HPOS="780" VPOS="223" WIDTH="37" HEIGHT="21" WC="0.96" CONTENT="det"/><SP WIDTH="11" VPOS="223" HPOS="817"/>
							<String ID="string_8" HPOS="828" VPOS="222" WIDTH="26" HEIGHT="22" WC="0.97" CONTENT="de"/>
						</TextLine>
						<TextLine ID="line_2" HPOS="103" VPOS="256" WIDTH="751" HEIGHT="29">
							<String ID="string_9" HPOS="103" VPOS="261" WIDTH="50" HEIGHT="18" WC="0.92" CONTENT="utan"/><SP WIDTH="24" VPOS="261" HPOS="153"/>
							<String ID="string_10" HPOS="177" VPOS="258" WIDTH="73" HEIGHT="21" WC="0.92" CONTENT="vidare"/><SP WIDTH="20" VPOS="258" HPOS="250"/>
							<String ID="string_11" HPOS="270" VPOS="257" WIDTH="119" HEIGHT="28" WC="0.92" CONTENT="omgängar"/><SP WIDTH="19" VPOS="257" HPOS="389"/>
							<String ID="string_12" HPOS="408" VPOS="256" WIDTH="74" HEIGHT="22" WC="0.91" CONTENT="blifvit"/><SP WIDTH="18" VPOS="256" HPOS="482"/>
							<String ID="string_13" HPOS="500" VPOS="257" WIDTH="47" HEIGHT="21" WC="0.92" CONTENT="frän"/><SP WIDTH="20" VPOS="257" HPOS="547"/>
							<String ID="string_14" HPOS="567" VPOS="256" WIDTH="46" HEIGHT="22" WC="0.93" CONTENT="sina"/><SP WIDTH="15" VPOS="256" HPOS="613"/>
							<String ID="string_15" HPOS="628" VPOS="256" WIDTH="125" HEIGHT="29" WC="0.92" CONTENT="lägenheter"/><SP WIDTH="15" VPOS="256" HPOS="753"/>
							<String ID="string_16" HPOS="768" VPOS="257" WIDTH="86" HEIGHT="25" WC="0.92" CONTENT="vräkte;"/>
						</TextLine>
						<TextLine ID="line_3" HPOS="103" VPOS="290" WIDTH="752" HEIGHT="30">
							<String ID="string_17" HPOS="103" VPOS="293" WIDTH="41" HEIGHT="21" WC="0.96" CONTENT="och"/><SP WIDTH="19" VPOS="293" HPOS="144"/>
							<String ID="string_18" HPOS="163" VPOS="291" WIDTH="47" HEIGHT="22" WC="0.96" CONTENT="med"/><SP WIDTH="16" VPOS="291" HPOS="210"/>
							<String ID="string_19" HPOS="226" VPOS="292" WIDTH="47" HEIGHT="21" WC="0.96" CONTENT="skäl"/><SP WIDTH="17" VPOS="292" HPOS="273"/>
							<String ID="string_20" HPOS="290" VPOS="292" WIDTH="38" HEIGHT="20" WC="0.96" CONTENT="har"/><SP WIDTH="15" VPOS="292" HPOS="328"/>
							<String ID="string_21" HPOS="343" VPOS="291" WIDTH="37" HEIGHT="21" WC="0.93" CONTENT="det"/><SP WIDTH="14" VPOS="291" HPOS="380"/>
							<String ID="string_22" HPOS="394" VPOS="290" WIDTH="243" HEIGHT="28" WC="0.86" CONTENT="rättslöshetstillständ,"/><SP WIDTH="16" VPOS="290" HPOS="637"/>
							<String ID="string_23" HPOS="653" VPOS="291" WIDTH="62" HEIGHT="21" WC="0.92" CONTENT="hvari"/><SP WIDTH="15" VPOS="291" HPOS="715"/>
							<String ID="string_24" HPOS="730" VPOS="291" WIDTH="27" HEIGHT="21" WC="0.93" CONTENT="de"/><SP WIDTH="15" VPOS="291" HPOS="757"/>
							<String ID="string_25" HPOS="772" VPOS="291" WIDTH="83" HEIGHT="29" WC="0.89" CONTENT="derige-"/>
						</TextLine>
						<TextLine ID="line_4" HPOS="105" VPOS="324" WIDTH="751" HEIGHT="28">
							<String ID="string_26" HPOS="105" VPOS="334" WIDTH="49" HEIGHT="14" WC="0.93" CONTENT="nom"/><SP WIDTH="16" VPOS="334" HPOS="154"/>
							<String ID="string_27" HPOS="170" VPOS="326" WIDTH="72" HEIGHT="21" WC="0.92" CONTENT="blifvit"/><SP WIDTH="13" VPOS="326" HPOS="242"/>
							<String ID="string_28" HPOS="255" VPOS="326" WIDTH="96" HEIGHT="26" WC="0.93" CONTENT="försatte,"/><SP WIDTH="16" VPOS="326" HPOS="351"/>
							<String ID="string_29" HPOS="367" VPOS="325" WIDTH="124" HEIGHT="23" WC="0.96" CONTENT="framkallat"/><SP WIDTH="11" VPOS="325" HPOS="491"/>
							<String ID="string_30" HPOS="502" VPOS="328" WIDTH="45" HEIGHT="18" WC="0.93" CONTENT="stor"/><SP WIDTH="12" VPOS="328" HPOS="547"/>
							<String ID="string_31" HPOS="559" VPOS="325" WIDTH="66" HEIGHT="27" WC="0.95" CONTENT="ovilja"/><SP WIDTH="12" VPOS="325" HPOS="625"/>
							<String ID="string_32" HPOS="637" VPOS="325" WIDTH="61" HEIGHT="21" WC="0.95" CONTENT="öfver"/><SP WIDTH="11" VPOS="325" HPOS="698"/>
							<String ID="string_33" HPOS="709" VPOS="324" WIDTH="78" HEIGHT="23" WC="0.91" CONTENT="landet."/><SP WIDTH="24" VPOS="324" HPOS="787"/>
							<String ID="string_34" HPOS="811" VPOS="326" WIDTH="45" HEIGHT="20" WC="0.91" CONTENT="De-"/>
						</TextLine>
						<TextLine ID="line_5" HPOS="104" VPOS="359" WIDTH="752" HEIGHT="29">
							<String ID="string_35" HPOS="104" VPOS="368" WIDTH="35" HEIGHT="14" WC="0.93" CONTENT="ras"/><SP WIDTH="23" VPOS="368" HPOS="139"/>
							<String ID="string_36" HPOS="162" VPOS="360" WIDTH="104" HEIGHT="28" WC="0.93" CONTENT="ställning"/><SP WIDTH="22" VPOS="360" HPOS="266"/>
							<String ID="string_37" HPOS="288" VPOS="360" WIDTH="24" HEIGHT="21" WC="0.96" CONTENT="är"/><SP WIDTH="22" VPOS="360" HPOS="312"/>
							<String ID="string_38" HPOS="334" VPOS="359" WIDTH="65" HEIGHT="23" WC="0.96" CONTENT="redan"/><SP WIDTH="19" VPOS="359" HPOS="399"/>
							<String ID="string_39" HPOS="418" VPOS="360" WIDTH="7" HEIGHT="20" WC="0.95" CONTENT="i"/><SP WIDTH="16" VPOS="360" HPOS="425"/>
							<String ID="string_40" HPOS="441" VPOS="360" WIDTH="40" HEIGHT="20" WC="0.96" CONTENT="och"/><SP WIDTH="17" VPOS="360" HPOS="481"/>
							<String ID="string_41" HPOS="498" VPOS="360" WIDTH="33" HEIGHT="20" WC="0.96" CONTENT="för"/><SP WIDTH="15" VPOS="360" HPOS="531"/>
							<String ID="string_42" HPOS="546" VPOS="359" WIDTH="34" HEIGHT="29" WC="0.93" CONTENT="sig"/><SP WIDTH="15" VPOS="359" HPOS="580"/>
							<String ID="string_43" HPOS="595" VPOS="359" WIDTH="75" HEIGHT="27" WC="0.92" CONTENT="sädan,"/><SP WIDTH="15" VPOS="359" HPOS="670"/>
							<String ID="string_44" HPOS="685" VPOS="362" WIDTH="32" HEIGHT="18" WC="0.96" CONTENT="att"/><SP WIDTH="14" VPOS="362" HPOS="717"/>
							<String ID="string_45" HPOS="731" VPOS="359" WIDTH="42" HEIGHT="21" WC="0.93" CONTENT="den"/><SP WIDTH="15" VPOS="359" HPOS="773"/>
							<String ID="string_46" HPOS="788" VPOS="360" WIDTH="68" HEIGHT="20" WC="0.92" CONTENT="mäste"/>
						</TextLine>
						<TextLine ID="line_6" HPOS="105" VPOS="393" WIDTH="751" HEIGHT="29">
							<String ID="string_47" HPOS="105" VPOS="394" WIDTH="69" HEIGHT="24" WC="0.96" CONTENT="väcka"/><SP WIDTH="14" VPOS="394" HPOS="174"/>
							<String ID="string_48" HPOS="188" VPOS="394" WIDTH="136" HEIGHT="28" WC="0.93" CONTENT="deltagande,"/><SP WIDTH="16" VPOS="394" HPOS="324"/>
							<String ID="string_49" HPOS="340" VPOS="394" WIDTH="63" HEIGHT="22" WC="0.94" CONTENT="äfven"/><SP WIDTH="16" VPOS="394" HPOS="403"/>
							<String ID="string_50" HPOS="419" VPOS="401" WIDTH="35" HEIGHT="14" WC="0.96" CONTENT="om"/><SP WIDTH="16" VPOS="401" HPOS="454"/>
							<String ID="string_51" HPOS="470" VPOS="393" WIDTH="49" HEIGHT="22" WC="0.96" CONTENT="med"/><SP WIDTH="15" VPOS="393" HPOS="519"/>
							<String ID="string_52" HPOS="534" VPOS="393" WIDTH="48" HEIGHT="22" WC="0.96" CONTENT="dem"/><SP WIDTH="16" VPOS="393" HPOS="582"/>
							<String ID="string_53" HPOS="598" VPOS="394" WIDTH="55" HEIGHT="21" WC="0.93" CONTENT="efter"/><SP WIDTH="14" VPOS="394" HPOS="653"/>
							<String ID="string_54" HPOS="667" VPOS="394" WIDTH="121" HEIGHT="28" WC="0.93" CONTENT="strängaste"/><SP WIDTH="15" VPOS="394" HPOS="788"/>
							<String ID="string_55" HPOS="803" VPOS="394" WIDTH="53" HEIGHT="20" WC="0.92" CONTENT="rätt-"/>
						</TextLine>
						<TextLine ID="line_7" HPOS="105" VPOS="428" WIDTH="751" HEIGHT="28">
							<String ID="string_56" HPOS="105" VPOS="430" WIDTH="46" HEIGHT="20" WC="0.92" CONTENT="visa"/><SP WIDTH="20" VPOS="430" HPOS="151"/>
							<String ID="string_57" HPOS="171" VPOS="429" WIDTH="97" HEIGHT="27" WC="0.84" CONTENT="förfares,"/><SP WIDTH="19" VPOS="429" HPOS="268"/>
							<String ID="string_58" HPOS="287" VPOS="428" WIDTH="41" HEIGHT="21" WC="0.96" CONTENT="och"/><SP WIDTH="19" VPOS="428" HPOS="328"/>
							<String ID="string_59" HPOS="347" VPOS="428" WIDTH="27" HEIGHT="21" WC="0.96" CONTENT="än"/><SP WIDTH="19" VPOS="428" HPOS="374"/>
							<String ID="string_60" HPOS="393" VPOS="435" WIDTH="59" HEIGHT="14" WC="0.96" CONTENT="mera"/><SP WIDTH="15" VPOS="435" HPOS="452"/>
							<String ID="string_61" HPOS="467" VPOS="428" WIDTH="55" HEIGHT="21" WC="0.96" CONTENT="skall"/><SP WIDTH="16" VPOS="428" HPOS="522"/>
							<String ID="string_62" HPOS="538" VPOS="428" WIDTH="59" HEIGHT="20" WC="0.93" CONTENT="detta"/><SP WIDTH="16" VPOS="428" HPOS="597"/>
							<String ID="string_63" HPOS="613" VPOS="428" WIDTH="68" HEIGHT="21" WC="0.96" CONTENT="blifva"/><SP WIDTH="15" VPOS="428" HPOS="681"/>
							<String ID="string_64" HPOS="696" VPOS="428" WIDTH="67" HEIGHT="28" WC="0.96" CONTENT="fallet,"/><SP WIDTH="15" VPOS="428" HPOS="763"/>
							<String ID="string_65" HPOS="778" VPOS="436" WIDTH="36" HEIGHT="13" WC="0.96" CONTENT="om"/><SP WIDTH="15" VPOS="436" HPOS="814"/>
							<String ID="string_66" HPOS="829" VPOS="428" WIDTH="27" HEIGHT="21" WC="0.96" CONTENT="de"/>
						</TextLine>
						<TextLine ID="line_8" HPOS="106" VPOS="462" WIDTH="750" HEIGHT="29">
							<String ID="string_67" HPOS="106" VPOS="464" WIDTH="100" HEIGHT="23" WC="0.86" CONTENT="beröfvas"/><SP WIDTH="16" VPOS="464" HPOS="206"/>
							<String ID="string_68" HPOS="222" VPOS="463" WIDTH="37" HEIGHT="22" WC="0.96" CONTENT="det"/><SP WIDTH="15" VPOS="463" HPOS="259"/>
							<String ID="string_69" HPOS="274" VPOS="462" WIDTH="72" HEIGHT="29" WC="0.96" CONTENT="skydd"/><SP WIDTH="14" VPOS="462" HPOS="346"/>
							<String ID="string_70" HPOS="360" VPOS="463" WIDTH="56" HEIGHT="26" WC="0.93" CONTENT="dem,"/><SP WIDTH="17" VPOS="463" HPOS="416"/>
							<String ID="string_71" HPOS="433" VPOS="463" WIDTH="92" HEIGHT="21" WC="0.96" CONTENT="likasom"/><SP WIDTH="15" VPOS="463" HPOS="525"/>
							<String ID="string_72" HPOS="540" VPOS="463" WIDTH="74" HEIGHT="28" WC="0.96" CONTENT="hvarje"/><SP WIDTH="16" VPOS="463" HPOS="614"/>
							<String ID="string_73" HPOS="630" VPOS="470" WIDTH="69" HEIGHT="14" WC="0.96" CONTENT="annan"/><SP WIDTH="16" VPOS="470" HPOS="699"/>
							<String ID="string_74" HPOS="715" VPOS="463" WIDTH="141" HEIGHT="28" WC="0.96" CONTENT="medborgare"/>
						</TextLine>
						<TextLine ID="line_9" HPOS="105" VPOS="497" WIDTH="751" HEIGHT="28">
							<String ID="string_75" HPOS="105" VPOS="499" WIDTH="6" HEIGHT="20" WC="0.93" CONTENT="i"/><SP WIDTH="12" VPOS="499" HPOS="111"/>
							<String ID="string_76" HPOS="123" VPOS="498" WIDTH="119" HEIGHT="26" WC="0.92" CONTENT="samhället,"/><SP WIDTH="9" VPOS="498" HPOS="242"/>
							<String ID="string_77" HPOS="251" VPOS="497" WIDTH="137" HEIGHT="23" WC="0.91" CONTENT="tillkommer."/><SP WIDTH="25" VPOS="497" HPOS="388"/>
							<String ID="string_78" HPOS="413" VPOS="497" WIDTH="105" HEIGHT="22" WC="0.91" CONTENT="Flertalet"/><SP WIDTH="13" VPOS="497" HPOS="518"/>
							<String ID="string_79" HPOS="531" VPOS="497" WIDTH="24" HEIGHT="23" WC="0.93" CONTENT="af"/><SP WIDTH="7" VPOS="497" HPOS="555"/>
							<String ID="string_80" HPOS="562" VPOS="497" WIDTH="223" HEIGHT="28" WC="0.90" CONTENT="backstugusittarene"/><SP WIDTH="9" VPOS="497" HPOS="785"/>
							<String ID="string_81" HPOS="794" VPOS="497" WIDTH="62" HEIGHT="21" WC="0.96" CONTENT="torde"/>
						</TextLine>
						<TextLine ID="line_10" HPOS="107" VPOS="531" WIDTH="750" HEIGHT="29">
							<String ID="string_82" HPOS="107" VPOS="532" WIDTH="63" HEIGHT="24" WC="0.93" CONTENT="hafva"/><SP WIDTH="16" VPOS="532" HPOS="170"/>
							<String ID="string_83" HPOS="186" VPOS="539" WIDTH="77" HEIGHT="21" WC="0.96" CONTENT="genom"/><SP WIDTH="15" VPOS="539" HPOS="263"/>
							<String ID="string_84" HPOS="278" VPOS="531" WIDTH="45" HEIGHT="28" WC="0.95" CONTENT="köp"/><SP WIDTH="15" VPOS="531" HPOS="323"/>
							<String ID="string_85" HPOS="338" VPOS="531" WIDTH="53" HEIGHT="22" WC="0.96" CONTENT="eller"/><SP WIDTH="15" VPOS="531" HPOS="391"/>
							<String ID="string_86" HPOS="406" VPOS="534" WIDTH="65" HEIGHT="19" WC="0.93" CONTENT="annat"/><SP WIDTH="16" VPOS="534" HPOS="471"/>
							<String ID="string_87" HPOS="487" VPOS="531" WIDTH="52" HEIGHT="29" WC="0.93" CONTENT="fäng"/><SP WIDTH="16" VPOS="531" HPOS="539"/>
							<String ID="string_88" HPOS="555" VPOS="531" WIDTH="71" HEIGHT="21" WC="0.93" CONTENT="blifvit"/><SP WIDTH="15" VPOS="531" HPOS="626"/>
							<String ID="string_89" HPOS="641" VPOS="532" WIDTH="139" HEIGHT="24" WC="0.89" CONTENT="jnnehafvare"/><SP WIDTH="16" VPOS="532" HPOS="780"/>
							<String ID="string_90" HPOS="796" VPOS="531" WIDTH="24" HEIGHT="21" WC="0.93" CONTENT="af"/><SP WIDTH="9" VPOS="531" HPOS="820"/>
							<String ID="string_91" HPOS="829" VPOS="531" WIDTH="28" HEIGHT="21" WC="0.93" CONTENT="si-"/>
						</TextLine>
						<TextLine ID="line_11" HPOS="107" VPOS="565" WIDTH="749" HEIGHT="30">
							<String ID="string_92" HPOS="107" VPOS="575" WIDTH="27" HEIGHT="12" WC="0.93" CONTENT="na"/><SP WIDTH="15" VPOS="575" HPOS="134"/>
							<String ID="string_93" HPOS="149" VPOS="566" WIDTH="131" HEIGHT="29" WC="0.93" CONTENT="lägenheter,"/><SP WIDTH="16" VPOS="566" HPOS="280"/>
							<String ID="string_94" HPOS="296" VPOS="566" WIDTH="42" HEIGHT="21" WC="0.93" CONTENT="alla"/><SP WIDTH="15" VPOS="566" HPOS="338"/>
							<String ID="string_95" HPOS="353" VPOS="565" WIDTH="65" HEIGHT="22" WC="0.93" CONTENT="hafva"/><SP WIDTH="16" VPOS="565" HPOS="418"/>
							<String ID="string_96" HPOS="434" VPOS="565" WIDTH="26" HEIGHT="22" WC="0.93" CONTENT="de"/><SP WIDTH="15" VPOS="565" HPOS="460"/>
							<String ID="string_97" HPOS="475" VPOS="565" WIDTH="52" HEIGHT="22" WC="0.93" CONTENT="derä"/><SP WIDTH="15" VPOS="565" HPOS="527"/>
							<String ID="string_98" HPOS="542" VPOS="565" WIDTH="89" HEIGHT="29" WC="0.90" CONTENT="nedlagt"/><SP WIDTH="15" VPOS="565" HPOS="631"/>
							<String ID="string_99" HPOS="646" VPOS="565" WIDTH="72" HEIGHT="22" WC="0.96" CONTENT="arbete"/><SP WIDTH="15" VPOS="565" HPOS="718"/>
							<String ID="string_100" HPOS="733" VPOS="565" WIDTH="40" HEIGHT="22" WC="0.93" CONTENT="och"/><SP WIDTH="13" VPOS="565" HPOS="773"/>
							<String ID="string_101" HPOS="786" VPOS="565" WIDTH="70" HEIGHT="22" WC="0.92" CONTENT="möda."/>
						</TextLine>
						<TextLine ID="line_12" HPOS="107" VPOS="599" WIDTH="751" HEIGHT="30">
							<String ID="string_102" HPOS="107" VPOS="601" WIDTH="73" HEIGHT="28" WC="0.92" CONTENT="Högst"/><SP WIDTH="15" VPOS="601" HPOS="180"/>
							<String ID="string_103" HPOS="195" VPOS="600" WIDTH="22" HEIGHT="22" WC="0.92" CONTENT="fä"/><SP WIDTH="15" VPOS="600" HPOS="217"/>
							<String ID="string_104" HPOS="232" VPOS="600" WIDTH="24" HEIGHT="21" WC="0.97" CONTENT="af"/><SP WIDTH="12" VPOS="600" HPOS="256"/>
							<String ID="string_105" HPOS="268" VPOS="599" WIDTH="71" HEIGHT="22" WC="0.93" CONTENT="denna"/><SP WIDTH="15" VPOS="599" HPOS="339"/>
							<String ID="string_106" HPOS="354" VPOS="600" WIDTH="78" HEIGHT="23" WC="0.91" CONTENT="talrika"/><SP WIDTH="16" VPOS="600" HPOS="432"/>
							<String ID="string_107" HPOS="448" VPOS="600" WIDTH="106" HEIGHT="21" WC="0.92" CONTENT="folkklass"/><SP WIDTH="13" VPOS="600" HPOS="554"/>
							<String ID="string_108" HPOS="567" VPOS="600" WIDTH="72" HEIGHT="21" WC="0.92" CONTENT="kunna"/><SP WIDTH="11" VPOS="600" HPOS="639"/>
							<String ID="string_109" HPOS="650" VPOS="600" WIDTH="65" HEIGHT="21" WC="0.92" CONTENT="vinna"/><SP WIDTH="12" VPOS="600" HPOS="715"/>
							<String ID="string_110" HPOS="727" VPOS="600" WIDTH="131" HEIGHT="28" WC="0.91" CONTENT="anställning"/>
						</TextLine>
						<TextLine ID="line_13" HPOS="107" VPOS="634" WIDTH="752" HEIGHT="29">
							<String ID="string_111" HPOS="107" VPOS="635" WIDTH="71" HEIGHT="21" WC="0.92" CONTENT="säsom"/><SP WIDTH="16" VPOS="635" HPOS="178"/>
							<String ID="string_112" HPOS="194" VPOS="634" WIDTH="164" HEIGHT="29" WC="0.92" CONTENT="skogsvaktare,"/><SP WIDTH="16" VPOS="634" HPOS="358"/>
							<String ID="string_113" HPOS="374" VPOS="634" WIDTH="40" HEIGHT="21" WC="0.97" CONTENT="och"/><SP WIDTH="17" VPOS="634" HPOS="414"/>
							<String ID="string_114" HPOS="431" VPOS="634" WIDTH="42" HEIGHT="21" WC="0.97" CONTENT="alla"/><SP WIDTH="14" VPOS="634" HPOS="473"/>
							<String ID="string_115" HPOS="487" VPOS="634" WIDTH="28" HEIGHT="22" WC="0.93" CONTENT="de"/><SP WIDTH="16" VPOS="634" HPOS="515"/>
							<String ID="string_116" HPOS="531" VPOS="634" WIDTH="71" HEIGHT="29" WC="0.92" CONTENT="öfriga"/><SP WIDTH="15" VPOS="634" HPOS="602"/>
							<String ID="string_117" HPOS="617" VPOS="634" WIDTH="83" HEIGHT="29" WC="0.92" CONTENT="nödgas"/><SP WIDTH="13" VPOS="634" HPOS="700"/>
							<String ID="string_118" HPOS="713" VPOS="635" WIDTH="83" HEIGHT="21" WC="0.93" CONTENT="säledes"/><SP WIDTH="12" VPOS="635" HPOS="796"/>
							<String ID="string_119" HPOS="808" VPOS="634" WIDTH="51" HEIGHT="21" WC="0.97" CONTENT="vika"/>
						</TextLine>
						<TextLine ID="line_14" HPOS="107" VPOS="668" WIDTH="751" HEIGHT="29">
							<String ID="string_120" HPOS="107" VPOS="669" WIDTH="48" HEIGHT="23" WC="0.93" CONTENT="frän"/><SP WIDTH="15" VPOS="669" HPOS="155"/>
							<String ID="string_121" HPOS="170" VPOS="669" WIDTH="47" HEIGHT="21" WC="0.93" CONTENT="sina"/><SP WIDTH="14" VPOS="669" HPOS="217"/>
							<String ID="string_122" HPOS="231" VPOS="668" WIDTH="125" HEIGHT="29" WC="0.92" CONTENT="lägenheter"/><SP WIDTH="15" VPOS="668" HPOS="356"/>
							<String ID="string_123" HPOS="371" VPOS="671" WIDTH="55" HEIGHT="18" WC="0.93" CONTENT="samt"/><SP WIDTH="14" VPOS="671" HPOS="426"/>
							<String ID="string_124" HPOS="440" VPOS="668" WIDTH="126" HEIGHT="29" WC="0.92" CONTENT="derigenom"/><SP WIDTH="15" VPOS="668" HPOS="566"/>
							<String ID="string_125" HPOS="581" VPOS="669" WIDTH="29" HEIGHT="28" WC="0.92" CONTENT="gä"/><SP WIDTH="12" VPOS="669" HPOS="610"/>
							<String ID="string_126" HPOS="622" VPOS="669" WIDTH="114" HEIGHT="28" WC="0.93" CONTENT="förlustige"/><SP WIDTH="11" VPOS="669" HPOS="736"/>
							<String ID="string_127" HPOS="747" VPOS="669" WIDTH="111" HEIGHT="21" WC="0.93" CONTENT="frukterna"/>
						</TextLine>
						<TextLine ID="line_15" HPOS="108" VPOS="702" WIDTH="751" HEIGHT="29">
							<String ID="string_128" HPOS="108" VPOS="703" WIDTH="24" HEIGHT="22" WC="0.96" CONTENT="af"/><SP WIDTH="16" VPOS="703" HPOS="132"/>
							<String ID="string_129" HPOS="148" VPOS="703" WIDTH="46" HEIGHT="21" WC="0.93" CONTENT="sina"/><SP WIDTH="19" VPOS="703" HPOS="194"/>
							<String ID="string_130" HPOS="213" VPOS="703" WIDTH="181" HEIGHT="28" WC="0.92" CONTENT="ansträngningar"/><SP WIDTH="19" VPOS="703" HPOS="394"/>
							<String ID="string_131" HPOS="413" VPOS="702" WIDTH="40" HEIGHT="21" WC="0.93" CONTENT="och"/><SP WIDTH="13" VPOS="702" HPOS="453"/>
							<String ID="string_132" HPOS="466" VPOS="703" WIDTH="67" HEIGHT="28" WC="0.92" CONTENT="jemte"/><SP WIDTH="16" VPOS="703" HPOS="533"/>
							<String ID="string_133" HPOS="549" VPOS="703" WIDTH="47" HEIGHT="21" WC="0.93" CONTENT="sina"/><SP WIDTH="16" VPOS="703" HPOS="596"/>
							<String ID="string_134" HPOS="612" VPOS="703" WIDTH="91" HEIGHT="28" WC="0.93" CONTENT="familjer"/><SP WIDTH="15" VPOS="703" HPOS="703"/>
							<String ID="string_135" HPOS="718" VPOS="704" WIDTH="91" HEIGHT="20" WC="0.93" CONTENT="utsättas"/><SP WIDTH="16" VPOS="704" HPOS="809"/>
							<String ID="string_136" HPOS="825" VPOS="703" WIDTH="34" HEIGHT="20" WC="0.96" CONTENT="för"/>
						</TextLine>
						<TextLine ID="line_16" HPOS="108" VPOS="736" WIDTH="750" HEIGHT="28">
							<String ID="string_137" HPOS="108" VPOS="737" WIDTH="43" HEIGHT="22" WC="0.96" CONTENT="nöd"/><SP WIDTH="19" VPOS="737" HPOS="151"/>
							<String ID="string_138" HPOS="170" VPOS="737" WIDTH="40" HEIGHT="21" WC="0.93" CONTENT="och"/><SP WIDTH="20" VPOS="737" HPOS="210"/>
							<String ID="string_139" HPOS="230" VPOS="736" WIDTH="82" HEIGHT="24" WC="0.96" CONTENT="elände,"/><SP WIDTH="38" VPOS="736" HPOS="312"/>
							<String ID="string_140" HPOS="350" VPOS="736" WIDTH="43" HEIGHT="22" WC="0.92" CONTENT="Om"/><SP WIDTH="21" VPOS="736" HPOS="393"/>
							<String ID="string_141" HPOS="414" VPOS="737" WIDTH="40" HEIGHT="21" WC="0.93" CONTENT="ock"/><SP WIDTH="20" VPOS="737" HPOS="454"/>
							<String ID="string_142" HPOS="474" VPOS="737" WIDTH="12" HEIGHT="22" WC="0.81" CONTENT="ä"/><SP WIDTH="16" VPOS="737" HPOS="486"/>
							<String ID="string_143" HPOS="502" VPOS="737" WIDTH="67" HEIGHT="21" WC="0.96" CONTENT="andra"/><SP WIDTH="14" VPOS="737" HPOS="569"/>
							<String ID="string_144" HPOS="583" VPOS="737" WIDTH="62" HEIGHT="21" WC="0.93" CONTENT="sidan"/><SP WIDTH="16" VPOS="737" HPOS="645"/>
							<String ID="string_145" HPOS="661" VPOS="738" WIDTH="67" HEIGHT="20" WC="0.96" CONTENT="måste"/><SP WIDTH="16" VPOS="738" HPOS="728"/>
							<String ID="string_146" HPOS="744" VPOS="737" WIDTH="114" HEIGHT="27" WC="0.96" CONTENT="erkännas,"/>
						</TextLine>
						<TextLine ID="line_17" HPOS="109" VPOS="771" WIDTH="750" HEIGHT="28">
							<String ID="string_147" HPOS="109" VPOS="775" WIDTH="31" HEIGHT="19" WC="0.96" CONTENT="att"/><SP WIDTH="15" VPOS="775" HPOS="140"/>
							<String ID="string_148" HPOS="155" VPOS="771" WIDTH="85" HEIGHT="28" WC="0.93" CONTENT="mycket"/><SP WIDTH="15" VPOS="771" HPOS="240"/>
							<String ID="string_149" HPOS="255" VPOS="771" WIDTH="79" HEIGHT="28" WC="0.92" CONTENT="ohägn,"/><SP WIDTH="16" VPOS="771" HPOS="334"/>
							<String ID="string_150" HPOS="350" VPOS="771" WIDTH="60" HEIGHT="22" WC="0.96" CONTENT="såväl"/><SP WIDTH="13" VPOS="771" HPOS="410"/>
							<String ID="string_151" HPOS="423" VPOS="779" WIDTH="77" HEIGHT="20" WC="0.93" CONTENT="genom"/><SP WIDTH="12" VPOS="779" HPOS="500"/>
							<String ID="string_152" HPOS="512" VPOS="771" WIDTH="117" HEIGHT="28" WC="0.91" CONTENT="svedjande"/><SP WIDTH="14" VPOS="771" HPOS="629"/>
							<String ID="string_153" HPOS="643" VPOS="779" WIDTH="44" HEIGHT="13" WC="0.92" CONTENT="som"/><SP WIDTH="14" VPOS="779" HPOS="687"/>
							<String ID="string_154" HPOS="701" VPOS="771" WIDTH="158" HEIGHT="22" WC="0.92" CONTENT="virkesafverk-"/>
						</TextLine>
						<TextLine ID="line_18" HPOS="108" VPOS="805" WIDTH="751" HEIGHT="29">
							<String ID="string_155" HPOS="108" VPOS="807" WIDTH="58" HEIGHT="27" WC="0.93" CONTENT="ning,"/><SP WIDTH="13" VPOS="807" HPOS="166"/>
							<String ID="string_156" HPOS="179" VPOS="806" WIDTH="72" HEIGHT="21" WC="0.96" CONTENT="blifvit"/><SP WIDTH="11" VPOS="806" HPOS="251"/>
							<String ID="string_157" HPOS="262" VPOS="806" WIDTH="24" HEIGHT="21" WC="0.93" CONTENT="af"/><SP WIDTH="10" VPOS="806" HPOS="286"/>
							<String ID="string_158" HPOS="296" VPOS="806" WIDTH="223" HEIGHT="28" WC="0.71" CONTENT="backstugusittarene"/><SP WIDTH="14" VPOS="806" HPOS="519"/>
							<String ID="string_159" HPOS="533" VPOS="805" WIDTH="118" HEIGHT="27" WC="0.91" CONTENT="föröfvadt,"/><SP WIDTH="10" VPOS="805" HPOS="651"/>
							<String ID="string_160" HPOS="661" VPOS="806" WIDTH="40" HEIGHT="21" WC="0.93" CONTENT="kan"/><SP WIDTH="13" VPOS="806" HPOS="701"/>
							<String ID="string_161" HPOS="714" VPOS="805" WIDTH="77" HEIGHT="22" WC="0.96" CONTENT="sådant"/><SP WIDTH="11" VPOS="805" HPOS="791"/>
							<String ID="string_162" HPOS="802" VPOS="805" WIDTH="57" HEIGHT="22" WC="0.96" CONTENT="dock"/>
						</TextLine>
						<TextLine ID="line_19" HPOS="109" VPOS="839" WIDTH="749" HEIGHT="30">
							<String ID="string_163" HPOS="109" VPOS="840" WIDTH="47" HEIGHT="22" WC="0.96" CONTENT="icke"/><SP WIDTH="16" VPOS="840" HPOS="156"/>
							<String ID="string_164" HPOS="172" VPOS="841" WIDTH="97" HEIGHT="20" WC="0.96" CONTENT="försvara"/><SP WIDTH="15" VPOS="841" HPOS="269"/>
							<String ID="string_165" HPOS="284" VPOS="840" WIDTH="166" HEIGHT="29" WC="0.96" CONTENT="ifrågavarande"/><SP WIDTH="13" VPOS="840" HPOS="450"/>
							<String ID="string_166" HPOS="463" VPOS="839" WIDTH="214" HEIGHT="26" WC="0.91" CONTENT="missförhållanden;"/><SP WIDTH="16" VPOS="839" HPOS="677"/>
							<String ID="string_167" HPOS="693" VPOS="840" WIDTH="39" HEIGHT="21" WC="0.96" CONTENT="och"/><SP WIDTH="13" VPOS="840" HPOS="732"/>
							<String ID="string_168" HPOS="745" VPOS="840" WIDTH="36" HEIGHT="21" WC="0.92" CONTENT="det"/><SP WIDTH="12" VPOS="840" HPOS="781"/>
							<String ID="string_169" HPOS="793" VPOS="847" WIDTH="65" HEIGHT="21" WC="0.96" CONTENT="synes"/>
						</TextLine>
						<TextLine ID="line_20" HPOS="110" VPOS="874" WIDTH="749" HEIGHT="29">
							<String ID="string_170" HPOS="110" VPOS="875" WIDTH="85" HEIGHT="23" WC="0.92" CONTENT="derföre"/><SP WIDTH="20" VPOS="875" HPOS="195"/>
							<String ID="string_171" HPOS="215" VPOS="881" WIDTH="51" HEIGHT="14" WC="0.96" CONTENT="vara"/><SP WIDTH="18" VPOS="881" HPOS="266"/>
							<String ID="string_172" HPOS="284" VPOS="875" WIDTH="24" HEIGHT="21" WC="0.96" CONTENT="af"/><SP WIDTH="16" VPOS="875" HPOS="308"/>
							<String ID="string_173" HPOS="324" VPOS="874" WIDTH="79" HEIGHT="28" WC="0.96" CONTENT="nöden,"/><SP WIDTH="16" VPOS="874" HPOS="403"/>
							<String ID="string_174" HPOS="419" VPOS="877" WIDTH="31" HEIGHT="19" WC="0.96" CONTENT="att"/><SP WIDTH="15" VPOS="877" HPOS="450"/>
							<String ID="string_175" HPOS="465" VPOS="874" WIDTH="67" HEIGHT="22" WC="0.96" CONTENT="andra"/><SP WIDTH="15" VPOS="874" HPOS="532"/>
							<String ID="string_176" HPOS="547" VPOS="881" WIDTH="58" HEIGHT="15" WC="0.96" CONTENT="mera"/><SP WIDTH="15" VPOS="881" HPOS="605"/>
							<String ID="string_177" HPOS="620" VPOS="874" WIDTH="184" HEIGHT="29" WC="0.96" CONTENT="ändamålsenliga"/><SP WIDTH="14" VPOS="874" HPOS="804"/>
							<String ID="string_178" HPOS="818" VPOS="874" WIDTH="41" HEIGHT="23" WC="0.96" CONTENT="och"/>
						</TextLine>
						<TextLine ID="line_21" HPOS="109" VPOS="908" WIDTH="751" HEIGHT="30">
							<String ID="string_179" HPOS="109" VPOS="910" WIDTH="81" HEIGHT="28" WC="0.96" CONTENT="lagliga"/><SP WIDTH="15" VPOS="910" HPOS="190"/>
							<String ID="string_180" HPOS="205" VPOS="908" WIDTH="100" HEIGHT="29" WC="0.96" CONTENT="åtgärder"/><SP WIDTH="15" VPOS="908" HPOS="305"/>
							<String ID="string_181" HPOS="320" VPOS="909" WIDTH="106" HEIGHT="29" WC="0.96" CONTENT="vidtagas,"/><SP WIDTH="17" VPOS="909" HPOS="426"/>
							<String ID="string_182" HPOS="443" VPOS="908" WIDTH="81" HEIGHT="28" WC="0.96" CONTENT="hvilka,"/><SP WIDTH="16" VPOS="908" HPOS="524"/>
							<String ID="string_183" HPOS="540" VPOS="912" WIDTH="50" HEIGHT="18" WC="0.96" CONTENT="utan"/><SP WIDTH="16" VPOS="912" HPOS="590"/>
							<String ID="string_184" HPOS="606" VPOS="912" WIDTH="31" HEIGHT="18" WC="0.91" CONTENT="att"/><SP WIDTH="16" VPOS="912" HPOS="637"/>
							<String ID="string_185" HPOS="653" VPOS="908" WIDTH="100" HEIGHT="28" WC="0.91" CONTENT="uppoffra"/><SP WIDTH="15" VPOS="908" HPOS="753"/>
							<String ID="string_186" HPOS="768" VPOS="908" WIDTH="40" HEIGHT="22" WC="0.93" CONTENT="den"/><SP WIDTH="16" VPOS="908" HPOS="808"/>
							<String ID="string_187" HPOS="824" VPOS="916" WIDTH="36" HEIGHT="13" WC="0.91" CONTENT="en-"/>
						</TextLine>
						<TextLine ID="line_22" HPOS="110" VPOS="942" WIDTH="749" HEIGHT="29">
							<String ID="string_188" HPOS="110" VPOS="944" WIDTH="80" HEIGHT="21" WC="0.96" CONTENT="skildes"/><SP WIDTH="16" VPOS="944" HPOS="190"/>
							<String ID="string_189" HPOS="206" VPOS="944" WIDTH="50" HEIGHT="25" WC="0.96" CONTENT="rätt,"/><SP WIDTH="18" VPOS="944" HPOS="256"/>
							<String ID="string_190" HPOS="274" VPOS="942" WIDTH="86" HEIGHT="29" WC="0.96" CONTENT="skydda"/><SP WIDTH="17" VPOS="942" HPOS="360"/>
							<String ID="string_191" HPOS="377" VPOS="943" WIDTH="95" HEIGHT="21" WC="0.96" CONTENT="kronans"/><SP WIDTH="17" VPOS="943" HPOS="472"/>
							<String ID="string_192" HPOS="489" VPOS="943" WIDTH="95" HEIGHT="22" WC="0.96" CONTENT="fördelar"/><SP WIDTH="15" VPOS="943" HPOS="584"/>
							<String ID="string_193" HPOS="599" VPOS="942" WIDTH="41" HEIGHT="22" WC="0.96" CONTENT="och"/><SP WIDTH="17" VPOS="942" HPOS="640"/>
							<String ID="string_194" HPOS="657" VPOS="942" WIDTH="90" HEIGHT="29" WC="0.96" CONTENT="bidraga"/><SP WIDTH="14" VPOS="942" HPOS="747"/>
							<String ID="string_195" HPOS="761" VPOS="942" WIDTH="32" HEIGHT="23" WC="0.96" CONTENT="till"/><SP WIDTH="15" VPOS="942" HPOS="793"/>
							<String ID="string_196" HPOS="808" VPOS="942" WIDTH="51" HEIGHT="22" WC="0.96" CONTENT="dess"/>
						</TextLine>
						<TextLine ID="line_23" HPOS="111" VPOS="976" WIDTH="352" HEIGHT="30">
							<String ID="string_197" HPOS="111" VPOS="978" WIDTH="90" HEIGHT="28" WC="0.90" CONTENT="skogars"/><SP WIDTH="16" VPOS="978" HPOS="201"/>
							<String ID="string_198" HPOS="217" VPOS="977" WIDTH="119" HEIGHT="29" WC="0.92" CONTENT="tillbörliga"/><SP WIDTH="16" VPOS="977" HPOS="336"/>
							<String ID="string_199" HPOS="352" VPOS="976" WIDTH="111" HEIGHT="26" WC="0.93" CONTENT="fredande,"/>
						</TextLine>
					</TextBlock>
					<TextBlock ID="block_2" HPOS="109" VPOS="1016" WIDTH="755" HEIGHT="440">
						<TextLine ID="line_24" HPOS="177" VPOS="1016" WIDTH="684" HEIGHT="30">
							<String ID="string_200" HPOS="177" VPOS="1016" WIDTH="120" HEIGHT="29" WC="0.92" CONTENT="Angäende"/><SP WIDTH="16" VPOS="1016" HPOS="297"/>
							<String ID="string_201" HPOS="313" VPOS="1017" WIDTH="185" HEIGHT="28" WC="0.92" CONTENT="framställningen"/><SP WIDTH="13" VPOS="1017" HPOS="498"/>
							<String ID="string_202" HPOS="511" VPOS="1017" WIDTH="82" HEIGHT="27" WC="0.92" CONTENT="derom,"/><SP WIDTH="12" VPOS="1017" HPOS="593"/>
							<String ID="string_203" HPOS="605" VPOS="1020" WIDTH="32" HEIGHT="18" WC="0.93" CONTENT="att"/><SP WIDTH="12" VPOS="1020" HPOS="637"/>
							<String ID="string_204" HPOS="649" VPOS="1017" WIDTH="126" HEIGHT="29" WC="0.92" CONTENT="nybyggare"/><SP WIDTH="12" VPOS="1017" HPOS="775"/>
							<String ID="string_205" HPOS="787" VPOS="1017" WIDTH="13" HEIGHT="21" WC="0.92" CONTENT="ä"/><SP WIDTH="10" VPOS="1017" HPOS="800"/>
							<String ID="string_206" HPOS="810" VPOS="1017" WIDTH="51" HEIGHT="21" WC="0.93" CONTENT="kro-"/>
						</TextLine>
						<TextLine ID="line_25" HPOS="111" VPOS="1051" WIDTH="750" HEIGHT="29">
							<String ID="string_207" HPOS="111" VPOS="1059" WIDTH="52" HEIGHT="15" WC="0.92" CONTENT="nans"/><SP WIDTH="23" VPOS="1059" HPOS="163"/>
							<String ID="string_208" HPOS="186" VPOS="1052" WIDTH="82" HEIGHT="27" WC="0.92" CONTENT="skogar"/><SP WIDTH="21" VPOS="1052" HPOS="268"/>
							<String ID="string_209" HPOS="289" VPOS="1051" WIDTH="48" HEIGHT="21" WC="0.96" CONTENT="icke"/><SP WIDTH="24" VPOS="1051" HPOS="337"/>
							<String ID="string_210" HPOS="361" VPOS="1052" WIDTH="65" HEIGHT="20" WC="0.93" CONTENT="borde"/><SP WIDTH="23" VPOS="1052" HPOS="426"/>
							<String ID="string_211" HPOS="449" VPOS="1052" WIDTH="90" HEIGHT="28" WC="0.93" CONTENT="åläggas"/><SP WIDTH="19" VPOS="1052" HPOS="539"/>
							<String ID="string_212" HPOS="558" VPOS="1051" WIDTH="249" HEIGHT="29" WC="0.92" CONTENT="dagsverksskyldighet"/><SP WIDTH="20" VPOS="1051" HPOS="807"/>
							<String ID="string_213" HPOS="827" VPOS="1052" WIDTH="34" HEIGHT="20" WC="0.96" CONTENT="till"/>
						</TextLine>
						<TextLine ID="line_26" HPOS="111" VPOS="1085" WIDTH="751" HEIGHT="29">
							<String ID="string_214" HPOS="111" VPOS="1086" WIDTH="89" HEIGHT="26" WC="0.95" CONTENT="kronan,"/><SP WIDTH="15" VPOS="1086" HPOS="200"/>
							<String ID="string_215" HPOS="215" VPOS="1093" WIDTH="63" HEIGHT="17" WC="0.93" CONTENT="anser"/><SP WIDTH="15" VPOS="1093" HPOS="278"/>
							<String ID="string_216" HPOS="293" VPOS="1085" WIDTH="106" HEIGHT="22" WC="0.96" CONTENT="utskottet"/><SP WIDTH="15" VPOS="1085" HPOS="399"/>
							<String ID="string_217" HPOS="414" VPOS="1086" WIDTH="34" HEIGHT="28" WC="0.96" CONTENT="sig"/><SP WIDTH="16" VPOS="1086" HPOS="448"/>
							<String ID="string_218" HPOS="464" VPOS="1086" WIDTH="47" HEIGHT="21" WC="0.96" CONTENT="icke"/><SP WIDTH="17" VPOS="1086" HPOS="511"/>
							<String ID="string_219" HPOS="528" VPOS="1086" WIDTH="53" HEIGHT="21" WC="0.96" CONTENT="böra"/><SP WIDTH="15" VPOS="1086" HPOS="581"/>
							<String ID="string_220" HPOS="596" VPOS="1086" WIDTH="68" HEIGHT="21" WC="0.96" CONTENT="uttala"/><SP WIDTH="13" VPOS="1086" HPOS="664"/>
							<String ID="string_221" HPOS="677" VPOS="1086" WIDTH="66" HEIGHT="28" WC="0.96" CONTENT="något"/><SP WIDTH="12" VPOS="1086" HPOS="743"/>
							<String ID="string_222" HPOS="755" VPOS="1086" WIDTH="107" HEIGHT="21" WC="0.96" CONTENT="bestämdt"/>
						</TextLine>
						<TextLine ID="line_27" HPOS="110" VPOS="1119" WIDTH="751" HEIGHT="29">
							<String ID="string_223" HPOS="110" VPOS="1120" WIDTH="105" HEIGHT="24" WC="0.95" CONTENT="omdöme."/><SP WIDTH="37" VPOS="1120" HPOS="215"/>
							<String ID="string_224" HPOS="252" VPOS="1119" WIDTH="44" HEIGHT="21" WC="0.90" CONTENT="Det"/><SP WIDTH="20" VPOS="1119" HPOS="296"/>
							<String ID="string_225" HPOS="316" VPOS="1120" WIDTH="38" HEIGHT="22" WC="0.92" CONTENT="har"/><SP WIDTH="18" VPOS="1120" HPOS="354"/>
							<String ID="string_226" HPOS="372" VPOS="1120" WIDTH="108" HEIGHT="28" WC="0.92" CONTENT="nemligen"/><SP WIDTH="19" VPOS="1120" HPOS="480"/>
							<String ID="string_227" HPOS="499" VPOS="1120" WIDTH="33" HEIGHT="21" WC="0.96" CONTENT="till"/><SP WIDTH="20" VPOS="1120" HPOS="532"/>
							<String ID="string_228" HPOS="552" VPOS="1120" WIDTH="86" HEIGHT="22" WC="0.96" CONTENT="försvar"/><SP WIDTH="16" VPOS="1120" HPOS="638"/>
							<String ID="string_229" HPOS="654" VPOS="1120" WIDTH="33" HEIGHT="21" WC="0.92" CONTENT="för"/><SP WIDTH="15" VPOS="1120" HPOS="687"/>
							<String ID="string_230" HPOS="702" VPOS="1120" WIDTH="159" HEIGHT="22" WC="0.91" CONTENT="ofvannämnda"/>
						</TextLine>
						<TextLine ID="line_28" HPOS="109" VPOS="1154" WIDTH="753" HEIGHT="28">
							<String ID="string_231" HPOS="109" VPOS="1154" WIDTH="246" HEIGHT="28" WC="0.91" CONTENT="dagsverksskyldighet"/><SP WIDTH="19" VPOS="1154" HPOS="355"/>
							<String ID="string_232" HPOS="374" VPOS="1154" WIDTH="122" HEIGHT="28" WC="0.92" CONTENT="åberopats,"/><SP WIDTH="20" VPOS="1154" HPOS="496"/>
							<String ID="string_233" HPOS="516" VPOS="1157" WIDTH="32" HEIGHT="18" WC="0.93" CONTENT="att"/><SP WIDTH="14" VPOS="1157" HPOS="548"/>
							<String ID="string_234" HPOS="562" VPOS="1154" WIDTH="159" HEIGHT="28" WC="0.91" CONTENT="nybyggarene"/><SP WIDTH="16" VPOS="1154" HPOS="721"/>
							<String ID="string_235" HPOS="737" VPOS="1154" WIDTH="69" HEIGHT="20" WC="0.93" CONTENT="skulle"/><SP WIDTH="15" VPOS="1154" HPOS="806"/>
							<String ID="string_236" HPOS="821" VPOS="1161" WIDTH="41" HEIGHT="19" WC="0.92" CONTENT="ega"/>
						</TextLine>
						<TextLine ID="line_29" HPOS="111" VPOS="1188" WIDTH="751" HEIGHT="28">
							<String ID="string_237" HPOS="111" VPOS="1188" WIDTH="91" HEIGHT="24" WC="0.85" CONTENT="afbörda"/><SP WIDTH="11" VPOS="1188" HPOS="202"/>
							<String ID="string_238" HPOS="213" VPOS="1188" WIDTH="34" HEIGHT="28" WC="0.91" CONTENT="sig"/><SP WIDTH="15" VPOS="1188" HPOS="247"/>
							<String ID="string_239" HPOS="262" VPOS="1188" WIDTH="41" HEIGHT="21" WC="0.93" CONTENT="den"/><SP WIDTH="16" VPOS="1188" HPOS="303"/>
							<String ID="string_240" HPOS="319" VPOS="1188" WIDTH="69" HEIGHT="26" WC="0.96" CONTENT="ränta,"/><SP WIDTH="16" VPOS="1188" HPOS="388"/>
							<String ID="string_241" HPOS="404" VPOS="1188" WIDTH="26" HEIGHT="21" WC="0.93" CONTENT="de"/><SP WIDTH="17" VPOS="1188" HPOS="430"/>
							<String ID="string_242" HPOS="447" VPOS="1188" WIDTH="52" HEIGHT="22" WC="0.96" CONTENT="böra"/><SP WIDTH="15" VPOS="1188" HPOS="499"/>
							<String ID="string_243" HPOS="514" VPOS="1189" WIDTH="34" HEIGHT="20" WC="0.96" CONTENT="för"/><SP WIDTH="15" VPOS="1189" HPOS="548"/>
							<String ID="string_244" HPOS="563" VPOS="1189" WIDTH="47" HEIGHT="20" WC="0.93" CONTENT="sina"/><SP WIDTH="15" VPOS="1189" HPOS="610"/>
							<String ID="string_245" HPOS="625" VPOS="1188" WIDTH="125" HEIGHT="28" WC="0.92" CONTENT="lägenheter"/><SP WIDTH="15" VPOS="1188" HPOS="750"/>
							<String ID="string_246" HPOS="765" VPOS="1188" WIDTH="32" HEIGHT="21" WC="0.93" CONTENT="till"/><SP WIDTH="16" VPOS="1188" HPOS="797"/>
							<String ID="string_247" HPOS="813" VPOS="1188" WIDTH="49" HEIGHT="20" WC="0.63" CONTENT="kro-"/>
						</TextLine>
						<TextLine ID="line_30" HPOS="111" VPOS="1222" WIDTH="752" HEIGHT="29">
							<String ID="string_248" HPOS="111" VPOS="1230" WIDTH="41" HEIGHT="13" WC="0.92" CONTENT="nan"/><SP WIDTH="20" VPOS="1230" HPOS="152"/>
							<String ID="string_249" HPOS="172" VPOS="1222" WIDTH="95" HEIGHT="28" WC="0.95" CONTENT="erlägga,"/><SP WIDTH="19" VPOS="1222" HPOS="267"/>
							<String ID="string_250" HPOS="286" VPOS="1222" WIDTH="102" HEIGHT="28" WC="0.96" CONTENT="antingen"/><SP WIDTH="20" VPOS="1222" HPOS="388"/>
							<String ID="string_251" HPOS="408" VPOS="1222" WIDTH="48" HEIGHT="21" WC="0.93" CONTENT="med"/><SP WIDTH="21" VPOS="1222" HPOS="456"/>
							<String ID="string_252" HPOS="477" VPOS="1222" WIDTH="127" HEIGHT="29" WC="0.92" CONTENT="penningar,"/><SP WIDTH="16" VPOS="1222" HPOS="604"/>
							<String ID="string_253" HPOS="620" VPOS="1223" WIDTH="97" HEIGHT="27" WC="0.91" CONTENT="spanmäl"/><SP WIDTH="16" VPOS="1223" HPOS="717"/>
							<String ID="string_254" HPOS="733" VPOS="1222" WIDTH="51" HEIGHT="21" WC="0.92" CONTENT="eller"/><SP WIDTH="16" VPOS="1222" HPOS="784"/>
							<String ID="string_255" HPOS="800" VPOS="1222" WIDTH="63" HEIGHT="28" WC="0.82" CONTENT="days-"/>
						</TextLine>
						<TextLine ID="line_31" HPOS="111" VPOS="1256" WIDTH="750" HEIGHT="28">
							<String ID="string_256" HPOS="111" VPOS="1256" WIDTH="87" HEIGHT="26" WC="0.96" CONTENT="verken,"/><SP WIDTH="16" VPOS="1256" HPOS="198"/>
							<String ID="string_257" HPOS="214" VPOS="1256" WIDTH="40" HEIGHT="22" WC="0.95" CONTENT="och"/><SP WIDTH="16" VPOS="1256" HPOS="254"/>
							<String ID="string_258" HPOS="270" VPOS="1258" WIDTH="30" HEIGHT="19" WC="0.96" CONTENT="att"/><SP WIDTH="16" VPOS="1258" HPOS="300"/>
							<String ID="string_259" HPOS="316" VPOS="1256" WIDTH="37" HEIGHT="21" WC="0.93" CONTENT="det"/><SP WIDTH="15" VPOS="1256" HPOS="353"/>
							<String ID="string_260" HPOS="368" VPOS="1256" WIDTH="134" HEIGHT="22" WC="0.80" CONTENT="sistnämnda"/><SP WIDTH="16" VPOS="1256" HPOS="502"/>
							<String ID="string_261" HPOS="518" VPOS="1258" WIDTH="65" HEIGHT="20" WC="0.93" CONTENT="sättet"/><SP WIDTH="15" VPOS="1258" HPOS="583"/>
							<String ID="string_262" HPOS="598" VPOS="1257" WIDTH="78" HEIGHT="21" WC="0.96" CONTENT="införts"/><SP WIDTH="15" VPOS="1257" HPOS="676"/>
							<String ID="string_263" HPOS="691" VPOS="1256" WIDTH="122" HEIGHT="28" WC="0.96" CONTENT="egentligen"/><SP WIDTH="17" VPOS="1256" HPOS="813"/>
							<String ID="string_264" HPOS="830" VPOS="1256" WIDTH="31" HEIGHT="21" WC="0.95" CONTENT="till"/>
						</TextLine>
						<TextLine ID="line_32" HPOS="110" VPOS="1290" WIDTH="754" HEIGHT="29">
							<String ID="string_265" HPOS="110" VPOS="1290" WIDTH="81" HEIGHT="24" WC="0.89" CONTENT="Jättnad"/><SP WIDTH="21" VPOS="1290" HPOS="191"/>
							<String ID="string_266" HPOS="212" VPOS="1291" WIDTH="32" HEIGHT="21" WC="0.92" CONTENT="för"/><SP WIDTH="19" VPOS="1291" HPOS="244"/>
							<String ID="string_267" HPOS="263" VPOS="1290" WIDTH="161" HEIGHT="29" WC="0.84" CONTENT="nybyggarene,"/><SP WIDTH="17" VPOS="1290" HPOS="424"/>
							<String ID="string_268" HPOS="441" VPOS="1290" WIDTH="74" HEIGHT="22" WC="0.96" CONTENT="hvilka"/><SP WIDTH="17" VPOS="1290" HPOS="515"/>
							<String ID="string_269" HPOS="532" VPOS="1291" WIDTH="5" HEIGHT="20" WC="0.93" CONTENT="i"/><SP WIDTH="17" VPOS="1291" HPOS="537"/>
							<String ID="string_270" HPOS="554" VPOS="1290" WIDTH="117" HEIGHT="22" WC="0.96" CONTENT="allmänhet"/><SP WIDTH="16" VPOS="1290" HPOS="671"/>
							<String ID="string_271" HPOS="687" VPOS="1290" WIDTH="65" HEIGHT="22" WC="0.95" CONTENT="hafva"/><SP WIDTH="16" VPOS="1290" HPOS="752"/>
							<String ID="string_272" HPOS="768" VPOS="1290" WIDTH="53" HEIGHT="22" WC="0.96" CONTENT="brist"/><SP WIDTH="16" VPOS="1290" HPOS="821"/>
							<String ID="string_273" HPOS="837" VPOS="1291" WIDTH="27" HEIGHT="27" WC="0.96" CONTENT="pä"/>
						</TextLine>
						<TextLine ID="line_33" HPOS="111" VPOS="1324" WIDTH="752" HEIGHT="29">
							<String ID="string_274" HPOS="111" VPOS="1324" WIDTH="104" HEIGHT="24" WC="0.80" CONTENT="kontauta"/><SP WIDTH="23" VPOS="1324" HPOS="215"/>
							<String ID="string_275" HPOS="238" VPOS="1324" WIDTH="116" HEIGHT="28" WC="0.96" CONTENT="tillgångar"/><SP WIDTH="26" VPOS="1324" HPOS="354"/>
							<String ID="string_276" HPOS="380" VPOS="1324" WIDTH="41" HEIGHT="24" WC="0.96" CONTENT="och"/><SP WIDTH="25" VPOS="1324" HPOS="421"/>
							<String ID="string_277" HPOS="446" VPOS="1328" WIDTH="30" HEIGHT="19" WC="0.96" CONTENT="ett"/><SP WIDTH="25" VPOS="1328" HPOS="476"/>
							<String ID="string_278" HPOS="501" VPOS="1324" WIDTH="118" HEIGHT="28" WC="0.92" CONTENT="jordbruk,"/><SP WIDTH="28" VPOS="1324" HPOS="619"/>
							<String ID="string_279" HPOS="647" VPOS="1325" WIDTH="63" HEIGHT="22" WC="0.90" CONTENT="hvars"/><SP WIDTH="28" VPOS="1325" HPOS="710"/>
							<String ID="string_280" HPOS="738" VPOS="1324" WIDTH="125" HEIGHT="29" WC="0.88" CONTENT="afkastning"/>
						</TextLine>
						<TextLine ID="line_34" HPOS="112" VPOS="1358" WIDTH="750" HEIGHT="30">
							<String ID="string_281" HPOS="112" VPOS="1359" WIDTH="82" HEIGHT="27" WC="0.88" CONTENT="knappt"/><SP WIDTH="24" VPOS="1359" HPOS="194"/>
							<String ID="string_282" HPOS="218" VPOS="1366" WIDTH="42" HEIGHT="20" WC="0.89" CONTENT="nog"/><SP WIDTH="23" VPOS="1366" HPOS="260"/>
							<String ID="string_283" HPOS="283" VPOS="1358" WIDTH="78" HEIGHT="23" WC="0.89" CONTENT="förslär"/><SP WIDTH="23" VPOS="1358" HPOS="361"/>
							<String ID="string_284" HPOS="384" VPOS="1359" WIDTH="32" HEIGHT="21" WC="0.96" CONTENT="till"/><SP WIDTH="20" VPOS="1359" HPOS="416"/>
							<String ID="string_285" HPOS="436" VPOS="1360" WIDTH="62" HEIGHT="20" WC="0.96" CONTENT="deras"/><SP WIDTH="20" VPOS="1360" HPOS="498"/>
							<String ID="string_286" HPOS="518" VPOS="1367" WIDTH="54" HEIGHT="19" WC="0.96" CONTENT="egen"/><SP WIDTH="21" VPOS="1367" HPOS="572"/>
							<String ID="string_287" HPOS="593" VPOS="1359" WIDTH="106" HEIGHT="24" WC="0.93" CONTENT="utkomst;"/><SP WIDTH="25" VPOS="1359" HPOS="699"/>
							<String ID="string_288" HPOS="724" VPOS="1359" WIDTH="138" HEIGHT="29" WC="0.92" CONTENT="hvarigenom"/>
						</TextLine>
						<TextLine ID="line_35" HPOS="109" VPOS="1393" WIDTH="755" HEIGHT="30">
							<String ID="string_289" HPOS="109" VPOS="1393" WIDTH="265" HEIGHT="27" WC="0.63" CONTENT="dagsverksprestationer"/><SP WIDTH="17" VPOS="1393" HPOS="374"/>
							<String ID="string_290" HPOS="391" VPOS="1393" WIDTH="69" HEIGHT="21" WC="0.89" CONTENT="blefve"/><SP WIDTH="13" VPOS="1393" HPOS="460"/>
							<String ID="string_291" HPOS="473" VPOS="1394" WIDTH="45" HEIGHT="26" WC="0.96" CONTENT="den"/><SP WIDTH="18" VPOS="1394" HPOS="518"/>
							<String ID="string_292" HPOS="536" VPOS="1394" WIDTH="33" HEIGHT="21" WC="0.96" CONTENT="för"/><SP WIDTH="15" VPOS="1394" HPOS="569"/>
							<String ID="string_293" HPOS="584" VPOS="1394" WIDTH="48" HEIGHT="21" WC="0.93" CONTENT="dem"/><SP WIDTH="17" VPOS="1394" HPOS="632"/>
							<String ID="string_294" HPOS="649" VPOS="1394" WIDTH="76" HEIGHT="29" WC="0.92" CONTENT="sjelfve"/><SP WIDTH="12" VPOS="1394" HPOS="725"/>
							<String ID="string_295" HPOS="737" VPOS="1393" WIDTH="127" HEIGHT="28" WC="0.92" CONTENT="lindrigaste"/>
						</TextLine>
						<TextLine ID="line_36" HPOS="111" VPOS="1427" WIDTH="512" HEIGHT="29">
							<String ID="string_296" HPOS="111" VPOS="1428" WIDTH="93" HEIGHT="28" WC="0.94" CONTENT="utvägen"/><SP WIDTH="17" VPOS="1428" HPOS="204"/>
							<String ID="string_297" HPOS="221" VPOS="1430" WIDTH="31" HEIGHT="18" WC="0.96" CONTENT="att"/><SP WIDTH="15" VPOS="1430" HPOS="252"/>
							<String ID="string_298" HPOS="267" VPOS="1428" WIDTH="78" HEIGHT="27" WC="0.93" CONTENT="utgöra"/><SP WIDTH="15" VPOS="1428" HPOS="345"/>
							<String ID="string_299" HPOS="360" VPOS="1427" WIDTH="165" HEIGHT="29" WC="0.93" CONTENT="ifrågavarande"/><SP WIDTH="16" VPOS="1427" HPOS="525"/>
							<String ID="string_300" HPOS="541" VPOS="1428" WIDTH="82" HEIGHT="28" WC="0.69" CONTENT="afgäld,"/>
						</TextLine>
					</TextBlock>
				</ComposedBlock>
				<ComposedBlock ID="cblock_2" HPOS="182" VPOS="1466" WIDTH="683" HEIGHT="31">
					<TextBlock ID="block_3" HPOS="182" VPOS="1466" WIDTH="683" HEIGHT="31">
						<TextLine ID="line_37" HPOS="182" VPOS="1466" WIDTH="683" HEIGHT="31">
							<String ID="string_301" HPOS="182" VPOS="1466" WIDTH="172" HEIGHT="25" WC="0.91" CONTENT="Vidkommande"/><SP WIDTH="22" VPOS="1466" HPOS="354"/>
							<String ID="string_302" HPOS="376" VPOS="1468" WIDTH="46" HEIGHT="21" WC="0.96" CONTENT="åter"/><SP WIDTH="24" VPOS="1468" HPOS="422"/>
							<String ID="string_303" HPOS="446" VPOS="1469" WIDTH="75" HEIGHT="28" WC="0.95" CONTENT="frågan"/><SP WIDTH="23" VPOS="1469" HPOS="521"/>
							<String ID="string_304" HPOS="544" VPOS="1476" WIDTH="33" HEIGHT="16" WC="0.73" CONTENT="om"/><SP WIDTH="22" VPOS="1476" HPOS="577"/>
							<String ID="string_305" HPOS="599" VPOS="1468" WIDTH="130" HEIGHT="29" WC="0.96" CONTENT="upplåtande"/><SP WIDTH="20" VPOS="1468" HPOS="729"/>
							<String ID="string_306" HPOS="749" VPOS="1468" WIDTH="24" HEIGHT="22" WC="0.93" CONTENT="af"/><SP WIDTH="17" VPOS="1468" HPOS="773"/>
							<String ID="string_307" HPOS="790" VPOS="1468" WIDTH="75" HEIGHT="28" WC="0.76" CONTENT="skogs-"/>
						</TextLine>
					</TextBlock>
				</ComposedBlock>
			</PrintSpace>
		</Page>
	</Layout>
</alto>
