1039 1773
789 122 41 22 279

450 186 13 27 8
478 186 35 20 25.

174 220 59 22 Herr
247 219 141 23 Thermén:
411 219 116 22 Utskottet
546 219 39 21 har
602 220 8 20 i
629 220 38 21 sitt
685 219 146 29 betänkande,
850 220 8 22 i

106 254 97 29 enlighet
217 254 49 22 med
280 254 106 28 förslaget
400 254 7 21 i
422 254 42 21 den
479 253 80 29 nådiga
571 254 174 28 propositionen,
760 254 99 22 förordat

107 296 28 14 en
155 288 75 29 längre
253 288 106 22 arbetstid
380 288 34 21 för
432 288 27 21 de
478 288 6 21 i
503 288 27 21 de
549 288 49 28 fyra
615 288 70 21 första
699 288 122 28 punkterne
836 288 25 22 af

107 323 13 29 &
135 323 13 21 4
163 322 127 22 omnämnde
306 322 156 27 försvarslöse,
482 322 28 21 än
525 322 35 21 för
575 322 55 26 dem,
646 329 47 13 som
709 322 127 22 omnämnas
850 322 9 22 i

107 356 42 22 den
164 357 64 21 femte
243 356 97 29 punkten
356 357 24 21 af
393 356 90 22 berörde
498 356 20 28 $.
550 356 77 22 Skälet
645 356 75 22 härtill
734 356 57 22 lärer
805 364 54 14 vara

107 390 27 22 de
149 390 161 22 förstnämndes
328 390 59 22 förut
406 390 115 29 begångna
539 390 71 26 brott;
632 398 49 14 men
700 390 28 22 då
745 390 28 22 de
790 390 68 23 redan

107 424 116 30 undergått
241 424 63 22 straff
320 424 35 22 för
373 424 65 22 dessa
457 424 69 28 brott,
549 424 63 22 torde
630 424 29 21 all
678 425 75 22 vidare
774 425 85 29 påföljd

107 459 64 22 deraf
184 459 52 22 böra
250 459 98 27 förfalla,
365 458 41 22 och
422 459 36 21 det
473 459 114 28 strängare
602 458 160 23 arbetsstraffet
776 459 44 22 blir
834 459 25 22 så

106 493 88 29 mycket
208 501 58 15 mera
281 493 108 28 orättvist,
405 501 35 13 om
455 500 50 15 man
520 495 62 26 tager
596 493 8 21 i
618 493 142 22 betraktande
775 496 33 19 att
822 494 38 21 det

107 527 35 23 för
164 528 93 22 nämnde
282 534 111 23 personer,
417 528 46 28 just
484 527 49 21 med
556 527 102 22 afseende
680 527 13 21 å
714 527 63 22 deras
799 527 60 22 förra

107 561 150 30 brottslighet,
279 561 69 22 måste
371 561 51 22 falla
440 561 35 29 sig
494 561 88 22 svårare
601 564 32 18 att
651 561 81 22 erhålla
749 561 51 30 laga
813 561 45 22 för-

107 603 58 20 svar,
180 597 28 20 än
222 597 35 20 för
272 596 56 25 dem,
343 596 75 21 hvilka
432 595 49 22 icke
495 595 50 22 låtit
560 595 67 22 sådan
642 595 142 30 brottslighet
797 596 61 21 kom-

107 637 36 14 ma
157 630 34 28 sig
206 629 33 22 till
254 630 50 22 last.
333 630 45 29 Jag
396 629 70 22 skulle
485 630 86 21 derföre
591 630 98 27 förorda,
705 633 32 18 att
751 630 27 21 de
792 631 67 21 först-

107 664 92 22 nämnde
221 664 146 22 försvarslöse
390 664 71 21 blefve
478 664 112 22 likställde
609 664 48 21 med
675 664 27 22 de
721 671 76 15 senare
816 665 42 21 och

107 701 32 19 att
160 698 134 22 arbetstiden
312 698 35 22 för
365 698 48 22 dem
432 698 42 22 alla
494 699 124 22 bestämdes
636 698 49 22 från
703 706 39 15 sex
756 699 103 22 månader

106 732 35 22 till
156 735 32 19 ett
202 733 30 21 år.

176 767 58 21 Herr
252 766 171 29 Tengström:
448 767 59 23 Lika
524 767 49 22 med
595 767 50 22 herr
663 767 109 22 Thermén
794 775 65 14 anser

105 802 39 28 jag
159 801 160 22 arbetsstraffet
333 801 35 21 för
383 801 26 21 de
424 801 7 21 i
446 801 27 21 de
489 801 49 28 fyra
557 801 70 22 första
644 801 121 30 punkterne
780 802 25 23 af
816 803 14 28 &
845 802 14 21 4

107 835 129 22 omnämnde
251 835 145 22 försvarslöse
412 843 52 14 vara
475 835 74 22 alltför
561 836 94 28 strängt,
670 836 130 29 isynnerhet
810 844 49 14 som

107 869 73 29 desse,
201 870 69 29 enligt
288 870 44 21 min
352 870 67 28 åsigt,
439 869 47 23 ofta
504 869 63 23 torde
583 877 52 16 vara
649 869 34 24 för
698 870 37 23 det
750 870 109 23 allmänna

107 904 53 22 vida
180 904 84 22 mindre
286 904 88 28 vådliga
396 905 27 20 än
446 904 27 22 de
496 904 7 21 i
522 905 65 22 femte
609 904 98 30 punkten
729 904 130 24 omnämnde

107 938 111 29 egentlige
240 938 177 30 vagabonderne,
440 938 77 22 hvilka
538 942 53 19 utan
609 938 112 29 svårighet
738 939 73 21 kunde
827 946 33 14 er-

106 972 58 23 hålla
180 972 50 29 laga
246 973 92 27 försvar,
356 980 48 14 men
424 973 24 22 af
464 973 83 28 böjelse
566 973 34 22 för
618 973 184 30 kringstrykande
817 972 43 22 och

105 1006 115 30 lättjefullt
234 1006 28 23 lif
274 1006 107 23 uraktlåta
396 1009 32 20 att
442 1007 109 23 förskaffa
565 1008 35 28 sig
614 1007 86 28 sådant,
719 1007 77 23 medan
812 1007 48 22 der-

107 1044 59 19 emot
181 1041 27 21 de
222 1041 65 27 förre,
304 1041 48 23 med
367 1041 102 23 afseende
480 1042 13 20 å
505 1042 62 21 deras
580 1042 113 28 begångna
708 1041 151 29 förbrytelser,

107 1075 69 22 blifva
193 1075 158 23 tillbakastötte
370 1076 24 22 af
408 1075 59 27 dem,
491 1075 40 22 hos
549 1076 77 22 hvilka
643 1076 27 22 de
684 1075 73 23 kunde
775 1075 85 29 åtnjuta

106 1110 94 23 försvar.
232 1109 55 23 Men
302 1110 7 20 i
325 1109 29 23 all
370 1109 103 22 händelse
489 1110 71 22 finnas
577 1109 68 23 också
658 1110 8 22 i
681 1110 42 21 den
737 1109 70 21 första
821 1109 39 21 ka-

106 1144 86 28 tegorin
216 1143 89 27 sådane,
329 1151 47 15 som
397 1143 74 22 kunna
489 1151 54 15 vara
561 1144 85 28 ganska
664 1144 88 28 vådliga
770 1144 35 20 för
822 1143 38 21 det

106 1178 120 22 allmännas
241 1177 54 29 lugn
310 1178 41 22 och
366 1177 111 28 säkerhet,
499 1186 35 14 om
549 1178 27 21 de
592 1178 86 22 befinna
693 1178 35 28 sig
743 1180 52 19 utan
809 1176 51 30 laga

105 1212 94 28 försvar,
221 1212 85 23 hvilket
327 1211 27 22 de
376 1212 38 21 äro
437 1212 102 29 skyldige
558 1215 32 18 att
607 1212 108 23 förskaffa
736 1212 41 28 sig.
814 1211 46 29 Jag

106 1246 72 23 skulle
193 1247 19 27 ej
228 1246 69 23 heller
311 1246 53 28 vilja
378 1246 50 22 fullt
446 1246 97 23 likställa
557 1246 28 22 de
600 1246 55 22 båda
670 1246 152 28 kategorierne
838 1245 24 21 af

105 1280 148 23 försvarslöse
270 1280 50 24 med
338 1280 132 27 hvarandra,
489 1288 50 14 men
558 1280 58 22 dock
634 1279 89 22 förorda
742 1287 27 15 en
783 1279 77 21 lindri-

105 1322 53 21 gare
173 1314 139 29 bestämning
327 1315 24 21 af
363 1314 162 23 arbetsstraffet
539 1315 34 22 för
588 1314 42 22 den
645 1314 59 22 förra
715 1314 24 21 af
747 1314 60 27 dem,
822 1321 39 13 an-

106 1349 76 28 tingen
204 1348 100 28 sålunda,
323 1351 32 19 att
369 1349 118 22 maximum
502 1349 25 21 af
539 1348 133 22 arbetstiden
687 1348 35 21 för
737 1348 71 22 denna
822 1347 38 21 ka-

106 1383 70 28 tegori
196 1382 123 23 bestämdes
338 1382 33 22 till
390 1382 38 22 två
445 1382 31 28 år,
500 1383 85 21 således
607 1382 69 22 likväl
694 1382 90 22 dubbelt
801 1384 59 18 emot

105 1417 118 23 maximum
238 1418 24 20 af
275 1417 133 22 arbetstiden
423 1417 35 23 för
473 1417 43 22 den
531 1424 86 21 senare,
633 1416 52 22 eller
695 1415 85 23 kanske
790 1414 69 24 hellre
