1039 1773
794 130 41 21 323

106 192 70 22 kande:
196 192 96 27 stånden,
311 192 108 29 nemligen
436 188 151 32 ridderskapet
603 192 40 22 och
660 192 63 22 adeln
739 196 55 19 samt
810 194 54 21 bön-

107 227 73 27 derne,
195 234 23 14 se
234 227 83 21 klarare
333 227 5 21 i
355 226 71 22 denna
441 226 39 21 sak
496 227 26 21 än
539 227 27 20 de
582 227 78 28 öfriga,
675 227 41 21 och
733 228 42 21 kan
787 229 18 27 ej
820 229 43 21 för-

108 262 34 21 stä
164 265 32 17 att
214 262 66 27 några
298 261 98 21 enskilda
415 261 106 21 intressen
537 260 47 22 häri
601 261 81 21 kunnat
697 262 55 27 göra
767 263 34 27 sig
816 262 47 28 gäl-

107 296 70 21 lande.

176 330 58 20 Herr
248 329 170 29 Tengström:
449 328 86 29 Frågan
548 329 41 21 kan
603 329 84 21 enklast
698 330 165 21 sammanfattas

107 364 102 21 sålunda:
228 364 39 21 bör
286 364 36 21 det
341 364 80 20 lemnas
437 363 128 28 delegarene
580 364 7 20 i
603 367 31 17 ett
649 368 134 23 gemensamt
798 364 64 21 fiske-

108 401 74 19 vatten
198 399 66 27 öppet
279 402 31 17 att
324 397 37 22 vid
378 398 168 27 bolagsstämma
563 398 63 21 träffa
641 398 221 22 öfverenskommelse

108 433 41 21 och
166 433 83 21 besluta
264 432 63 22 äfven
343 432 6 21 i
365 432 70 21 denna
451 432 75 27 punkt,
542 432 54 21 eller
612 432 38 21 bör
666 433 129 28 rättigheten
814 432 48 22 der-

108 467 33 22 till
164 468 23 21 sä
209 467 117 28 begränsas
348 467 41 20 och
412 467 137 26 inskränkas,
569 471 32 16 att
619 466 134 29 delegarene,
773 468 28 28 pä
819 469 43 20 sätt

109 501 75 22 adelns
206 501 40 21 och
270 500 168 23 bondeständets
457 501 132 27 depnterade
609 501 70 28 yrkat,
698 502 19 27 ej
735 502 33 21 mä
782 501 80 22 afsluta

107 536 73 28 någon
200 535 218 22 öfverenskommelse
437 543 35 12 om
488 535 97 21 vilkoren
603 535 32 21 för
651 536 122 21 insättande
788 536 24 21 af
825 543 37 14 an-

109 577 41 14 nan
170 577 78 21 person
264 570 6 21 i
286 570 37 21 sitt
339 569 76 21 ställe?
452 569 45 29 Jag
512 576 63 15 anser
591 569 194 29 bolagsstämmans
800 569 62 22 kom-

109 607 75 25 petens
205 604 51 21 böra
272 604 86 21 sträcka
373 603 35 28 sig
422 603 89 27 derhän,
527 607 31 17 att
573 603 41 22 den
630 605 61 20 äfven
708 605 6 20 i
731 605 59 21 detta
805 605 57 21 afse-

109 638 53 21 ende
178 645 51 21 eger
245 638 128 26 befogenhet
389 642 31 17 att
436 638 83 21 besluta
534 645 47 14 som
597 639 103 21 stämman
714 639 33 21 för
758 638 54 29 godt
822 639 41 20 fin-

108 680 45 19 ner,
168 672 41 21 den
225 672 116 28 missnöjde
357 672 67 21 likväl
440 672 102 29 obetaget
557 676 32 17 att
604 672 89 22 klandra
709 681 26 13 en
751 673 66 22 sådan
830 673 32 21 öf-

109 707 195 20 verenskommelse
320 707 36 20 vid
372 706 139 29 vederbörlig
526 707 103 26 domstol,
645 707 86 21 hvilken
744 707 6 21 i
761 707 27 22 de
799 706 63 23 flesta

103 739 45 22 fall
164 741 137 28 naturligtvis
318 741 40 20 blir
374 741 156 21 häradsrätten.
564 741 49 22 Den
629 741 157 28 inskränkning
801 742 7 21 i
824 742 38 21 bo-

109 774 69 29 lagets
198 775 108 28 rättighet,
326 783 45 13 som
388 775 36 21 två
439 775 74 22 ständs
529 775 131 28 deputerade
675 776 7 21 i
698 775 106 22 utskottet
818 776 44 21 för-

109 809 69 27 ordat,
194 816 62 14 anser
268 810 39 27 jag
322 811 18 26 ej
358 809 51 21 böra
425 810 64 20 vinna
506 809 67 22 bifall.

178 843 57 21 Herr
249 843 131 21 Juselius:
416 843 68 22 Emot
506 843 110 29 uttrycket
635 843 169 30 bolagsstämma
822 844 40 21 vill

106 877 40 29 jag
167 877 53 29 göra
238 877 41 21 den
300 877 148 28 anmärkning,
467 881 32 18 att
514 878 39 21 här
568 878 143 22 förekommer
725 882 32 18 ett
771 881 91 26 tvunget

110 912 72 28 bolag,
205 919 46 13 som
274 912 134 28 väsentligen
432 912 75 28 skiljer
529 913 35 27 sig
584 913 47 21 från
649 912 42 22 alla
706 912 68 22 andra
789 913 73 28 bolag,

109 945 103 23 hvarföre
226 946 38 28 jag
279 953 62 15 anser
356 946 62 22 ordet
437 947 171 29 bolagsstämma
625 947 38 21 här
678 947 49 21 icke
745 946 65 22 hafva
824 947 38 21 nä-

109 987 44 21 gon
168 980 143 28 tillämpning.

177 1014 97 21 Härmed
291 1022 38 14 var
343 1014 151 22 diskussionen
510 1014 72 22 slutad
598 1015 40 21 och
651 1015 48 22 herr
710 1015 152 22 talmannen

109 1048 135 22 framställde
259 1048 95 29 följande
370 1049 146 28 proposition:

179 1082 71 22 Gillar
265 1083 85 21 ståndet
367 1083 94 28 punkten
477 1084 12 20 7
506 1083 69 29 enligt
589 1083 96 29 lydelsen
701 1083 8 22 i
724 1083 42 27 den
780 1083 82 29 nådiga

109 1116 179 30 propositionen?
311 1117 51 21 eller
378 1117 37 21 vill
432 1117 85 21 ståndet
532 1121 32 18 att
579 1117 124 22 densamma
717 1117 55 22 skall
788 1118 74 21 förän-

109 1151 58 27 dras,
190 1151 28 28 på
236 1152 43 21 sätt
298 1151 151 28 ridderskapet
467 1152 41 20 och
527 1152 75 21 adelns
621 1155 55 18 samt
690 1151 171 23 bondeståndets

111 1185 131 30 deputerade
257 1186 6 20 i
279 1186 106 21 utskottet
400 1185 128 29 föreslagit?

178 1219 45 22 Det
238 1220 59 21 förra
312 1220 137 22 alternativet
463 1220 71 22 skulle
549 1220 102 22 besvaras
663 1219 102 29 jakande,
780 1219 38 22 det
830 1226 33 15 se-

109 1261 53 15 nare
177 1253 104 22 nekande.

180 1287 85 22 Genom
285 1287 93 23 anställd
396 1288 101 29 votering
512 1287 95 23 uttalade
623 1289 34 28 sig
671 1288 86 22 ståndet
771 1288 49 21 med
835 1287 28 21 22

110 1322 70 22 röster
194 1326 58 18 emot
268 1323 26 21 10
310 1324 33 20 för
358 1323 133 29 antagandet
505 1324 25 20 af
543 1323 36 22 det
594 1330 73 14 senare
683 1322 144 22 alternativet.

178 1366 125 23 Punkterne
318 1368 13 21 8
347 1368 40 22 och
406 1368 12 21 9
439 1368 74 22 blefvo
531 1368 7 22 i
558 1368 95 28 enlighet
675 1368 48 22 med
746 1368 117 21 ntskottets

110 1401 137 22 betänkande
262 1403 25 20 af
302 1402 86 22 ståndet
406 1402 105 29 enhälligt
529 1402 124 30 godkände,
667 1402 108 22 hvarefter
791 1402 73 24 öfver-

110 1436 63 28 gicks
188 1436 34 21 till
238 1436 96 28 punkten
350 1437 33 21 10.
