1039 1773
200 152 41 20 456

172 214 49 22 med
244 213 48 21 herr
312 213 114 27 Thermén,
448 220 46 14 som
517 212 110 21 tillerkänt
646 212 36 21 det
701 220 75 14 senare
799 212 123 22 företrädet.

172 242 110 34 Slutligen
294 248 37 20 vill
344 248 38 28 jag
398 248 32 20 till
446 247 40 21 den
503 247 148 27 anmärkning,
664 248 39 27 jag
719 247 27 27 på
761 247 162 29 föremiddagen

171 282 77 28 gjorde
267 285 58 19 emot
343 282 67 28 fjerde
430 289 62 13 mom.
512 281 7 21 i
535 280 140 22 förevarande
691 282 12 27 $
719 281 19 25 3,
755 282 55 20 ännu
826 281 97 28 tillägga,

172 319 32 19 att
218 324 65 14 mom.
299 316 55 21 lider
369 317 23 20 af
405 315 148 22 obestämdhet
569 316 6 20 i
592 316 115 28 uttrycket.
738 315 44 21 Det
794 315 60 21 heter
865 323 58 13 nem-

171 350 66 29 ligen,
257 353 31 19 att
303 350 113 22 husbonde
431 350 62 26 skall,
509 350 28 20 då
552 349 129 28 tjenstehjon
699 349 77 21 vräkes
791 357 25 13 ur
832 350 91 28 tjensten

171 388 53 18 utan
239 384 55 27 skäl,
310 384 65 28 gälda
390 384 82 21 skadan
489 383 39 21 och
544 384 85 27 utgifva
645 384 54 20 falla
715 383 70 21 lönen.
823 382 100 30 Möjligt-

171 418 35 22 vis
221 418 55 21 skall
292 418 48 21 med
356 418 110 28 uttrycket
480 421 31 17 att
527 418 64 27 gälda
603 418 82 20 skadan
698 417 64 21 äfven
774 418 78 21 förstäs
864 418 59 28 skyl-

171 452 102 29 digheten
293 455 31 18 att
343 452 84 28 utgifva
446 452 118 27 ersättning
581 452 33 21 för
630 452 178 28 kostpenningar,
824 460 47 13 men
887 460 35 13 en-

170 487 42 28 ligt
234 486 84 29 vanligt
340 486 122 28 språkbruk
482 486 115 21 betecknas
617 486 48 21 icke
683 486 49 21 med
747 486 76 21 orden:
846 486 76 29 ”gälda

172 520 95 22 skadan”
290 528 26 13 en
340 520 66 21 sådan
430 521 24 20 af
472 520 112 21 framtiden
605 520 107 21 beroende
731 521 126 28 ersättning,
875 528 47 14 som

171 555 199 28 kostpenningarne
394 555 44 26 äro,
462 555 49 20 enär
530 554 26 21 de
576 554 53 29 utgå
647 554 77 21 endast
742 555 7 20 i
764 554 40 21 den
821 555 101 21 händelse

172 592 32 19 att
220 589 150 29 tjenstehjonet
386 589 46 20 icke
448 589 91 21 erhåller
555 597 69 12 annan
641 589 137 28 anställning.

240 629 58 21 Herr
319 629 158 22 Lemström:
514 629 104 21 Likasom
643 629 42 20 alla
708 628 26 21 de
757 629 69 28 öfrige
848 629 74 27 talare,

171 663 76 22 hvilka
270 663 45 21 före
334 663 45 27 mig
398 663 102 28 uppträdt
518 663 7 20 i
543 663 70 21 denna
630 663 66 28 fräga,
712 663 42 21 kan
771 664 17 27 ej
805 663 66 21 heller
883 664 39 27 jag

170 697 86 22 biträda
271 697 37 21 det
323 697 82 28 förslag
420 697 33 20 till
467 697 106 28 husagans
586 697 158 26 bibehällande,
757 697 117 22 utskottets
887 697 34 21 be-

160 733 2 2 *
172 731 109 22 tänkande
300 731 6 21 i
326 731 52 21 sista
400 739 63 13 mom.
483 731 48 28 af
519 726 17 37 &
548 731 12 21 3
579 731 126 21 innehåller.
742 730 44 22 Det
804 731 118 28 olämpliga

172 765 42 22 och
233 765 90 29 obilliga
341 765 47 21 deri
406 765 38 22 har
464 765 23 21 af
500 765 64 21 dessa
580 765 139 21 medlemmar
735 765 70 21 blifvit
821 765 101 21 framhäl-

171 800 31 21 let
216 800 49 21 med
280 799 49 22 fullt
345 799 156 28 öfvertygande
516 799 54 27 skäl,
586 799 75 21 hvilka
673 800 38 27 jag
727 799 89 21 utbeder
830 799 45 28 mig
891 801 31 19 att

171 834 23 21 få
209 834 101 27 åberopa,
329 833 28 22 dä
372 835 38 27 jag
430 841 28 14 nu
477 834 124 21 instätamer
616 833 7 21 i
639 841 82 14 samma
736 833 86 28 äsigter,
838 841 46 13 som
900 834 24 21 af

171 868 49 22 dem
236 871 85 26 yttrats.

240 908 58 22 Herr
313 908 97 22 Mölsä:
444 908 35 22 Då
497 908 98 28 samtlige
611 908 221 26 ständsmedlemmar,
847 907 76 22 hvilka

172 943 60 21 förut
252 946 68 25 yttrat
339 942 33 28 sig
392 942 109 28 angäende
521 942 104 28 husagan,
641 942 107 28 tillstyrkt
763 937 121 33 antagande
900 942 24 21 af

171 976 42 22 den
228 977 132 22 reservation
376 980 57 18 emut
448 977 115 20 utskottets
581 976 141 27 betänkande,
737 972 60 36 hvari
811 976 63 21 äfven
884 978 38 26 jag

171 1011 95 26 instämt,
285 1011 41 21 och
344 1011 68 27 enligt
430 1010 87 22 hvilken
537 1010 96 29 husagan
649 1012 64 20 äfven
730 1011 33 21 för
778 1010 144 28 minderåriga

172 1045 130 28 tjenstehjon
318 1045 69 21 skulle
402 1044 109 28 afskaffas,
527 1045 24 21 sä
567 1044 38 22 har
617 1046 39 27 jag
671 1046 18 27 ej
707 1044 66 29 nägot
788 1044 73 22 vidare
873 1044 48 21 der-

172 1079 36 21 vid
224 1082 31 18 att
270 1080 98 27 tillägga,
383 1080 27 20 än
426 1082 30 18 att
468 1080 38 27 jag
521 1080 6 20 i
543 1079 42 21 allo
602 1080 85 20 förenar
702 1079 45 28 mig
761 1079 49 21 med
825 1079 26 21 de
867 1079 55 21 före-

172 1113 82 29 gående
270 1114 98 20 talarene.
399 1113 65 21 Hvad
480 1113 103 21 särskildt
599 1113 102 21 beträffar
717 1113 49 21 herr
781 1112 140 29 Tengströms

172 1147 143 28 anmärkning
333 1148 79 26 derom,
432 1150 31 18 att
481 1147 136 28 tjeustebjon,
637 1154 45 14 som
700 1150 50 18 utan
766 1147 46 21 skäl
829 1147 40 21 och
886 1155 36 13 an-

171 1181 89 28 ledning
283 1181 41 21 blir
343 1181 64 22 vräkt
425 1189 24 13 ur
469 1182 98 27 tjensten,
584 1181 67 21 borde
666 1182 24 20 af
703 1181 127 22 husbonden
846 1182 21 20 fä
883 1182 39 20 full

171 1216 120 28 ersättning
306 1216 48 21 icke
370 1216 91 21 allenast
476 1216 32 20 för
524 1216 71 26 lönen,
611 1219 50 17 utan
677 1216 42 20 ock
735 1216 33 20 för
784 1216 140 27 kostpennin-

172 1258 72 20 garne,
263 1250 23 21 sä
309 1250 38 20 vill
366 1250 39 28 jag
429 1250 97 28 upplysa,
545 1252 32 18 att
595 1249 38 21 det
649 1250 81 28 jemväl
751 1257 36 13 var
806 1249 116 21 utskottets

172 1283 86 29 mening
277 1287 31 17 att
326 1284 130 28 tjenstehjon
475 1284 6 20 i
501 1283 76 21 sådant
598 1284 37 20 fall
652 1283 67 21 borde
735 1283 80 21 erhålla
830 1283 93 29 godtgö-

171 1317 55 21 relse
244 1318 34 21 för
294 1318 49 20 kost
358 1318 40 20 och
415 1318 113 27 uppehälle
544 1318 67 20 under
627 1318 41 20 den
684 1318 39 26 tid,
739 1318 118 20 detsamma
873 1325 50 13 vore

172 1355 50 17 utan
239 1352 70 26 tjenst,
326 1359 46 13 men
389 1354 31 18 att
435 1352 27 20 dä
478 1352 128 27 tjenstehjon
624 1352 99 20 inträdde
735 1352 6 20 i
753 1359 69 13 annan
835 1353 88 26 tjenste-

172 1385 128 27 befattning,
320 1385 62 20 dessa
402 1386 106 20 förmåner
528 1385 66 21 borde
611 1386 106 27 upphöra,
734 1386 6 20 i
757 1386 167 21 öfverensstäm-

171 1420 66 20 melse
261 1419 47 21 med
332 1420 26 20 de
381 1420 134 20 föreskrifter
534 1420 81 27 derom,
635 1427 46 14 som
697 1419 118 21 innehållas
831 1420 7 20 i
854 1419 26 28 $$
896 1418 26 21 47

172 1453 40 21 och
229 1454 33 20 48.
