1039 1773
220 135 43 23 346

190 198 71 25 afresa
280 198 33 25 till
332 198 118 27 hemorten,
468 199 95 24 slutades
579 199 97 24 ständets
692 200 83 22 session
790 200 95 26 klockan
900 198 48 27 half

190 232 34 25 till
239 235 38 20 ett.

714 264 21 19 In
746 265 62 16 fidem:

639 290 96 24 Sixtus
752 290 158 26 Calamnius,

401 481 127 34 Fredagen
547 482 48 25 den
616 483 27 23 11
665 491 65 17 mars

189 520 95 25 klockan
304 521 30 21 tio
354 521 45 21 före
418 521 115 28 middagen
552 521 175 23 sammanträdde
742 521 33 21 till
791 522 85 27 plenum
894 522 50 21 bor-.

190 555 149 30 gareständets
362 555 100 28 samtlige
485 555 143 28 medlemmar,
647 559 58 19 utom
726 555 72 22 herrar
813 556 127 29 Björnberg,

189 588 113 30 Kellgren,
317 589 150 27 Hämäläinen,
483 589 115 22 Molander
613 590 40 21 och
665 591 130 26 Lemström,
808 590 72 22 hvilka
892 591 48 20 med

189 623 97 23 ständets
301 623 132 29 begifvande
448 631 53 14 voro
517 623 148 28 fränvarande,
681 628 55 17 samt
752 625 48 20 herr
812 624 128 27 Wesander,

188 657 96 28 hvilken,
303 658 69 28 enligt
390 657 57 23 hvad
468 659 48 20 herr
531 658 149 21 talmannen
699 659 41 28 gaf
753 659 111 27 tillkänna,
880 659 6 21 i
902 659 39 28 går

189 692 40 21 hos
252 691 50 22 herr
320 692 124 22 talmannen
466 692 81 21 anmält
565 693 34 27 sig
618 692 84 29 nödgas
721 693 34 21 för
770 700 26 14 en
812 693 128 22 oförutsedd

188 727 72 28 vigtig
274 726 159 29 angelägenhet
448 727 28 27 på
491 727 70 28 någon
576 727 33 21 tid
625 727 104 21 bortresa.

256 760 58 24 Herr
329 761 151 22 talmannen
496 760 101 29 föredrog
612 761 36 20 två
659 764 106 18 transumt
777 761 24 22 af
810 762 132 27 prestestån-'

188 794 48 22 dets
258 795 171 30 pleniprotokoll
453 795 33 21 för
504 795 41 20 den
561 795 26 20 26
604 795 99 21 sistlidne
722 795 100 27 februari,
842 797 98 27 hvarige-

188 837 50 15 nom
257 829 158 23 underrättelse
434 829 108 23 meddelas
562 837 35 13 om
613 829 97 23 bemälde
726 830 75 21 stånds
817 830 71 22 beslut
903 831 36 21 vid

188 863 36 24 det
247 863 33 21 till
303 863 77 29 slutlig
402 863 77 30 åtgärd
498 864 104 21 förehafts
623 865 39 26 1:0,
681 863 80 29 nådiga
776 865 162 29 propositionen

187 897 45 25 N:o
248 898 34 27 32,
304 898 112 28 angående
435 899 106 27 styrelsen
560 898 41 21 och
620 898 160 28 förvaltningen
796 899 25 22 af
832 898 106 22 Finlands

186 932 66 28 bank,
274 936 56 20 samt
349 933 42 26 2:o,
413 932 80 29 nådiga
511 932 162 28 propositionen
692 932 45 23 N:o
752 933 34 26 45,
808 940 35 15 om
862 936 75 25 nyttan

187 966 41 23 och
252 966 104 22 behofvet
378 967 24 20 af
422 966 98 23 enskilda
542 966 81 22 banker
646 966 47 21 med
713 966 226 29 sedelutgifningsrätt

186 1004 56 20 samt
257 1000 111 29 angående
384 1000 99 24 vilkoren
499 1001 33 22 för
546 1000 123 23 inrättande
684 1000 25 23 af
721 1000 98 24 enskilda
835 1001 81 22 banker
931 1002 6 21 i

186 1034 126 28 allmänhet;
335 1035 113 22 äfvensom
471 1034 73 24 vidare
562 1035 37 21 två
617 1034 80 28 utdrag
711 1035 25 22 af
749 1034 98 23 bemälda
860 1035 77 22 stånds

186 1069 171 31 pleniprotokoll
378 1070 24 22 af
414 1069 42 21 den
472 1070 12 22 7
499 1069 7 21 i
521 1068 69 24 denne
605 1068 84 27 månad,
705 1068 114 22 utvisande
834 1072 32 18 att
880 1069 58 22 stän-

185 1103 39 24 det
245 1104 59 21 såväl
328 1103 98 29 godkänt
444 1104 153 28 lagutskottets
617 1103 136 23 betänkande
768 1102 44 24 N:o
828 1103 34 27 23,
878 1104 58 21 inne-

186 1137 96 25 fattande
305 1138 83 28 förslag
410 1138 33 21 till
462 1137 208 29 sammanjemkning
689 1138 25 21 af
730 1137 27 21 de
777 1137 76 25 beslut,
875 1137 61 23 hvari

185 1172 27 24 de
239 1172 108 24 särskilda
372 1172 136 23 riksständen
534 1175 87 19 stannat
643 1172 7 22 i
672 1172 118 28 anledning
814 1172 25 22 af
858 1172 78 28 nädiga

185 1207 166 31 propositionen
376 1206 45 24 N:o
450 1208 22 25 1,
497 1206 110 28 angäende
633 1206 58 28 ogift
716 1206 90 29 gvinnas
833 1206 102 28 myndig-

185 1241 37 24 het
245 1241 35 23 vid
303 1241 45 21 viss
366 1240 67 27 älder,
452 1248 46 14 som
517 1241 63 21 äfven
601 1240 61 28 gillat
681 1240 254 28 expeditionsutskottets

184 1275 83 29 förslag
285 1275 34 21 till
337 1274 114 23 redaktion
467 1275 24 21 af
503 1274 125 22 ständernes
644 1274 149 28 underdäniga
808 1282 49 14 svar
872 1275 12 20 ä
900 1275 36 21 nä-

184 1309 53 28 diga
249 1309 172 30 propositionen,
436 1309 111 29 angäende
561 1308 94 22 revision
671 1309 25 21 af
708 1308 41 22 den
765 1309 76 27 genom
858 1309 89 28 nädiga'

184 1344 124 22 manifestet
325 1343 42 23 den
382 1344 13 20 9
411 1343 55 28 april
483 1343 54 23 1840
551 1343 106 28 stadgade
677 1343 132 28 omsättning
828 1344 24 20 af
867 1344 69 22 ränte-

185 1377 137 32 persedlarne
338 1376 6 22 i
359 1377 84 26 landet;
466 1377 41 23 och
521 1377 70 23 skulle
606 1377 63 23 dessa
684 1380 107 18 transumt
806 1378 40 21 och
862 1382 73 25 proto-

184 1411 145 29 kollsutdrag,
348 1411 74 23 hvilka
441 1412 47 20 icke
507 1411 126 24 föranledde
652 1411 34 23 till
702 1411 74 22 vidare
792 1411 82 29 åtgärd,
891 1411 45 32 läg-

184 1453 38 22 kas
238 1446 32 24 till
286 1426 97 44 ståndets
400 1445 133 30 handlingar,
