1039 1773
776 142 40 21 385

96 211 154 27 förrättningar
267 210 104 22 likasåväl
390 209 72 23 kunna
477 208 98 30 försiggå
589 209 75 22 endast
678 210 59 21 inför
752 210 91 29 skepps-

97 245 190 27 ombudsmännen,
305 244 73 21 hvilka
396 245 64 21 äfven
479 244 34 25 för
528 244 131 21 närvarande
674 244 49 21 föra
737 245 106 21 mönster-

97 279 67 21 rullor
184 279 62 21 öfver
268 278 267 29 fartygsbesättningarne,
553 281 57 18 samt
627 285 62 14 anser
708 278 135 22 fördenskull

97 316 31 18 att
150 314 92 21 nämnda
263 312 113 30 sysslande
393 312 117 28 lämpligen
529 312 79 27 kunde,
626 312 47 21 med
689 312 155 28 upphäfvande

97 348 24 20 af
140 347 284 28 mönstringsskyldigheten
447 346 57 22 inför
526 346 119 28 magistrat,
663 349 56 18 samt
737 346 33 21 till
790 347 54 28 följd

97 381 60 22 deraf
172 382 41 20 ock
229 382 24 20 af
264 382 182 28 magistratspass,
461 381 12 21 å
484 380 265 28 skeppsombudsmännen
761 388 83 14 ensam-

98 423 33 13 me
147 415 140 29 öfverflyttas.
789 432 6 11 4

165 467 41 21 2:0.
237 466 159 30 Skyldigheten
413 467 33 21 för
461 465 112 23 inhemska
588 466 89 29 sjömän,
692 474 47 14 som
751 467 47 22 frän
811 470 33 19 ut-

99 501 57 22 rikes
168 504 34 18 ort
216 501 34 21 till
265 501 83 21 landets
363 501 73 21 städer
450 501 93 28 sjöledes
555 501 138 27 äterkomma,
706 504 31 18 att
748 501 97 29 undergä

98 535 203 29 läkarebesigtning.
332 534 155 29 Stadgandena
498 535 74 20 härom
584 534 113 22 äterfinnas
709 535 7 21 i
729 535 116 29 kejserliga

98 569 88 22 brefven
201 569 41 22 den
258 570 25 20 12
298 569 94 22 februari
408 569 61 27 1811,
485 569 40 21 den
541 569 12 20 9
569 569 55 28 april
641 569 53 21 1839
711 569 39 21 och
768 569 25 21 15
809 569 36 22 de-

97 603 85 22 cember
198 604 53 21 1847
267 607 54 18 samt
335 604 7 20 i
358 603 139 28 reglementet
508 603 33 21 för
553 603 209 28 tulltjenstemännen
774 604 6 21 i
793 603 51 22 Fin-

99 638 50 21 land
165 638 24 21 af
201 638 41 21 den
257 638 27 21 28
299 639 40 27 maj
357 637 61 21 1839.
447 637 168 22 Bibehällandet
629 637 24 22 af
665 637 63 22 dessa
743 638 102 28 stadgan-

99 671 48 28 den,
162 672 74 21 hvilka
250 672 107 28 päbjudits
373 672 33 21 för
422 675 30 18 att
467 671 76 22 hindra
559 671 118 22 smittosam
689 671 112 29 sjukdoms
813 673 32 20 in-

99 706 89 21 förande
210 707 7 20 i
239 705 78 28 landet,
340 713 63 21 synes
426 713 51 14 vara
495 706 102 28 temligen
616 705 162 28 ändamälslöst,
794 707 51 21 enär

99 740 48 22 icke
165 741 90 20 allenast
273 740 174 28 besättningarne
462 740 13 21 ä
490 740 116 21 utländska
621 741 72 28 fartyg
708 741 40 20 och
764 741 81 28 ängbä-

99 778 33 17 tar
151 778 55 18 samt
224 774 65 22 andra
308 775 219 28 passagerarefartyg,
546 774 111 22 äfvensom
676 775 12 21 ä
703 775 43 21 alla
761 775 26 22 de
802 775 44 22 far-

99 808 80 28 koster,
197 816 45 14 som
261 809 73 28 inlöpa
348 809 7 21 i
370 809 156 27 landthamnar,
542 809 37 21 äro
595 809 46 21 frän
656 809 151 29 undergäende
823 810 25 21 af

99 843 66 21 sädan
188 843 123 29 besigtning
333 843 121 27 frikallade,
475 847 52 18 utan
546 844 42 21 ock
606 844 28 20 all
649 843 86 28 militär,
751 851 46 14 som
813 844 33 21 hit

99 877 109 27 anländer,
230 876 90 23 likasom
340 878 62 21 äfven
422 877 71 29 öfriga
511 885 108 21 personer,
635 877 74 22 hvilka
723 878 34 21 till
772 878 74 22 landet

99 912 121 21 ankomma.
257 911 82 29 =Sjelfva
358 912 156 28 förrättningen
533 913 24 20 är
575 912 68 21 likväl
657 912 7 21 i
679 912 117 22 allmänhet
812 914 34 20 för

99 945 27 22 de
143 946 69 21 finske
230 947 125 27 sjömännen
374 946 71 28 vidrig
460 947 40 20 och
517 946 158 28 motbjudande,
691 949 56 18 samt
761 947 85 21 medför

99 980 109 21 dessutom
224 981 33 20 för
272 980 47 21 dem
335 988 25 13 en
375 980 73 28 utgift,
463 988 46 14 som
525 980 37 22 vid
577 981 64 21 ofvan
655 980 95 28 antydda
766 981 80 21 förhäl-

99 1014 78 21 landen
192 1008 42 27 kan
250 1014 108 22 betraktas
374 1014 69 22 säsom
460 1014 43 22 helt
519 1015 40 21 och
575 1015 66 21 hället
656 1015 93 29 onyttig.

167 1066 41 20 3:0.
237 1064 36 22 Nu
296 1065 100 29 gällande
418 1065 73 29 påbud
513 1073 34 14 om
571 1066 108 28 förnyelse
697 1066 26 21 af
738 1066 108 22 certifikat

100 1100 62 20 öfver
180 1099 151 29 egandetätten
351 1100 31 20 till
402 1099 79 29 fartyg.
519 1098 116 24 Certifikat
653 1100 52 22 eller
723 1100 122 22 helfrihets-

101 1134 48 21 bref
162 1134 75 27 skulle,
252 1134 67 28 enligt
336 1134 39 20 133
390 1134 12 28 &
418 1134 7 21 i
436 1134 123 28 äberopade
570 1133 216 30 seglationsordning,
799 1135 46 27 gäl-

99 1168 22 20 la
133 1168 66 21 under
214 1168 80 21 utrikes
310 1169 81 27 sjöresa
407 1169 33 20 för
455 1171 31 18 ett
501 1169 22 21 är
539 1169 41 21 och
597 1168 65 22 under
676 1176 55 20 resa,
747 1176 45 13 som
808 1176 37 13 va-

99 1202 52 21 rade
166 1203 60 20 öfver
241 1206 30 17 ett
285 1202 23 21 är
323 1203 63 20 innan
403 1203 94 28 fartyget
511 1204 33 20 till
558 1203 109 21 hemorten
678 1203 103 26 äterkom,
792 1203 54 21 eller

99 1244 46 13 som
161 1238 95 26 företogs
272 1237 56 21 inom
344 1240 30 18 ett
388 1237 24 21 är
427 1238 54 20 efter
492 1237 139 21 certifikatets
642 1236 138 26 utfärdande;
796 1244 47 13 men

99 1270 6 21 i
128 1270 70 28 grund
220 1272 24 20 af
262 1271 115 28 kejserliga
399 1271 155 29 förordningen
573 1271 42 21 den
633 1271 26 21 27
678 1272 41 28 maj
737 1271 53 21 1856
806 1272 38 20 äro

99 1304 163 22 heltrihetsbref
277 1305 99 29 gällande
396 1306 34 20 för
444 1308 32 18 tre
492 1306 23 20 är
530 1309 55 17 samt
601 1306 52 20 böra
667 1305 37 21 vid
719 1304 67 29 sagde
800 1304 44 22 tids

100 1339 82 28 utgäng
204 1340 94 27 förnyas.
334 1338 53 22 Med
406 1340 192 28 fartygscertifikat
616 1340 52 21 eller
683 1339 83 28 fribref,
781 1339 64 21 hvar-

99 1373 48 21 med
157 1373 219 29 -landtmannafartyg
395 1374 89 21 alldeles
499 1374 48 21 icke
561 1374 94 22 behöfva
669 1381 52 14 vara
736 1373 110 27 försedda,

99 1407 57 21 afses
180 1407 186 29 hufvudsakligast
387 1408 128 28 styrkandet
537 1408 25 21 af
582 1407 153 29 eganderätten
757 1407 33 21 till
808 1407 38 21 det

99 1442 79 27 fartyg,
201 1442 33 20 för
256 1441 82 21 hvilket
360 1441 129 22 certifikatet
507 1442 104 26 utfärdas,
629 1442 40 21 och
688 1442 78 21 sädant
780 1448 66 21 synes

126 1491 64 23 Vällofi.
200 1491 139 24 burgareständets
344 1493 82 22 protokoll
436 1493 100 23 landtdagen
546 1491 120 19 1863--1864
679 1493 28 17 3:e
714 1493 19 17 B.
790 1488 26 20 25
