<?xml version="1.0" encoding="UTF-8"?>
<alto xmlns="http://www.loc.gov/standards/alto/ns-v3#" xmlns:xlink="http://www.w3.org/1999/xlink" xmlns:xsi="http://www.w3.org/2001/XMLSchema-instance" xsi:schemaLocation="http://www.loc.gov/standards/alto/ns-v3# http://www.loc.gov/alto/v3/alto-3-0.xsd">
	<Description>
		<MeasurementUnit>pixel</MeasurementUnit>
		<sourceImageInformation>
			<fileName>/tmp/tess_g04abpbp_input.PNG</fileName>
		</sourceImageInformation>
		<OCRProcessing ID="OCR_0">
			<ocrProcessingStep>
				<processingSoftware>
					<softwareName>tesseract 5.3.4</softwareName>
				</processingSoftware>
			</ocrProcessingStep>
		</OCRProcessing>
	</Description>
	<Layout>
		<Page WIDTH="1039" HEIGHT="1773" PHYSICAL_IMG_NR="0" ID="page_0">
			<PrintSpace HPOS="0" VPOS="0" WIDTH="1039" HEIGHT="1773">
				<ComposedBlock ID="cblock_0" HPOS="780" VPOS="127" WIDTH="41" HEIGHT="21">
					<TextBlock ID="block_0" HPOS="780" VPOS="127" WIDTH="41" HEIGHT="21">
						<TextLine ID="line_0" HPOS="780" VPOS="127" WIDTH="41" HEIGHT="21">
							<String ID="string_0" HPOS="780" VPOS="127" WIDTH="41" HEIGHT="21" WC="0.95" CONTENT="309"/>
						</TextLine>
					</TextBlock>
				</ComposedBlock>
				<ComposedBlock ID="cblock_1" HPOS="100" VPOS="185" WIDTH="758" HEIGHT="1279">
					<TextBlock ID="block_1" HPOS="100" VPOS="185" WIDTH="754" HEIGHT="369">
						<TextLine ID="line_1" HPOS="100" VPOS="185" WIDTH="750" HEIGHT="34">
							<String ID="string_1" HPOS="100" VPOS="192" WIDTH="33" HEIGHT="20" WC="0.96" CONTENT="för"/><SP WIDTH="15" VPOS="192" HPOS="133"/>
							<String ID="string_2" HPOS="148" VPOS="189" WIDTH="80" HEIGHT="30" WC="0.96" CONTENT="knäpp,"/><SP WIDTH="16" VPOS="189" HPOS="228"/>
							<String ID="string_3" HPOS="244" VPOS="188" WIDTH="114" HEIGHT="24" WC="0.14" CONTENT="hvaremot"/><SP WIDTH="16" VPOS="188" HPOS="358"/>
							<String ID="string_4" HPOS="374" VPOS="194" WIDTH="70" HEIGHT="18" WC="0.36" CONTENT="stater"/><SP WIDTH="16" VPOS="194" HPOS="444"/>
							<String ID="string_5" HPOS="460" VPOS="189" WIDTH="55" HEIGHT="23" WC="0.49" CONTENT="lider"/><SP WIDTH="15" VPOS="189" HPOS="515"/>
							<String ID="string_6" HPOS="530" VPOS="185" WIDTH="91" HEIGHT="33" WC="0.91" CONTENT="mindre,"/><SP WIDTH="13" VPOS="185" HPOS="621"/>
							<String ID="string_7" HPOS="634" VPOS="193" WIDTH="35" HEIGHT="19" WC="0.81" CONTENT="oti"/><SP WIDTH="12" VPOS="193" HPOS="669"/>
							<String ID="string_8" HPOS="681" VPOS="188" WIDTH="42" HEIGHT="24" WC="0.94" CONTENT="ock"/><SP WIDTH="12" VPOS="188" HPOS="723"/>
							<String ID="string_9" HPOS="735" VPOS="188" WIDTH="70" HEIGHT="25" WC="0.93" CONTENT="denna"/><SP WIDTH="12" VPOS="188" HPOS="805"/>
							<String ID="string_10" HPOS="817" VPOS="199" WIDTH="33" HEIGHT="14" WC="0.93" CONTENT="er-"/>
						</TextLine>
						<TextLine ID="line_2" HPOS="101" VPOS="224" WIDTH="749" HEIGHT="30">
							<String ID="string_11" HPOS="101" VPOS="226" WIDTH="97" HEIGHT="28" WC="0.92" CONTENT="sättning"/><SP WIDTH="16" VPOS="226" HPOS="198"/>
							<String ID="string_12" HPOS="214" VPOS="225" WIDTH="71" HEIGHT="22" WC="0.92" CONTENT="blefve"/><SP WIDTH="15" VPOS="225" HPOS="285"/>
							<String ID="string_13" HPOS="300" VPOS="226" WIDTH="68" HEIGHT="27" WC="0.96" CONTENT="något"/><SP WIDTH="11" VPOS="226" HPOS="368"/>
							<String ID="string_14" HPOS="379" VPOS="226" WIDTH="35" HEIGHT="20" WC="0.96" CONTENT="för"/><SP WIDTH="12" VPOS="226" HPOS="414"/>
							<String ID="string_15" HPOS="426" VPOS="225" WIDTH="61" HEIGHT="28" WC="0.96" CONTENT="dryg."/><SP WIDTH="24" VPOS="225" HPOS="487"/>
							<String ID="string_16" HPOS="511" VPOS="224" WIDTH="36" HEIGHT="22" WC="0.95" CONTENT="Då"/><SP WIDTH="13" VPOS="224" HPOS="547"/>
							<String ID="string_17" HPOS="560" VPOS="224" WIDTH="120" HEIGHT="22" WC="0.96" CONTENT="emellertid"/><SP WIDTH="12" VPOS="224" HPOS="680"/>
							<String ID="string_18" HPOS="692" VPOS="225" WIDTH="27" HEIGHT="21" WC="0.97" CONTENT="de"/><SP WIDTH="12" VPOS="225" HPOS="719"/>
							<String ID="string_19" HPOS="731" VPOS="226" WIDTH="37" HEIGHT="21" WC="0.96" CONTENT="två"/><SP WIDTH="10" VPOS="226" HPOS="768"/>
							<String ID="string_20" HPOS="778" VPOS="226" WIDTH="72" HEIGHT="26" WC="0.96" CONTENT="stånd,"/>
						</TextLine>
						<TextLine ID="line_3" HPOS="101" VPOS="259" WIDTH="749" HEIGHT="29">
							<String ID="string_21" HPOS="101" VPOS="259" WIDTH="107" HEIGHT="29" WC="0.90" CONTENT="nemligen"/><SP WIDTH="23" VPOS="259" HPOS="208"/>
							<String ID="string_22" HPOS="231" VPOS="259" WIDTH="153" HEIGHT="28" WC="0.96" CONTENT="ridderskapet"/><SP WIDTH="22" VPOS="259" HPOS="384"/>
							<String ID="string_23" HPOS="406" VPOS="259" WIDTH="41" HEIGHT="21" WC="0.94" CONTENT="och"/><SP WIDTH="20" VPOS="259" HPOS="447"/>
							<String ID="string_24" HPOS="467" VPOS="259" WIDTH="63" HEIGHT="21" WC="0.96" CONTENT="adeln"/><SP WIDTH="20" VPOS="259" HPOS="530"/>
							<String ID="string_25" HPOS="550" VPOS="262" WIDTH="56" HEIGHT="18" WC="0.93" CONTENT="samt"/><SP WIDTH="19" VPOS="262" HPOS="606"/>
							<String ID="string_26" HPOS="625" VPOS="260" WIDTH="167" HEIGHT="27" WC="0.91" CONTENT="prösteständet,"/><SP WIDTH="16" VPOS="260" HPOS="792"/>
							<String ID="string_27" HPOS="808" VPOS="260" WIDTH="42" HEIGHT="21" WC="0.96" CONTENT="hos"/>
						</TextLine>
						<TextLine ID="line_4" HPOS="101" VPOS="293" WIDTH="750" HEIGHT="29">
							<String ID="string_28" HPOS="101" VPOS="293" WIDTH="73" HEIGHT="22" WC="0.95" CONTENT="hvilka"/><SP WIDTH="20" VPOS="293" HPOS="174"/>
							<String ID="string_29" HPOS="194" VPOS="294" WIDTH="88" HEIGHT="21" WC="0.92" CONTENT="ärendet"/><SP WIDTH="15" VPOS="294" HPOS="282"/>
							<String ID="string_30" HPOS="297" VPOS="294" WIDTH="66" HEIGHT="20" WC="0.96" CONTENT="redan"/><SP WIDTH="16" VPOS="294" HPOS="363"/>
							<String ID="string_31" HPOS="379" VPOS="293" WIDTH="33" HEIGHT="21" WC="0.96" CONTENT="till"/><SP WIDTH="16" VPOS="293" HPOS="412"/>
							<String ID="string_32" HPOS="428" VPOS="294" WIDTH="75" HEIGHT="28" WC="0.96" CONTENT="slutlig"/><SP WIDTH="17" VPOS="294" HPOS="503"/>
							<String ID="string_33" HPOS="520" VPOS="293" WIDTH="133" HEIGHT="29" WC="0.66" CONTENT="behandling"/><SP WIDTH="15" VPOS="293" HPOS="653"/>
							<String ID="string_34" HPOS="668" VPOS="294" WIDTH="111" HEIGHT="27" WC="0.92" CONTENT="förevarit,"/><SP WIDTH="16" VPOS="294" HPOS="779"/>
							<String ID="string_35" HPOS="795" VPOS="297" WIDTH="56" HEIGHT="18" WC="0.93" CONTENT="utta-"/>
						</TextLine>
						<TextLine ID="line_5" HPOS="101" VPOS="328" WIDTH="750" HEIGHT="28">
							<String ID="string_36" HPOS="101" VPOS="328" WIDTH="30" HEIGHT="20" WC="0.95" CONTENT="lat"/><SP WIDTH="19" VPOS="328" HPOS="131"/>
							<String ID="string_37" HPOS="150" VPOS="328" WIDTH="33" HEIGHT="28" WC="0.92" CONTENT="sig"/><SP WIDTH="20" VPOS="328" HPOS="183"/>
							<String ID="string_38" HPOS="203" VPOS="328" WIDTH="33" HEIGHT="21" WC="0.96" CONTENT="för"/><SP WIDTH="19" VPOS="328" HPOS="236"/>
							<String ID="string_39" HPOS="255" VPOS="328" WIDTH="41" HEIGHT="20" WC="0.91" CONTENT="den"/><SP WIDTH="16" VPOS="328" HPOS="296"/>
							<String ID="string_40" HPOS="312" VPOS="328" WIDTH="64" HEIGHT="27" WC="0.91" CONTENT="åsigt,"/><SP WIDTH="15" VPOS="328" HPOS="376"/>
							<String ID="string_41" HPOS="391" VPOS="331" WIDTH="32" HEIGHT="17" WC="0.96" CONTENT="att"/><SP WIDTH="15" VPOS="331" HPOS="423"/>
							<String ID="string_42" HPOS="438" VPOS="328" WIDTH="78" HEIGHT="21" WC="0.96" CONTENT="endast"/><SP WIDTH="15" VPOS="328" HPOS="516"/>
							<String ID="string_43" HPOS="531" VPOS="328" WIDTH="40" HEIGHT="20" WC="0.96" CONTENT="full"/><SP WIDTH="16" VPOS="328" HPOS="571"/>
							<String ID="string_44" HPOS="587" VPOS="328" WIDTH="128" HEIGHT="28" WC="0.95" CONTENT="ersättning;"/><SP WIDTH="16" VPOS="328" HPOS="715"/>
							<String ID="string_45" HPOS="731" VPOS="336" WIDTH="49" HEIGHT="13" WC="0.96" CONTENT="men"/><SP WIDTH="15" VPOS="336" HPOS="780"/>
							<String ID="string_46" HPOS="795" VPOS="328" WIDTH="56" HEIGHT="22" WC="0.96" CONTENT="intet"/>
						</TextLine>
						<TextLine ID="line_6" HPOS="101" VPOS="361" WIDTH="749" HEIGHT="29">
							<String ID="string_47" HPOS="101" VPOS="362" WIDTH="132" HEIGHT="27" WC="0.88" CONTENT="derutöfver,"/><SP WIDTH="20" VPOS="362" HPOS="233"/>
							<String ID="string_48" HPOS="253" VPOS="362" WIDTH="39" HEIGHT="21" WC="0.96" CONTENT="bör"/><SP WIDTH="17" VPOS="362" HPOS="292"/>
							<String ID="string_49" HPOS="309" VPOS="361" WIDTH="87" HEIGHT="21" WC="0.96" CONTENT="tillfalla"/><SP WIDTH="19" VPOS="361" HPOS="396"/>
							<String ID="string_50" HPOS="415" VPOS="361" WIDTH="49" HEIGHT="27" WC="0.96" CONTENT="den;"/><SP WIDTH="17" VPOS="361" HPOS="464"/>
							<String ID="string_51" HPOS="481" VPOS="367" WIDTH="46" HEIGHT="16" WC="0.94" CONTENT="som"/><SP WIDTH="14" VPOS="367" HPOS="527"/>
							<String ID="string_52" HPOS="541" VPOS="362" WIDTH="51" HEIGHT="28" WC="0.96" CONTENT="jord"/><SP WIDTH="15" VPOS="362" HPOS="592"/>
							<String ID="string_53" HPOS="607" VPOS="362" WIDTH="53" HEIGHT="21" WC="0.94" CONTENT="eller"/><SP WIDTH="15" VPOS="362" HPOS="660"/>
							<String ID="string_54" HPOS="675" VPOS="362" WIDTH="72" HEIGHT="28" WC="0.96" CONTENT="grund"/><SP WIDTH="15" VPOS="362" HPOS="747"/>
							<String ID="string_55" HPOS="762" VPOS="362" WIDTH="34" HEIGHT="21" WC="0.93" CONTENT="till"/><SP WIDTH="15" VPOS="362" HPOS="796"/>
							<String ID="string_56" HPOS="811" VPOS="362" WIDTH="39" HEIGHT="21" WC="0.92" CONTENT="all-"/>
						</TextLine>
						<TextLine ID="line_7" HPOS="101" VPOS="396" WIDTH="749" HEIGHT="28">
							<String ID="string_57" HPOS="101" VPOS="398" WIDTH="60" HEIGHT="20" WC="0.88" CONTENT="mänt"/><SP WIDTH="19" VPOS="398" HPOS="161"/>
							<String ID="string_58" HPOS="180" VPOS="396" WIDTH="66" HEIGHT="22" WC="0.88" CONTENT="behof"/><SP WIDTH="13" VPOS="396" HPOS="246"/>
							<String ID="string_59" HPOS="259" VPOS="396" WIDTH="81" HEIGHT="27" WC="0.88" CONTENT="afstått;"/><SP WIDTH="16" VPOS="396" HPOS="340"/>
							<String ID="string_60" HPOS="356" VPOS="404" WIDTH="64" HEIGHT="13" WC="0.96" CONTENT="anser"/><SP WIDTH="13" VPOS="404" HPOS="420"/>
							<String ID="string_61" HPOS="433" VPOS="397" WIDTH="38" HEIGHT="27" WC="0.96" CONTENT="jag"/><SP WIDTH="16" VPOS="397" HPOS="471"/>
							<String ID="string_62" HPOS="487" VPOS="399" WIDTH="32" HEIGHT="17" WC="0.96" CONTENT="att"/><SP WIDTH="14" VPOS="399" HPOS="519"/>
							<String ID="string_63" HPOS="533" VPOS="397" WIDTH="65" HEIGHT="20" WC="0.91" CONTENT="äfven"/><SP WIDTH="18" VPOS="397" HPOS="598"/>
							<String ID="string_64" HPOS="616" VPOS="396" WIDTH="186" HEIGHT="28" WC="0.91" CONTENT="borgareståndet,"/><SP WIDTH="16" VPOS="396" HPOS="802"/>
							<String ID="string_65" HPOS="818" VPOS="396" WIDTH="32" HEIGHT="22" WC="0.96" CONTENT="till"/>
						</TextLine>
						<TextLine ID="line_8" HPOS="102" VPOS="429" WIDTH="749" HEIGHT="29">
							<String ID="string_66" HPOS="102" VPOS="430" WIDTH="138" HEIGHT="21" WC="0.50" CONTENT="öndvikande"/><SP WIDTH="23" VPOS="430" HPOS="240"/>
							<String ID="string_67" HPOS="263" VPOS="430" WIDTH="23" HEIGHT="20" WC="0.92" CONTENT="af"/><SP WIDTH="20" VPOS="430" HPOS="286"/>
							<String ID="string_68" HPOS="306" VPOS="429" WIDTH="116" HEIGHT="29" WC="0.91" CONTENT="stridighet"/><SP WIDTH="19" VPOS="429" HPOS="422"/>
							<String ID="string_69" HPOS="441" VPOS="430" WIDTH="6" HEIGHT="20" WC="0.93" CONTENT="i"/><SP WIDTH="20" VPOS="430" HPOS="447"/>
							<String ID="string_70" HPOS="467" VPOS="429" WIDTH="103" HEIGHT="22" WC="0.92" CONTENT="ståndens"/><SP WIDTH="20" VPOS="429" HPOS="570"/>
							<String ID="string_71" HPOS="590" VPOS="429" WIDTH="78" HEIGHT="28" WC="0.95" CONTENT="beslut;"/><SP WIDTH="20" VPOS="429" HPOS="668"/>
							<String ID="string_72" HPOS="688" VPOS="430" WIDTH="67" HEIGHT="22" WC="0.96" CONTENT="borde"/><SP WIDTH="20" VPOS="430" HPOS="755"/>
							<String ID="string_73" HPOS="775" VPOS="432" WIDTH="76" HEIGHT="20" WC="0.96" CONTENT="förena"/>
						</TextLine>
						<TextLine ID="line_9" HPOS="102" VPOS="463" WIDTH="748" HEIGHT="29">
							<String ID="string_74" HPOS="102" VPOS="465" WIDTH="35" HEIGHT="27" WC="0.95" CONTENT="sig"/><SP WIDTH="18" VPOS="465" HPOS="137"/>
							<String ID="string_75" HPOS="155" VPOS="472" WIDTH="35" HEIGHT="13" WC="0.90" CONTENT="om"/><SP WIDTH="19" VPOS="472" HPOS="190"/>
							<String ID="string_76" HPOS="209" VPOS="464" WIDTH="156" HEIGHT="21" WC="0.90" CONTENT="förstbemälda"/><SP WIDTH="15" VPOS="464" HPOS="365"/>
							<String ID="string_77" HPOS="380" VPOS="463" WIDTH="36" HEIGHT="21" WC="0.93" CONTENT="två"/><SP WIDTH="16" VPOS="463" HPOS="416"/>
							<String ID="string_78" HPOS="432" VPOS="463" WIDTH="75" HEIGHT="22" WC="0.90" CONTENT="stånds"/><SP WIDTH="16" VPOS="463" HPOS="507"/>
							<String ID="string_79" HPOS="523" VPOS="465" WIDTH="233" HEIGHT="21" WC="0.91" CONTENT="sammanstämmande"/><SP WIDTH="16" VPOS="465" HPOS="756"/>
							<String ID="string_80" HPOS="772" VPOS="465" WIDTH="78" HEIGHT="27" WC="0.96" CONTENT="beslut;"/>
						</TextLine>
						<TextLine ID="line_10" HPOS="103" VPOS="498" WIDTH="751" HEIGHT="29">
							<String ID="string_81" HPOS="103" VPOS="499" WIDTH="6" HEIGHT="20" WC="0.96" CONTENT="i"/><SP WIDTH="20" VPOS="499" HPOS="109"/>
							<String ID="string_82" HPOS="129" VPOS="498" WIDTH="97" HEIGHT="29" WC="0.93" CONTENT="enlighet"/><SP WIDTH="18" VPOS="498" HPOS="226"/>
							<String ID="string_83" HPOS="244" VPOS="498" WIDTH="103" HEIGHT="21" WC="0.92" CONTENT="hvarmed"/><SP WIDTH="17" VPOS="498" HPOS="347"/>
							<String ID="string_84" HPOS="364" VPOS="499" WIDTH="12" HEIGHT="27" WC="0.92" CONTENT="&amp;"/><SP WIDTH="14" VPOS="499" HPOS="376"/>
							<String ID="string_85" HPOS="390" VPOS="499" WIDTH="12" HEIGHT="19" WC="0.77" CONTENT="1"/><SP WIDTH="19" VPOS="499" HPOS="402"/>
							<String ID="string_86" HPOS="421" VPOS="498" WIDTH="69" HEIGHT="21" WC="0.93" CONTENT="skulle"/><SP WIDTH="16" VPOS="498" HPOS="490"/>
							<String ID="string_87" HPOS="506" VPOS="501" WIDTH="90" HEIGHT="25" WC="0.92" CONTENT="antagas"/><SP WIDTH="17" VPOS="501" HPOS="596"/>
							<String ID="string_88" HPOS="613" VPOS="498" WIDTH="48" HEIGHT="21" WC="0.96" CONTENT="med"/><SP WIDTH="16" VPOS="498" HPOS="661"/>
							<String ID="string_89" HPOS="677" VPOS="499" WIDTH="137" HEIGHT="21" WC="0.96" CONTENT="uteslutande"/><SP WIDTH="15" VPOS="499" HPOS="814"/>
							<String ID="string_90" HPOS="829" VPOS="499" WIDTH="25" HEIGHT="20" WC="0.96" CONTENT="af"/>
						</TextLine>
						<TextLine ID="line_11" HPOS="102" VPOS="532" WIDTH="517" HEIGHT="22">
							<String ID="string_91" HPOS="102" VPOS="533" WIDTH="27" HEIGHT="20" WC="0.96" CONTENT="de"/><SP WIDTH="16" VPOS="533" HPOS="129"/>
							<String ID="string_92" HPOS="145" VPOS="533" WIDTH="54" HEIGHT="21" WC="0.96" CONTENT="sista"/><SP WIDTH="15" VPOS="533" HPOS="199"/>
							<String ID="string_93" HPOS="214" VPOS="532" WIDTH="77" HEIGHT="22" WC="0.92" CONTENT="orden:"/><SP WIDTH="16" VPOS="532" HPOS="291"/>
							<String ID="string_94" HPOS="307" VPOS="533" WIDTH="53" HEIGHT="20" WC="0.89" CONTENT="”och"/><SP WIDTH="16" VPOS="533" HPOS="360"/>
							<String ID="string_95" HPOS="376" VPOS="532" WIDTH="83" HEIGHT="21" WC="0.93" CONTENT="hälften"/><SP WIDTH="16" VPOS="532" HPOS="459"/>
							<String ID="string_96" HPOS="475" VPOS="532" WIDTH="144" HEIGHT="21" WC="0.82" CONTENT="derutöfver;”"/>
						</TextLine>
					</TextBlock>
					<TextBlock ID="block_2" HPOS="101" VPOS="571" WIDTH="753" HEIGHT="545">
						<TextLine ID="line_12" HPOS="170" VPOS="571" WIDTH="681" HEIGHT="30">
							<String ID="string_97" HPOS="170" VPOS="573" WIDTH="58" HEIGHT="21" WC="0.93" CONTENT="Herr"/><SP WIDTH="14" VPOS="573" HPOS="228"/>
							<String ID="string_98" HPOS="242" VPOS="572" WIDTH="98" HEIGHT="21" WC="0.91" CONTENT="Mölsä:"/><SP WIDTH="37" VPOS="572" HPOS="340"/>
							<String ID="string_99" HPOS="377" VPOS="572" WIDTH="44" HEIGHT="29" WC="0.95" CONTENT="Jag"/><SP WIDTH="22" VPOS="572" HPOS="421"/>
							<String ID="string_100" HPOS="443" VPOS="571" WIDTH="70" HEIGHT="22" WC="0.96" CONTENT="finner"/><SP WIDTH="21" VPOS="571" HPOS="513"/>
							<String ID="string_101" HPOS="534" VPOS="573" WIDTH="45" HEIGHT="28" WC="0.92" CONTENT="mig"/><SP WIDTH="22" VPOS="573" HPOS="579"/>
							<String ID="string_102" HPOS="601" VPOS="572" WIDTH="102" HEIGHT="27" WC="0.92" CONTENT="deremot;"/><SP WIDTH="24" VPOS="572" HPOS="703"/>
							<String ID="string_103" HPOS="727" VPOS="573" WIDTH="124" HEIGHT="22" WC="0.92" CONTENT="oberoende"/>
						</TextLine>
						<TextLine ID="line_13" HPOS="103" VPOS="606" WIDTH="748" HEIGHT="27">
							<String ID="string_104" HPOS="103" VPOS="607" WIDTH="63" HEIGHT="22" WC="0.96" CONTENT="deraf"/><SP WIDTH="12" VPOS="607" HPOS="166"/>
							<String ID="string_105" HPOS="178" VPOS="611" WIDTH="32" HEIGHT="18" WC="0.95" CONTENT="att"/><SP WIDTH="14" VPOS="611" HPOS="210"/>
							<String ID="string_106" HPOS="224" VPOS="607" WIDTH="37" HEIGHT="22" WC="0.95" CONTENT="två"/><SP WIDTH="15" VPOS="607" HPOS="261"/>
							<String ID="string_107" HPOS="276" VPOS="607" WIDTH="64" HEIGHT="22" WC="0.96" CONTENT="stånd"/><SP WIDTH="16" VPOS="607" HPOS="340"/>
							<String ID="string_108" HPOS="356" VPOS="609" WIDTH="86" HEIGHT="19" WC="0.96" CONTENT="stannat"/><SP WIDTH="16" VPOS="609" HPOS="442"/>
							<String ID="string_109" HPOS="458" VPOS="607" WIDTH="6" HEIGHT="20" WC="0.96" CONTENT="i"/><SP WIDTH="16" VPOS="607" HPOS="464"/>
							<String ID="string_110" HPOS="480" VPOS="610" WIDTH="65" HEIGHT="17" WC="0.96" CONTENT="annat"/><SP WIDTH="15" VPOS="610" HPOS="545"/>
							<String ID="string_111" HPOS="560" VPOS="606" WIDTH="78" HEIGHT="27" WC="0.95" CONTENT="beslut,"/><SP WIDTH="13" VPOS="606" HPOS="638"/>
							<String ID="string_112" HPOS="651" VPOS="607" WIDTH="52" HEIGHT="21" WC="0.96" CONTENT="böra"/><SP WIDTH="12" VPOS="607" HPOS="703"/>
							<String ID="string_113" HPOS="715" VPOS="607" WIDTH="88" HEIGHT="22" WC="0.93" CONTENT="förorda"/><SP WIDTH="11" VPOS="607" HPOS="803"/>
							<String ID="string_114" HPOS="814" VPOS="615" WIDTH="37" HEIGHT="13" WC="0.91" CONTENT="an-"/>
						</TextLine>
						<TextLine ID="line_14" HPOS="103" VPOS="641" WIDTH="748" HEIGHT="30">
							<String ID="string_115" HPOS="103" VPOS="641" WIDTH="92" HEIGHT="29" WC="0.96" CONTENT="tagande"/><SP WIDTH="23" VPOS="641" HPOS="195"/>
							<String ID="string_116" HPOS="218" VPOS="642" WIDTH="23" HEIGHT="21" WC="0.96" CONTENT="af"/><SP WIDTH="17" VPOS="642" HPOS="241"/>
							<String ID="string_117" HPOS="258" VPOS="641" WIDTH="118" HEIGHT="22" WC="0.95" CONTENT="utskottets"/><SP WIDTH="22" VPOS="641" HPOS="376"/>
							<String ID="string_118" HPOS="398" VPOS="641" WIDTH="135" HEIGHT="21" WC="0.94" CONTENT="betänkande"/><SP WIDTH="19" VPOS="641" HPOS="533"/>
							<String ID="string_119" HPOS="552" VPOS="641" WIDTH="7" HEIGHT="20" WC="0.96" CONTENT="i"/><SP WIDTH="16" VPOS="641" HPOS="559"/>
							<String ID="string_120" HPOS="575" VPOS="641" WIDTH="71" HEIGHT="22" WC="0.95" CONTENT="denna"/><SP WIDTH="15" VPOS="641" HPOS="646"/>
							<String ID="string_121" HPOS="661" VPOS="641" WIDTH="34" HEIGHT="22" WC="0.96" CONTENT="del"/><SP WIDTH="16" VPOS="641" HPOS="695"/>
							<String ID="string_122" HPOS="711" VPOS="645" WIDTH="52" HEIGHT="18" WC="0.96" CONTENT="utan"/><SP WIDTH="15" VPOS="645" HPOS="763"/>
							<String ID="string_123" HPOS="778" VPOS="642" WIDTH="73" HEIGHT="29" WC="0.96" CONTENT="någon"/>
						</TextLine>
						<TextLine ID="line_15" HPOS="104" VPOS="675" WIDTH="748" HEIGHT="30">
							<String ID="string_124" HPOS="104" VPOS="676" WIDTH="133" HEIGHT="28" WC="0.39" CONTENT="förändring."/><SP WIDTH="37" VPOS="676" HPOS="237"/>
							<String ID="string_125" HPOS="274" VPOS="675" WIDTH="172" HEIGHT="28" WC="0.46" CONTENT="Bestämningen"/><SP WIDTH="23" VPOS="675" HPOS="446"/>
							<String ID="string_126" HPOS="469" VPOS="675" WIDTH="83" HEIGHT="27" WC="0.95" CONTENT="derom,"/><SP WIDTH="18" VPOS="675" HPOS="552"/>
							<String ID="string_127" HPOS="570" VPOS="679" WIDTH="32" HEIGHT="18" WC="0.92" CONTENT="att"/><SP WIDTH="19" VPOS="679" HPOS="602"/>
							<String ID="string_128" HPOS="621" VPOS="676" WIDTH="48" HEIGHT="27" WC="0.95" CONTENT="den;"/><SP WIDTH="19" VPOS="676" HPOS="669"/>
							<String ID="string_129" HPOS="688" VPOS="683" WIDTH="47" HEIGHT="14" WC="0.96" CONTENT="som"/><SP WIDTH="16" VPOS="683" HPOS="735"/>
							<String ID="string_130" HPOS="751" VPOS="677" WIDTH="101" HEIGHT="28" WC="0.95" CONTENT="upplåter"/>
						</TextLine>
						<TextLine ID="line_16" HPOS="101" VPOS="709" WIDTH="751" HEIGHT="29">
							<String ID="string_131" HPOS="101" VPOS="710" WIDTH="51" HEIGHT="27" WC="0.96" CONTENT="jord"/><SP WIDTH="15" VPOS="710" HPOS="152"/>
							<String ID="string_132" HPOS="167" VPOS="710" WIDTH="41" HEIGHT="21" WC="0.96" CONTENT="och"/><SP WIDTH="15" VPOS="710" HPOS="208"/>
							<String ID="string_133" HPOS="223" VPOS="709" WIDTH="71" HEIGHT="29" WC="0.96" CONTENT="grund"/><SP WIDTH="16" VPOS="709" HPOS="294"/>
							<String ID="string_134" HPOS="310" VPOS="709" WIDTH="33" HEIGHT="21" WC="0.96" CONTENT="till"/><SP WIDTH="16" VPOS="709" HPOS="343"/>
							<String ID="string_135" HPOS="359" VPOS="709" WIDTH="89" HEIGHT="21" WC="0.93" CONTENT="allmänt"/><SP WIDTH="16" VPOS="709" HPOS="448"/>
							<String ID="string_136" HPOS="464" VPOS="709" WIDTH="72" HEIGHT="27" WC="0.85" CONTENT="behof;"/><SP WIDTH="17" VPOS="709" HPOS="536"/>
							<String ID="string_137" HPOS="553" VPOS="709" WIDTH="56" HEIGHT="22" WC="0.96" CONTENT="skall"/><SP WIDTH="15" VPOS="709" HPOS="609"/>
							<String ID="string_138" HPOS="624" VPOS="709" WIDTH="81" HEIGHT="22" WC="0.96" CONTENT="erhålla"/><SP WIDTH="15" VPOS="709" HPOS="705"/>
							<String ID="string_139" HPOS="720" VPOS="710" WIDTH="40" HEIGHT="21" WC="0.79" CONTENT="full"/><SP WIDTH="15" VPOS="710" HPOS="760"/>
							<String ID="string_140" HPOS="775" VPOS="711" WIDTH="77" HEIGHT="21" WC="0.0" CONTENT="ersätt"/>
						</TextLine>
						<TextLine ID="line_17" HPOS="103" VPOS="743" WIDTH="749" HEIGHT="29">
							<String ID="string_141" HPOS="103" VPOS="745" WIDTH="53" HEIGHT="27" WC="0.95" CONTENT="ning"/><SP WIDTH="22" VPOS="745" HPOS="156"/>
							<String ID="string_142" HPOS="178" VPOS="743" WIDTH="41" HEIGHT="22" WC="0.96" CONTENT="och"/><SP WIDTH="23" VPOS="743" HPOS="219"/>
							<String ID="string_143" HPOS="242" VPOS="743" WIDTH="81" HEIGHT="22" WC="0.93" CONTENT="hälften"/><SP WIDTH="23" VPOS="743" HPOS="323"/>
							<String ID="string_144" HPOS="346" VPOS="743" WIDTH="131" HEIGHT="27" WC="0.76" CONTENT="derutöfver;"/><SP WIDTH="22" VPOS="743" HPOS="477"/>
							<String ID="string_145" HPOS="499" VPOS="743" WIDTH="59" HEIGHT="22" WC="0.92" CONTENT="afser"/><SP WIDTH="22" VPOS="743" HPOS="558"/>
							<String ID="string_146" HPOS="580" VPOS="745" WIDTH="19" HEIGHT="27" WC="0.96" CONTENT="ej"/><SP WIDTH="20" VPOS="745" HPOS="599"/>
							<String ID="string_147" HPOS="619" VPOS="747" WIDTH="32" HEIGHT="18" WC="0.95" CONTENT="att"/><SP WIDTH="18" VPOS="747" HPOS="651"/>
							<String ID="string_148" HPOS="669" VPOS="744" WIDTH="43" HEIGHT="21" WC="0.96" CONTENT="han"/><SP WIDTH="18" VPOS="744" HPOS="712"/>
							<String ID="string_149" HPOS="730" VPOS="744" WIDTH="40" HEIGHT="21" WC="0.93" CONTENT="bör"/><SP WIDTH="14" VPOS="744" HPOS="770"/>
							<String ID="string_150" HPOS="784" VPOS="744" WIDTH="68" HEIGHT="22" WC="0.86" CONTENT="undfå"/>
						</TextLine>
						<TextLine ID="line_18" HPOS="103" VPOS="777" WIDTH="749" HEIGHT="28">
							<String ID="string_151" HPOS="103" VPOS="786" WIDTH="58" HEIGHT="13" WC="0.96" CONTENT="mera"/><SP WIDTH="21" VPOS="786" HPOS="161"/>
							<String ID="string_152" HPOS="182" VPOS="779" WIDTH="27" HEIGHT="20" WC="0.96" CONTENT="än"/><SP WIDTH="21" VPOS="779" HPOS="209"/>
							<String ID="string_153" HPOS="230" VPOS="778" WIDTH="89" HEIGHT="27" WC="0.96" CONTENT="jordens"/><SP WIDTH="23" VPOS="778" HPOS="319"/>
							<String ID="string_154" HPOS="342" VPOS="777" WIDTH="73" HEIGHT="28" WC="0.95" CONTENT="värde;"/><SP WIDTH="23" VPOS="777" HPOS="415"/>
							<String ID="string_155" HPOS="438" VPOS="781" WIDTH="51" HEIGHT="18" WC="0.96" CONTENT="utan"/><SP WIDTH="20" VPOS="781" HPOS="489"/>
							<String ID="string_156" HPOS="509" VPOS="778" WIDTH="38" HEIGHT="21" WC="0.96" CONTENT="har"/><SP WIDTH="20" VPOS="778" HPOS="547"/>
							<String ID="string_157" HPOS="567" VPOS="778" WIDTH="33" HEIGHT="21" WC="0.96" CONTENT="sin"/><SP WIDTH="20" VPOS="778" HPOS="600"/>
							<String ID="string_158" HPOS="620" VPOS="779" WIDTH="65" HEIGHT="21" WC="0.92" CONTENT="orsak"/><SP WIDTH="15" VPOS="779" HPOS="685"/>
							<String ID="string_159" HPOS="700" VPOS="779" WIDTH="53" HEIGHT="26" WC="0.92" CONTENT="deri;"/><SP WIDTH="16" VPOS="779" HPOS="753"/>
							<String ID="string_160" HPOS="769" VPOS="781" WIDTH="31" HEIGHT="18" WC="0.96" CONTENT="att"/><SP WIDTH="15" VPOS="781" HPOS="800"/>
							<String ID="string_161" HPOS="815" VPOS="779" WIDTH="37" HEIGHT="21" WC="0.96" CONTENT="det"/>
						</TextLine>
						<TextLine ID="line_19" HPOS="104" VPOS="812" WIDTH="749" HEIGHT="29">
							<String ID="string_162" HPOS="104" VPOS="813" WIDTH="46" HEIGHT="20" WC="0.96" CONTENT="ofta"/><SP WIDTH="15" VPOS="813" HPOS="150"/>
							<String ID="string_163" HPOS="165" VPOS="813" WIDTH="41" HEIGHT="20" WC="0.96" CONTENT="blir"/><SP WIDTH="16" VPOS="813" HPOS="206"/>
							<String ID="string_164" HPOS="222" VPOS="812" WIDTH="58" HEIGHT="21" WC="0.96" CONTENT="svårt"/><SP WIDTH="15" VPOS="812" HPOS="280"/>
							<String ID="string_165" HPOS="295" VPOS="815" WIDTH="32" HEIGHT="18" WC="0.96" CONTENT="att"/><SP WIDTH="15" VPOS="815" HPOS="327"/>
							<String ID="string_166" HPOS="342" VPOS="812" WIDTH="94" HEIGHT="21" WC="0.96" CONTENT="beräkna"/><SP WIDTH="15" VPOS="812" HPOS="436"/>
							<String ID="string_167" HPOS="451" VPOS="812" WIDTH="60" HEIGHT="21" WC="0.96" CONTENT="detta"/><SP WIDTH="14" VPOS="812" HPOS="511"/>
							<String ID="string_168" HPOS="525" VPOS="812" WIDTH="67" HEIGHT="21" WC="0.96" CONTENT="värde"/><SP WIDTH="16" VPOS="812" HPOS="592"/>
							<String ID="string_169" HPOS="608" VPOS="813" WIDTH="40" HEIGHT="20" WC="0.97" CONTENT="och"/><SP WIDTH="16" VPOS="813" HPOS="648"/>
							<String ID="string_170" HPOS="664" VPOS="812" WIDTH="41" HEIGHT="21" WC="0.96" CONTENT="den"/><SP WIDTH="16" VPOS="812" HPOS="705"/>
							<String ID="string_171" HPOS="721" VPOS="816" WIDTH="61" HEIGHT="25" WC="0.93" CONTENT="nytta"/><SP WIDTH="14" VPOS="816" HPOS="782"/>
							<String ID="string_172" HPOS="796" VPOS="821" WIDTH="57" HEIGHT="13" WC="0.88" CONTENT="mar-"/>
						</TextLine>
						<TextLine ID="line_20" HPOS="105" VPOS="846" WIDTH="748" HEIGHT="29">
							<String ID="string_173" HPOS="105" VPOS="847" WIDTH="52" HEIGHT="20" WC="0.93" CONTENT="kens"/><SP WIDTH="23" VPOS="847" HPOS="157"/>
							<String ID="string_174" HPOS="180" VPOS="852" WIDTH="64" HEIGHT="23" WC="0.90" CONTENT="egare"/><SP WIDTH="23" VPOS="852" HPOS="244"/>
							<String ID="string_175" HPOS="267" VPOS="847" WIDTH="23" HEIGHT="20" WC="0.96" CONTENT="af"/><SP WIDTH="16" VPOS="847" HPOS="290"/>
							<String ID="string_176" HPOS="306" VPOS="847" WIDTH="42" HEIGHT="21" WC="0.96" CONTENT="den"/><SP WIDTH="19" VPOS="847" HPOS="348"/>
							<String ID="string_177" HPOS="367" VPOS="847" WIDTH="42" HEIGHT="20" WC="0.96" CONTENT="kan"/><SP WIDTH="15" VPOS="847" HPOS="409"/>
							<String ID="string_178" HPOS="424" VPOS="846" WIDTH="75" HEIGHT="29" WC="0.93" CONTENT="draga;"/><SP WIDTH="15" VPOS="846" HPOS="499"/>
							<String ID="string_179" HPOS="514" VPOS="846" WIDTH="25" HEIGHT="21" WC="0.96" CONTENT="så"/><SP WIDTH="15" VPOS="846" HPOS="539"/>
							<String ID="string_180" HPOS="554" VPOS="849" WIDTH="31" HEIGHT="18" WC="0.96" CONTENT="att"/><SP WIDTH="15" VPOS="849" HPOS="585"/>
							<String ID="string_181" HPOS="600" VPOS="847" WIDTH="149" HEIGHT="28" WC="0.95" CONTENT="ersättningen"/><SP WIDTH="15" VPOS="847" HPOS="749"/>
							<String ID="string_182" HPOS="764" VPOS="846" WIDTH="40" HEIGHT="22" WC="0.93" CONTENT="bör"/><SP WIDTH="15" VPOS="846" HPOS="804"/>
							<String ID="string_183" HPOS="819" VPOS="850" WIDTH="34" HEIGHT="18" WC="0.92" CONTENT="ut-"/>
						</TextLine>
						<TextLine ID="line_21" HPOS="105" VPOS="881" WIDTH="747" HEIGHT="29">
							<String ID="string_184" HPOS="105" VPOS="881" WIDTH="51" HEIGHT="21" WC="0.83" CONTENT="falla"/><SP WIDTH="22" VPOS="881" HPOS="156"/>
							<String ID="string_185" HPOS="178" VPOS="881" WIDTH="33" HEIGHT="21" WC="0.90" CONTENT="till"/><SP WIDTH="23" VPOS="881" HPOS="211"/>
							<String ID="string_186" HPOS="234" VPOS="881" WIDTH="67" HEIGHT="29" WC="0.59" CONTENT="högre"/><SP WIDTH="24" VPOS="881" HPOS="301"/>
							<String ID="string_187" HPOS="325" VPOS="881" WIDTH="80" HEIGHT="28" WC="0.96" CONTENT="belopp"/><SP WIDTH="22" VPOS="881" HPOS="405"/>
							<String ID="string_188" HPOS="427" VPOS="882" WIDTH="27" HEIGHT="20" WC="0.92" CONTENT="än"/><SP WIDTH="23" VPOS="882" HPOS="454"/>
							<String ID="string_189" HPOS="477" VPOS="881" WIDTH="234" HEIGHT="28" WC="0.91" CONTENT="värderingssumman,"/><SP WIDTH="19" VPOS="881" HPOS="711"/>
							<String ID="string_190" HPOS="730" VPOS="881" WIDTH="28" HEIGHT="28" WC="0.96" CONTENT="pä"/><SP WIDTH="18" VPOS="881" HPOS="758"/>
							<String ID="string_191" HPOS="776" VPOS="881" WIDTH="37" HEIGHT="21" WC="0.96" CONTENT="det"/><SP WIDTH="15" VPOS="881" HPOS="813"/>
							<String ID="string_192" HPOS="828" VPOS="881" WIDTH="24" HEIGHT="21" WC="0.97" CONTENT="sä"/>
						</TextLine>
						<TextLine ID="line_22" HPOS="105" VPOS="915" WIDTH="747" HEIGHT="29">
							<String ID="string_193" HPOS="105" VPOS="916" WIDTH="90" HEIGHT="28" WC="0.95" CONTENT="mycken"/><SP WIDTH="23" VPOS="916" HPOS="195"/>
							<String ID="string_194" HPOS="218" VPOS="915" WIDTH="102" HEIGHT="22" WC="0.95" CONTENT="säkerhet"/><SP WIDTH="22" VPOS="915" HPOS="320"/>
							<String ID="string_195" HPOS="342" VPOS="922" WIDTH="46" HEIGHT="14" WC="0.95" CONTENT="som"/><SP WIDTH="23" VPOS="922" HPOS="388"/>
							<String ID="string_196" HPOS="411" VPOS="915" WIDTH="84" HEIGHT="28" WC="0.95" CONTENT="möjligt"/><SP WIDTH="24" VPOS="915" HPOS="495"/>
							<String ID="string_197" HPOS="519" VPOS="915" WIDTH="34" HEIGHT="21" WC="0.94" CONTENT="må"/><SP WIDTH="19" VPOS="915" HPOS="553"/>
							<String ID="string_198" HPOS="572" VPOS="916" WIDTH="79" HEIGHT="24" WC="0.96" CONTENT="vinnas"/><SP WIDTH="16" VPOS="916" HPOS="651"/>
							<String ID="string_199" HPOS="667" VPOS="915" WIDTH="82" HEIGHT="27" WC="0.96" CONTENT="derom,"/><SP WIDTH="15" VPOS="915" HPOS="749"/>
							<String ID="string_200" HPOS="764" VPOS="918" WIDTH="31" HEIGHT="18" WC="0.96" CONTENT="att"/><SP WIDTH="15" VPOS="918" HPOS="795"/>
							<String ID="string_201" HPOS="810" VPOS="915" WIDTH="42" HEIGHT="22" WC="0.95" CONTENT="den"/>
						</TextLine>
						<TextLine ID="line_23" HPOS="105" VPOS="949" WIDTH="747" HEIGHT="29">
							<String ID="string_202" HPOS="105" VPOS="950" WIDTH="99" HEIGHT="21" WC="0.95" CONTENT="enskilde"/><SP WIDTH="15" VPOS="950" HPOS="204"/>
							<String ID="string_203" HPOS="219" VPOS="950" WIDTH="7" HEIGHT="20" WC="0.95" CONTENT="i"/><SP WIDTH="16" VPOS="950" HPOS="226"/>
							<String ID="string_204" HPOS="242" VPOS="949" WIDTH="78" HEIGHT="29" WC="0.96" CONTENT="sjelfva"/><SP WIDTH="15" VPOS="949" HPOS="320"/>
							<String ID="string_205" HPOS="335" VPOS="949" WIDTH="75" HEIGHT="21" WC="0.93" CONTENT="verket"/><SP WIDTH="15" VPOS="949" HPOS="410"/>
							<String ID="string_206" HPOS="425" VPOS="949" WIDTH="79" HEIGHT="21" WC="0.92" CONTENT="undfår"/><SP WIDTH="15" VPOS="949" HPOS="504"/>
							<String ID="string_207" HPOS="519" VPOS="949" WIDTH="40" HEIGHT="21" WC="0.95" CONTENT="full"/><SP WIDTH="12" VPOS="949" HPOS="559"/>
							<String ID="string_208" HPOS="571" VPOS="950" WIDTH="120" HEIGHT="28" WC="0.96" CONTENT="ersättning"/><SP WIDTH="13" VPOS="950" HPOS="691"/>
							<String ID="string_209" HPOS="704" VPOS="949" WIDTH="35" HEIGHT="21" WC="0.96" CONTENT="för"/><SP WIDTH="10" VPOS="949" HPOS="739"/>
							<String ID="string_210" HPOS="749" VPOS="949" WIDTH="44" HEIGHT="27" WC="0.96" CONTENT="det;"/><SP WIDTH="12" VPOS="949" HPOS="793"/>
							<String ID="string_211" HPOS="805" VPOS="957" WIDTH="47" HEIGHT="14" WC="0.96" CONTENT="som"/>
						</TextLine>
						<TextLine ID="line_24" HPOS="105" VPOS="984" WIDTH="747" HEIGHT="28">
							<String ID="string_212" HPOS="105" VPOS="984" WIDTH="71" HEIGHT="21" WC="0.95" CONTENT="blifvit"/><SP WIDTH="16" VPOS="984" HPOS="176"/>
							<String ID="string_213" HPOS="192" VPOS="984" WIDTH="47" HEIGHT="21" WC="0.96" CONTENT="från"/><SP WIDTH="16" VPOS="984" HPOS="239"/>
							<String ID="string_214" HPOS="255" VPOS="984" WIDTH="80" HEIGHT="21" WC="0.93" CONTENT="honom"/><SP WIDTH="15" VPOS="984" HPOS="335"/>
							<String ID="string_215" HPOS="350" VPOS="984" WIDTH="172" HEIGHT="28" WC="0.50" CONTENT="exproprieradt:"/><SP WIDTH="30" VPOS="984" HPOS="522"/>
							<String ID="string_216" HPOS="552" VPOS="984" WIDTH="45" HEIGHT="21" WC="0.96" CONTENT="Det"/><SP WIDTH="15" VPOS="984" HPOS="597"/>
							<String ID="string_217" HPOS="612" VPOS="991" WIDTH="65" HEIGHT="21" WC="0.96" CONTENT="synes"/><SP WIDTH="10" VPOS="991" HPOS="677"/>
							<String ID="string_218" HPOS="687" VPOS="984" WIDTH="46" HEIGHT="28" WC="0.93" CONTENT="mig"/><SP WIDTH="12" VPOS="984" HPOS="733"/>
							<String ID="string_219" HPOS="745" VPOS="984" WIDTH="107" HEIGHT="28" WC="0.91" CONTENT="nemligen"/>
						</TextLine>
						<TextLine ID="line_25" HPOS="105" VPOS="1017" WIDTH="748" HEIGHT="29">
							<String ID="string_220" HPOS="105" VPOS="1026" WIDTH="51" HEIGHT="14" WC="0.96" CONTENT="vara"/><SP WIDTH="15" VPOS="1026" HPOS="156"/>
							<String ID="string_221" HPOS="171" VPOS="1018" WIDTH="24" HEIGHT="21" WC="0.96" CONTENT="af"/><SP WIDTH="13" VPOS="1018" HPOS="195"/>
							<String ID="string_222" HPOS="208" VPOS="1022" WIDTH="46" HEIGHT="18" WC="0.96" CONTENT="stor"/><SP WIDTH="16" VPOS="1022" HPOS="254"/>
							<String ID="string_223" HPOS="270" VPOS="1018" WIDTH="53" HEIGHT="28" WC="0.91" CONTENT="vigt;"/><SP WIDTH="15" VPOS="1018" HPOS="323"/>
							<String ID="string_224" HPOS="338" VPOS="1020" WIDTH="32" HEIGHT="19" WC="0.97" CONTENT="att"/><SP WIDTH="15" VPOS="1020" HPOS="370"/>
							<String ID="string_225" HPOS="385" VPOS="1017" WIDTH="55" HEIGHT="22" WC="0.96" CONTENT="söka"/><SP WIDTH="11" VPOS="1017" HPOS="440"/>
							<String ID="string_226" HPOS="451" VPOS="1018" WIDTH="121" HEIGHT="28" WC="0.96" CONTENT="förebygga"/><SP WIDTH="11" VPOS="1018" HPOS="572"/>
							<String ID="string_227" HPOS="583" VPOS="1017" WIDTH="79" HEIGHT="22" WC="0.96" CONTENT="förlust"/><SP WIDTH="11" VPOS="1017" HPOS="662"/>
							<String ID="string_228" HPOS="673" VPOS="1018" WIDTH="35" HEIGHT="21" WC="0.96" CONTENT="för"/><SP WIDTH="11" VPOS="1018" HPOS="708"/>
							<String ID="string_229" HPOS="719" VPOS="1018" WIDTH="42" HEIGHT="21" WC="0.93" CONTENT="den"/><SP WIDTH="12" VPOS="1018" HPOS="761"/>
							<String ID="string_230" HPOS="773" VPOS="1018" WIDTH="80" HEIGHT="21" WC="0.91" CONTENT="enskil-"/>
						</TextLine>
						<TextLine ID="line_26" HPOS="105" VPOS="1052" WIDTH="749" HEIGHT="29">
							<String ID="string_231" HPOS="105" VPOS="1053" WIDTH="34" HEIGHT="27" WC="0.90" CONTENT="de;"/><SP WIDTH="23" VPOS="1053" HPOS="139"/>
							<String ID="string_232" HPOS="162" VPOS="1052" WIDTH="39" HEIGHT="22" WC="0.96" CONTENT="och"/><SP WIDTH="23" VPOS="1052" HPOS="201"/>
							<String ID="string_233" HPOS="224" VPOS="1053" WIDTH="71" HEIGHT="28" WC="0.95" CONTENT="någon"/><SP WIDTH="19" VPOS="1053" HPOS="295"/>
							<String ID="string_234" HPOS="314" VPOS="1060" WIDTH="70" HEIGHT="13" WC="0.96" CONTENT="annan"/><SP WIDTH="21" VPOS="1060" HPOS="384"/>
							<String ID="string_235" HPOS="405" VPOS="1052" WIDTH="67" HEIGHT="28" WC="0.89" CONTENT="utväg"/><SP WIDTH="19" VPOS="1052" HPOS="472"/>
							<String ID="string_236" HPOS="491" VPOS="1052" WIDTH="71" HEIGHT="21" WC="0.89" CONTENT="dertill"/><SP WIDTH="15" VPOS="1052" HPOS="562"/>
							<String ID="string_237" HPOS="577" VPOS="1052" WIDTH="62" HEIGHT="21" WC="0.96" CONTENT="torde"/><SP WIDTH="16" VPOS="1052" HPOS="639"/>
							<String ID="string_238" HPOS="655" VPOS="1052" WIDTH="111" HEIGHT="28" WC="0.96" CONTENT="svårligen"/><SP WIDTH="14" VPOS="1052" HPOS="766"/>
							<String ID="string_239" HPOS="780" VPOS="1052" WIDTH="74" HEIGHT="21" WC="0.95" CONTENT="kunna"/>
						</TextLine>
						<TextLine ID="line_27" HPOS="106" VPOS="1087" WIDTH="125" HEIGHT="29">
							<String ID="string_240" HPOS="106" VPOS="1087" WIDTH="125" HEIGHT="29" WC="0.89" CONTENT="uppgifvas:"/>
						</TextLine>
					</TextBlock>
					<TextBlock ID="block_3" HPOS="105" VPOS="1123" WIDTH="753" HEIGHT="341">
						<TextLine ID="line_28" HPOS="173" VPOS="1123" WIDTH="680" HEIGHT="32">
							<String ID="string_241" HPOS="173" VPOS="1126" WIDTH="59" HEIGHT="22" WC="0.95" CONTENT="Herr"/><SP WIDTH="16" VPOS="1126" HPOS="232"/>
							<String ID="string_242" HPOS="248" VPOS="1123" WIDTH="26" HEIGHT="25" WC="0.90" CONTENT="C."/><SP WIDTH="15" VPOS="1123" HPOS="274"/>
							<String ID="string_243" HPOS="289" VPOS="1126" WIDTH="23" HEIGHT="22" WC="0.95" CONTENT="J."/><SP WIDTH="16" VPOS="1126" HPOS="312"/>
							<String ID="string_244" HPOS="328" VPOS="1125" WIDTH="152" HEIGHT="29" WC="0.92" CONTENT="Grönberg:"/><SP WIDTH="33" VPOS="1125" HPOS="480"/>
							<String ID="string_245" HPOS="513" VPOS="1126" WIDTH="71" HEIGHT="22" WC="0.87" CONTENT="Jemte"/><SP WIDTH="21" VPOS="1126" HPOS="584"/>
							<String ID="string_246" HPOS="605" VPOS="1125" WIDTH="36" HEIGHT="23" WC="0.97" CONTENT="det"/><SP WIDTH="12" VPOS="1125" HPOS="641"/>
							<String ID="string_247" HPOS="653" VPOS="1126" WIDTH="38" HEIGHT="29" WC="0.95" CONTENT="jag"/><SP WIDTH="17" VPOS="1126" HPOS="691"/>
							<String ID="string_248" HPOS="708" VPOS="1126" WIDTH="86" HEIGHT="21" WC="0.94" CONTENT="förenar"/><SP WIDTH="14" VPOS="1126" HPOS="794"/>
							<String ID="string_249" HPOS="808" VPOS="1126" WIDTH="45" HEIGHT="28" WC="0.96" CONTENT="mig"/>
						</TextLine>
						<TextLine ID="line_29" HPOS="106" VPOS="1160" WIDTH="748" HEIGHT="30">
							<String ID="string_250" HPOS="106" VPOS="1162" WIDTH="49" HEIGHT="21" WC="0.95" CONTENT="med"/><SP WIDTH="15" VPOS="1162" HPOS="155"/>
							<String ID="string_251" HPOS="170" VPOS="1162" WIDTH="49" HEIGHT="20" WC="0.92" CONTENT="herr"/><SP WIDTH="15" VPOS="1162" HPOS="219"/>
							<String ID="string_252" HPOS="234" VPOS="1161" WIDTH="80" HEIGHT="27" WC="0.96" CONTENT="Mölsä,"/><SP WIDTH="20" VPOS="1161" HPOS="314"/>
							<String ID="string_253" HPOS="334" VPOS="1161" WIDTH="39" HEIGHT="21" WC="0.96" CONTENT="vill"/><SP WIDTH="13" VPOS="1161" HPOS="373"/>
							<String ID="string_254" HPOS="386" VPOS="1162" WIDTH="38" HEIGHT="28" WC="0.96" CONTENT="jag"/><SP WIDTH="15" VPOS="1162" HPOS="424"/>
							<String ID="string_255" HPOS="439" VPOS="1160" WIDTH="120" HEIGHT="28" WC="0.93" CONTENT="framhålla,"/><SP WIDTH="16" VPOS="1160" HPOS="559"/>
							<String ID="string_256" HPOS="575" VPOS="1161" WIDTH="116" HEIGHT="21" WC="0.91" CONTENT="huruledes"/><SP WIDTH="12" VPOS="1161" HPOS="691"/>
							<String ID="string_257" HPOS="703" VPOS="1168" WIDTH="26" HEIGHT="14" WC="0.93" CONTENT="en"/><SP WIDTH="10" VPOS="1168" HPOS="729"/>
							<String ID="string_258" HPOS="739" VPOS="1160" WIDTH="115" HEIGHT="28" WC="0.90" CONTENT="jordegare"/>
						</TextLine>
						<TextLine ID="line_30" HPOS="105" VPOS="1194" WIDTH="749" HEIGHT="30">
							<String ID="string_259" HPOS="105" VPOS="1196" WIDTH="42" HEIGHT="21" WC="0.96" CONTENT="kan"/><SP WIDTH="24" VPOS="1196" HPOS="147"/>
							<String ID="string_260" HPOS="171" VPOS="1196" WIDTH="67" HEIGHT="21" WC="0.93" CONTENT="blifva"/><SP WIDTH="22" VPOS="1196" HPOS="238"/>
							<String ID="string_261" HPOS="260" VPOS="1195" WIDTH="112" HEIGHT="22" WC="0.92" CONTENT="nödsakad"/><SP WIDTH="22" VPOS="1195" HPOS="372"/>
							<String ID="string_262" HPOS="394" VPOS="1198" WIDTH="32" HEIGHT="18" WC="0.93" CONTENT="att"/><SP WIDTH="18" VPOS="1198" HPOS="426"/>
							<String ID="string_263" HPOS="444" VPOS="1198" WIDTH="15" HEIGHT="18" WC="0.89" CONTENT="t."/><SP WIDTH="16" VPOS="1198" HPOS="459"/>
							<String ID="string_264" HPOS="475" VPOS="1203" WIDTH="32" HEIGHT="13" WC="0.96" CONTENT="ex."/><SP WIDTH="22" VPOS="1203" HPOS="507"/>
							<String ID="string_265" HPOS="529" VPOS="1196" WIDTH="34" HEIGHT="20" WC="0.96" CONTENT="för"/><SP WIDTH="16" VPOS="1196" HPOS="563"/>
							<String ID="string_266" HPOS="579" VPOS="1195" WIDTH="133" HEIGHT="29" WC="0.96" CONTENT="anläggning"/><SP WIDTH="15" VPOS="1195" HPOS="712"/>
							<String ID="string_267" HPOS="727" VPOS="1194" WIDTH="24" HEIGHT="21" WC="0.93" CONTENT="af"/><SP WIDTH="11" VPOS="1194" HPOS="751"/>
							<String ID="string_268" HPOS="762" VPOS="1194" WIDTH="92" HEIGHT="29" WC="0.91" CONTENT="jernväg"/>
						</TextLine>
						<TextLine ID="line_31" HPOS="107" VPOS="1228" WIDTH="747" HEIGHT="30">
							<String ID="string_269" HPOS="107" VPOS="1231" WIDTH="23" HEIGHT="20" WC="0.95" CONTENT="af"/><SP WIDTH="21" VPOS="1231" HPOS="130"/>
							<String ID="string_270" HPOS="151" VPOS="1230" WIDTH="33" HEIGHT="22" WC="0.96" CONTENT="sin"/><SP WIDTH="21" VPOS="1230" HPOS="184"/>
							<String ID="string_271" HPOS="205" VPOS="1230" WIDTH="49" HEIGHT="28" WC="0.93" CONTENT="jord"/><SP WIDTH="22" VPOS="1230" HPOS="254"/>
							<String ID="string_272" HPOS="276" VPOS="1230" WIDTH="56" HEIGHT="21" WC="0.93" CONTENT="afstå"/><SP WIDTH="19" VPOS="1230" HPOS="332"/>
							<String ID="string_273" HPOS="351" VPOS="1230" WIDTH="41" HEIGHT="20" WC="0.96" CONTENT="den"/><SP WIDTH="20" VPOS="1230" HPOS="392"/>
							<String ID="string_274" HPOS="412" VPOS="1229" WIDTH="62" HEIGHT="21" WC="0.96" CONTENT="bästa"/><SP WIDTH="19" VPOS="1229" HPOS="474"/>
							<String ID="string_275" HPOS="493" VPOS="1229" WIDTH="40" HEIGHT="21" WC="0.96" CONTENT="och"/><SP WIDTH="18" VPOS="1229" HPOS="533"/>
							<String ID="string_276" HPOS="551" VPOS="1230" WIDTH="124" HEIGHT="28" WC="0.95" CONTENT="bördigaste"/><SP WIDTH="16" VPOS="1230" HPOS="675"/>
							<String ID="string_277" HPOS="691" VPOS="1228" WIDTH="70" HEIGHT="26" WC="0.95" CONTENT="delen;"/><SP WIDTH="16" VPOS="1228" HPOS="761"/>
							<String ID="string_278" HPOS="777" VPOS="1236" WIDTH="54" HEIGHT="19" WC="0.96" CONTENT="som,"/><SP WIDTH="16" VPOS="1236" HPOS="831"/>
							<String ID="string_279" HPOS="847" VPOS="1230" WIDTH="7" HEIGHT="19" WC="0.96" CONTENT="i"/>
						</TextLine>
						<TextLine ID="line_32" HPOS="107" VPOS="1262" WIDTH="748" HEIGHT="30">
							<String ID="string_280" HPOS="107" VPOS="1264" WIDTH="103" HEIGHT="22" WC="0.87" CONTENT="händelse"/><SP WIDTH="19" VPOS="1264" HPOS="210"/>
							<String ID="string_281" HPOS="229" VPOS="1264" WIDTH="120" HEIGHT="28" WC="0.91" CONTENT="jernvägen"/><SP WIDTH="19" VPOS="1264" HPOS="349"/>
							<String ID="string_282" HPOS="368" VPOS="1264" WIDTH="46" HEIGHT="28" WC="0.96" CONTENT="gått"/><SP WIDTH="18" VPOS="1264" HPOS="414"/>
							<String ID="string_283" HPOS="432" VPOS="1264" WIDTH="61" HEIGHT="20" WC="0.96" CONTENT="invid"/><SP WIDTH="19" VPOS="1264" HPOS="493"/>
							<String ID="string_284" HPOS="512" VPOS="1264" WIDTH="131" HEIGHT="26" WC="0.96" CONTENT="densamma,"/><SP WIDTH="18" VPOS="1264" HPOS="643"/>
							<String ID="string_285" HPOS="661" VPOS="1263" WIDTH="70" HEIGHT="21" WC="0.95" CONTENT="skulle"/><SP WIDTH="17" VPOS="1263" HPOS="731"/>
							<String ID="string_286" HPOS="748" VPOS="1262" WIDTH="107" HEIGHT="29" WC="0.96" CONTENT="betydligt"/>
						</TextLine>
						<TextLine ID="line_33" HPOS="108" VPOS="1297" WIDTH="746" HEIGHT="30">
							<String ID="string_287" HPOS="108" VPOS="1299" WIDTH="61" HEIGHT="28" WC="0.95" CONTENT="stigit"/><SP WIDTH="22" VPOS="1299" HPOS="169"/>
							<String ID="string_288" HPOS="191" VPOS="1299" WIDTH="6" HEIGHT="20" WC="0.96" CONTENT="i"/><SP WIDTH="24" VPOS="1299" HPOS="197"/>
							<String ID="string_289" HPOS="221" VPOS="1298" WIDTH="71" HEIGHT="21" WC="0.91" CONTENT="värde."/><SP WIDTH="38" VPOS="1298" HPOS="292"/>
							<String ID="string_290" HPOS="330" VPOS="1298" WIDTH="137" HEIGHT="28" WC="0.90" CONTENT="Jordegaren"/><SP WIDTH="20" VPOS="1298" HPOS="467"/>
							<String ID="string_291" HPOS="487" VPOS="1298" WIDTH="54" HEIGHT="21" WC="0.96" CONTENT="lider"/><SP WIDTH="20" VPOS="1298" HPOS="541"/>
							<String ID="string_292" HPOS="561" VPOS="1298" WIDTH="84" HEIGHT="21" WC="0.96" CONTENT="således"/><SP WIDTH="19" VPOS="1298" HPOS="645"/>
							<String ID="string_293" HPOS="664" VPOS="1298" WIDTH="6" HEIGHT="20" WC="0.96" CONTENT="i"/><SP WIDTH="17" VPOS="1298" HPOS="670"/>
							<String ID="string_294" HPOS="687" VPOS="1297" WIDTH="78" HEIGHT="29" WC="0.95" CONTENT="sjelfva"/><SP WIDTH="15" VPOS="1297" HPOS="765"/>
							<String ID="string_295" HPOS="780" VPOS="1297" WIDTH="74" HEIGHT="21" WC="0.96" CONTENT="verket"/>
						</TextLine>
						<TextLine ID="line_34" HPOS="108" VPOS="1331" WIDTH="748" HEIGHT="29">
							<String ID="string_296" HPOS="108" VPOS="1334" WIDTH="85" HEIGHT="26" WC="0.96" CONTENT="förlust,"/><SP WIDTH="25" VPOS="1334" HPOS="193"/>
							<String ID="string_297" HPOS="218" VPOS="1340" WIDTH="34" HEIGHT="14" WC="0.94" CONTENT="om"/><SP WIDTH="24" VPOS="1340" HPOS="252"/>
							<String ID="string_298" HPOS="276" VPOS="1333" WIDTH="43" HEIGHT="21" WC="0.94" CONTENT="han"/><SP WIDTH="19" VPOS="1333" HPOS="319"/>
							<String ID="string_299" HPOS="338" VPOS="1332" WIDTH="55" HEIGHT="22" WC="0.93" CONTENT="skall"/><SP WIDTH="19" VPOS="1332" HPOS="393"/>
							<String ID="string_300" HPOS="412" VPOS="1332" WIDTH="57" HEIGHT="21" WC="0.90" CONTENT="afstå"/><SP WIDTH="19" VPOS="1332" HPOS="469"/>
							<String ID="string_301" HPOS="488" VPOS="1332" WIDTH="88" HEIGHT="21" WC="0.95" CONTENT="marken"/><SP WIDTH="19" VPOS="1332" HPOS="576"/>
							<String ID="string_302" HPOS="595" VPOS="1332" WIDTH="77" HEIGHT="21" WC="0.96" CONTENT="endast"/><SP WIDTH="17" VPOS="1332" HPOS="672"/>
							<String ID="string_303" HPOS="689" VPOS="1331" WIDTH="34" HEIGHT="21" WC="0.96" CONTENT="till"/><SP WIDTH="16" VPOS="1331" HPOS="723"/>
							<String ID="string_304" HPOS="739" VPOS="1332" WIDTH="36" HEIGHT="20" WC="0.96" CONTENT="det"/><SP WIDTH="15" VPOS="1332" HPOS="775"/>
							<String ID="string_305" HPOS="790" VPOS="1331" WIDTH="66" HEIGHT="21" WC="0.96" CONTENT="värde"/>
						</TextLine>
						<TextLine ID="line_35" HPOS="107" VPOS="1366" WIDTH="751" HEIGHT="29">
							<String ID="string_306" HPOS="107" VPOS="1368" WIDTH="42" HEIGHT="20" WC="0.96" CONTENT="den"/><SP WIDTH="15" VPOS="1368" HPOS="149"/>
							<String ID="string_307" HPOS="164" VPOS="1367" WIDTH="59" HEIGHT="21" WC="0.96" CONTENT="förut"/><SP WIDTH="16" VPOS="1367" HPOS="223"/>
							<String ID="string_308" HPOS="239" VPOS="1367" WIDTH="51" HEIGHT="21" WC="0.86" CONTENT="haft."/><SP WIDTH="37" VPOS="1367" HPOS="290"/>
							<String ID="string_309" HPOS="327" VPOS="1366" WIDTH="34" HEIGHT="22" WC="0.89" CONTENT="En"/><SP WIDTH="16" VPOS="1366" HPOS="361"/>
							<String ID="string_310" HPOS="377" VPOS="1374" WIDTH="78" HEIGHT="18" WC="0.93" CONTENT="annan;"/><SP WIDTH="16" VPOS="1374" HPOS="455"/>
							<String ID="string_311" HPOS="471" VPOS="1366" WIDTH="65" HEIGHT="22" WC="0.93" CONTENT="hvars"/><SP WIDTH="16" VPOS="1366" HPOS="536"/>
							<String ID="string_312" HPOS="552" VPOS="1374" WIDTH="54" HEIGHT="21" WC="0.93" CONTENT="egor"/><SP WIDTH="15" VPOS="1374" HPOS="606"/>
							<String ID="string_313" HPOS="621" VPOS="1366" WIDTH="59" HEIGHT="28" WC="0.96" CONTENT="ligga"/><SP WIDTH="15" VPOS="1366" HPOS="680"/>
							<String ID="string_314" HPOS="695" VPOS="1366" WIDTH="62" HEIGHT="21" WC="0.93" CONTENT="invid"/><SP WIDTH="12" VPOS="1366" HPOS="757"/>
							<String ID="string_315" HPOS="769" VPOS="1366" WIDTH="89" HEIGHT="26" WC="0.86" CONTENT="jernvä-"/>
						</TextLine>
						<TextLine ID="line_36" HPOS="107" VPOS="1399" WIDTH="749" HEIGHT="31">
							<String ID="string_316" HPOS="107" VPOS="1409" WIDTH="49" HEIGHT="21" WC="0.96" CONTENT="gen,"/><SP WIDTH="19" VPOS="1409" HPOS="156"/>
							<String ID="string_317" HPOS="175" VPOS="1408" WIDTH="48" HEIGHT="14" WC="0.96" CONTENT="men"/><SP WIDTH="17" VPOS="1408" HPOS="223"/>
							<String ID="string_318" HPOS="240" VPOS="1401" WIDTH="74" HEIGHT="21" WC="0.96" CONTENT="hvilka"/><SP WIDTH="14" VPOS="1401" HPOS="314"/>
							<String ID="string_319" HPOS="328" VPOS="1400" WIDTH="47" HEIGHT="22" WC="0.96" CONTENT="icke"/><SP WIDTH="16" VPOS="1400" HPOS="375"/>
							<String ID="string_320" HPOS="391" VPOS="1402" WIDTH="37" HEIGHT="19" WC="0.96" CONTENT="äro"/><SP WIDTH="17" VPOS="1402" HPOS="428"/>
							<String ID="string_321" HPOS="445" VPOS="1400" WIDTH="34" HEIGHT="21" WC="0.96" CONTENT="för"/><SP WIDTH="16" VPOS="1400" HPOS="479"/>
							<String ID="string_322" HPOS="495" VPOS="1400" WIDTH="124" HEIGHT="22" WC="0.92" CONTENT="densamma"/><SP WIDTH="15" VPOS="1400" HPOS="619"/>
							<String ID="string_323" HPOS="634" VPOS="1400" WIDTH="119" HEIGHT="28" WC="0.90" CONTENT="behöfliga,"/><SP WIDTH="16" VPOS="1400" HPOS="753"/>
							<String ID="string_324" HPOS="769" VPOS="1399" WIDTH="39" HEIGHT="21" WC="0.93" CONTENT="har"/><SP WIDTH="15" VPOS="1399" HPOS="808"/>
							<String ID="string_325" HPOS="823" VPOS="1400" WIDTH="33" HEIGHT="20" WC="0.92" CONTENT="så-"/>
						</TextLine>
						<TextLine ID="line_37" HPOS="107" VPOS="1432" WIDTH="749" HEIGHT="32">
							<String ID="string_326" HPOS="107" VPOS="1435" WIDTH="67" HEIGHT="21" WC="0.91" CONTENT="lunda"/><SP WIDTH="14" VPOS="1435" HPOS="174"/>
							<String ID="string_327" HPOS="188" VPOS="1435" WIDTH="24" HEIGHT="21" WC="0.93" CONTENT="af"/><SP WIDTH="11" VPOS="1435" HPOS="212"/>
							<String ID="string_328" HPOS="223" VPOS="1436" WIDTH="132" HEIGHT="28" WC="0.92" CONTENT="jernvägens"/><SP WIDTH="15" VPOS="1436" HPOS="355"/>
							<String ID="string_329" HPOS="370" VPOS="1434" WIDTH="136" HEIGHT="29" WC="0.85" CONTENT="anläggande"/><SP WIDTH="17" VPOS="1434" HPOS="506"/>
							<String ID="string_330" HPOS="523" VPOS="1436" WIDTH="69" HEIGHT="20" WC="0.96" CONTENT="större"/><SP WIDTH="15" VPOS="1436" HPOS="592"/>
							<String ID="string_331" HPOS="607" VPOS="1434" WIDTH="70" HEIGHT="22" WC="0.96" CONTENT="fördel"/><SP WIDTH="16" VPOS="1434" HPOS="677"/>
							<String ID="string_332" HPOS="693" VPOS="1435" WIDTH="28" HEIGHT="21" WC="0.96" CONTENT="än"/><SP WIDTH="16" VPOS="1435" HPOS="721"/>
							<String ID="string_333" HPOS="737" VPOS="1433" WIDTH="42" HEIGHT="22" WC="0.96" CONTENT="den"/><SP WIDTH="12" VPOS="1433" HPOS="779"/>
							<String ID="string_334" HPOS="791" VPOS="1432" WIDTH="65" HEIGHT="30" WC="0.87" CONTENT="förre;"/>
						</TextLine>
					</TextBlock>
				</ComposedBlock>
			</PrintSpace>
		</Page>
	</Layout>
</alto>
