1039 1773
210 152 41 23 186

181 218 62 23 utom
254 216 75 21 herrar
345 208 115 38 Candelin,
476 214 135 28 Lindeqvist,
623 213 170 23 Sneckenström
806 214 41 22 och
855 214 81 23 Frenc-

181 250 56 27 kell,
252 250 75 22 hvilka
342 248 86 22 undfått
444 248 97 22 tillstånd
557 251 32 19 att
603 248 109 22 frånvara.

250 284 127 28 Föredrogs
393 282 41 22 och
448 282 116 22 bordlades
581 282 95 28 följande
688 282 33 21 till
733 283 87 21 ståndet
834 283 102 25 inkomna

183 317 260 28 ptskottsbetänkanden,
463 316 118 29 nemligen:
603 317 32 20 1:o
651 316 157 29 lagutskottets
823 317 44 21 N:o
883 317 27 20 22
929 317 7 21 i

183 353 119 27 anledning
321 352 24 21 af
361 352 79 27 nädiga
459 351 167 28 propositionen
645 350 114 29 angäende
777 351 92 29 ändring
884 351 7 21 i
906 358 29 17 nu

183 386 103 30 gällande
301 386 135 28 stadganden
452 393 35 13 om
502 384 129 29 kyrkoplikt
641 384 42 22 och
695 385 155 28 upphäfvande
862 386 24 20 af
894 385 42 21 den

184 422 36 23 för
234 422 61 20 vissa
310 420 60 25 brott
384 419 109 28 påbjudna
509 419 64 28 afgift
587 418 34 22 till
636 418 81 29 kyrka,
734 422 56 18 samt
805 420 35 24 2:0
856 419 80 21 ekono-

184 454 164 26 mieutskottets
363 453 136 26 betänkande
514 452 44 22 N:o
571 453 13 21 6
599 453 8 21 i
622 452 119 29 anledning
756 453 24 21 af
792 453 80 29 nädiga
886 461 51 20 pro-

184 489 128 29 positionen
328 487 112 29 angäende
455 487 192 29 fiskerinäringens
661 487 161 28 upphjelpande
834 491 56 18 samt
900 487 37 22 be-

185 523 119 28 fordrande
319 523 25 25 af
355 521 82 23 fiskens
452 521 160 28 fortplantning
624 521 31 22 uti
668 522 83 28 insjöar
763 521 41 22 och
815 523 121 20 strömmar.

256 557 90 26 Ankom
362 564 26 13 en
403 556 126 28 deputation
544 555 48 22 frän
607 555 152 28 ridderskapet
771 555 41 22 och
824 555 62 22 adeln
898 563 40 14 un-

186 593 40 26 der
244 591 119 26 anförande
384 590 24 21 af
422 590 51 24 herr
491 589 295 24 referendariesekreteraren
806 598 43 16 yon
865 589 71 26 Born,

186 626 92 27 hvilken
296 625 39 28 gaf
350 624 107 21 tillkänna
475 626 31 19 att
521 623 152 28 ridderskapet
689 623 41 22 och
745 623 63 22 adeln
823 624 7 21 i
846 624 42 28 dag
903 623 34 21 till

187 660 76 28 slutlig
286 658 77 29 ätgärd
386 658 93 22 förehaft
497 657 62 22 Hans
575 657 126 29 Kejserliga
719 657 117 29 Majestäts
858 658 80 28 nädiga

186 689 141 38 proposition
343 692 42 21 och
402 692 175 25 bankutskottets
594 691 137 25 betänkande
747 693 6 20 i
769 692 89 21 ärendet
873 692 65 28 angä-

188 726 55 24 ende
266 727 108 29 styrelsen
398 726 41 21 och
461 726 161 28 förvaltningen
641 726 24 21 af
681 726 107 21 Finlands
806 726 68 26 bank;
896 726 42 21 och

188 763 57 21 hade
260 761 98 22 bemälde
378 760 64 22 ständ
460 760 85 27 dervid,
563 761 96 20 förutom
675 760 67 28 nägra
757 760 82 21 mindre
855 761 85 28 vigtiga

188 795 160 29 förändringar,
364 795 90 20 hvarom
468 794 157 21 underrättelse
641 802 80 20 genom
737 794 202 29 protokollsutdrag

189 830 115 22 framdeles
323 829 71 22 skulle
412 829 120 26 meddelas,
555 829 100 26 beslutit,
674 832 32 18 att
724 829 27 21 de
769 829 48 28 fyra
831 829 109 21 bankfull-

188 865 108 28 mäktige,
310 863 76 26 hyilka
401 863 68 29 enligt
484 863 119 25 utskottets
617 863 8 21 i
640 863 72 21 denna
727 863 34 21 del
777 863 115 29 godkända
903 863 37 22 be-

189 898 111 28 tänkande
319 898 67 25 borde
405 898 24 25 af
446 897 114 21 ständerne
583 897 80 28 väljas,
687 897 70 21 skulle
777 905 40 21 ega
835 901 32 18 att
881 898 58 21 ännu

189 936 50 23 utse
253 940 28 14 en
296 932 65 26 femte
376 940 88 20 person,
479 932 34 25 för
528 934 31 18 att
571 932 66 28 jemte
654 931 48 26 dem
718 932 13 21 ä
746 932 126 21 ständernes
888 933 53 27 väg-

190 976 40 13 nar
244 967 92 28 fungera
355 961 73 31 säsom
447 966 194 28 bankfullmäktig,
660 966 118 28 hyarjemte
794 966 37 21 det
844 969 96 18 moment

190 1002 8 21 i
213 1000 156 27 betänkandet,
388 1007 47 18 som
454 1000 67 28 angär
539 1000 76 28 frägan
631 1007 35 17 om
681 1000 105 28 rättighet
805 1000 35 21 för
854 1000 86 21 banken

190 1039 34 18 att
237 1036 8 20 i
260 1035 60 21 vissa
334 1034 39 26 fall
388 1034 119 25 inskränka
522 1034 51 25 eller
589 1034 90 24 alldeles
691 1034 88 21 inställa
790 1034 152 22 silfverutvex-

190 1070 57 28 ling,
266 1071 83 22 ansetts
365 1068 46 26 helt
426 1068 41 22 och
483 1068 66 26 hållet
568 1068 53 25 böra
638 1068 63 28 utgå;
725 1068 41 21 och
785 1068 55 23 hade
859 1068 83 25 ridder-

192 1104 78 28 skapet
289 1102 41 26 och
349 1102 63 25 adeln
427 1102 72 26 tillika
516 1102 101 26 beslutit,
639 1105 33 18 att
689 1102 89 28 inbjuda
800 1102 141 22 medständen

191 1138 34 22 till
240 1136 131 30 deltagande
386 1137 7 25 i
408 1136 65 26 dessa
491 1136 69 29 begge
579 1136 112 28 åtgärder;
709 1136 7 20 i
736 1136 82 24 hvilket
840 1136 102 22 afseende

192 1171 132 30 inbjudning
339 1170 34 26 till
388 1170 180 29 borgareständet
582 1178 30 13 nu
627 1170 138 23 framfördes.

260 1205 164 29 Deputationen
436 1204 129 26 betackades
574 1205 25 20 af
607 1204 50 22 herr
669 1204 161 27 talmannen,
842 1205 49 22 med
898 1205 45 21 för-

192 1274 110 26 afträdde;
318 1273 52 25 derä
385 1273 77 22 skreds
477 1272 35 26 till
526 1273 35 24 val
577 1273 24 21 af
613 1273 120 21 ledamöter
745 1273 7 21 i
763 1273 42 21 den
820 1273 69 22 under
900 1274 44 20 för-

193 1308 129 28 middagens
337 1307 86 22 session
438 1306 101 26 beslutna
557 1306 156 30 deputationen
729 1306 33 25 till
778 1307 166 29 generalouver-

194 1344 78 24 nören;
295 1342 42 25 och
354 1341 74 25 blefvo
444 1340 83 27 härtill,
543 1348 79 21 genom
642 1340 73 22 slutna
733 1341 143 27 namnsedlar,
895 1341 49 22 med

193 1377 63 21 fleste
272 1377 98 23 rösterne
385 1374 91 26 utsedde
491 1374 107 29 följande,
614 1375 119 28 nemligen:
749 1374 73 22 herrar
830 1374 114 26 Hackman

194 1411 50 22 med
262 1411 28 24 25
308 1410 77 26 yöster,
407 1405 123 31 Sundman,
552 1409 130 21 Dahlström
705 1408 41 22 och
765 1408 131 30 Tengström
918 1417 27 14 en

193 1445 55 26 hvar
263 1444 49 24 med
327 1444 27 25 22
370 1444 77 27 röster,
462 1443 99 22 Juselius
577 1443 49 22 med
643 1443 34 28 21,
689 1443 70 22 Malm
771 1443 48 21 med
831 1444 33 26 20,
877 1443 71 29 Berg-
