1039 1773
229 143 42 21 254

200 204 93 29 förslag,
306 203 33 23 till
348 204 82 22 antalet
438 205 33 28 sju
480 206 13 19 a
501 204 51 28 åtta,
561 203 176 29 framlemnades,
750 203 87 23 hvilkas
845 203 108 24 företräde

199 239 91 21 framför
309 238 122 22 hvarandra
450 238 110 29 afgjordes
579 246 80 22 genom
676 238 114 30 votering,
812 246 47 16 som
878 238 76 30 aflopp

200 274 26 21 så
240 276 32 18 att
286 274 131 28 paragrafen
432 272 70 22 erhöll
518 273 42 21 den
575 272 84 30 lydelse
674 272 149 22 betänkandet
838 278 114 24 upptager.

200 307 45 23 För
260 308 45 21 min
320 307 99 23 enskilda
434 307 35 22 del
485 314 53 15 vore
556 308 38 28 jag
609 307 131 29 visserligen
759 308 99 28 benägen
874 311 30 18 att
919 309 35 20 rö-

201 345 35 21 sta
251 342 34 22 för
301 340 137 24 afskaffande
458 341 45 22 helt
523 341 41 22 och
580 340 68 22 hållet
663 342 24 20 af
699 342 255 28 försvarslöshetssyste-

201 380 54 23 met,
274 384 60 20 men,
354 376 72 22 såsom
444 376 39 28 jag
498 376 67 21 redan
583 378 79 26 yttrat,
681 383 50 13 man
747 376 67 28 ansåg
828 374 126 31 lämpligast

202 414 32 18 att
248 410 77 21 härvid
340 410 28 28 gå
384 418 27 13 en
426 410 125 28 medelväg,
567 410 42 21 och
624 410 28 21 då
667 410 72 22 denna
753 410 58 29 åsigt
826 410 64 22 äfven
905 410 49 28 följ-

202 445 38 21 des
256 444 38 22 vid
309 444 158 22 betänkandets
487 444 154 27 utarbetande,
661 444 24 22 så
700 446 47 20 tror
762 444 38 29 jag
818 445 45 29 mig
880 443 74 23 kunna

202 482 80 26 antaga
297 478 35 23 för
346 478 71 30 gifvet
432 481 32 19 att
479 486 26 14 en
524 479 98 29 mening,
645 478 96 22 derifrån
760 479 46 22 helt
826 479 41 22 och
886 478 68 23 hållet

202 513 127 28 afvikande,
352 511 47 24 icke
420 512 70 23 skulle
508 513 65 21 hafva
591 513 70 28 utsigt
675 512 34 22 till
723 512 115 30 framgång
852 513 6 22 i
874 512 27 23 de
916 521 38 14 an-

202 548 40 21 dra
264 547 102 28 stånden,
390 555 35 14 om
447 547 42 21 ock
509 547 42 21 den
569 546 70 23 skulle
659 546 77 30 lyckas
755 547 65 22 vinna
835 547 119 29 sympatier

202 581 60 22 inom
280 580 186 30 borgareståndet.
504 580 45 30 Jag
567 589 36 14 ser
617 581 46 29 mig
682 581 87 22 derföre
786 581 120 22 föranlåten
922 584 32 19 att

202 615 112 30 tillstyrka
328 616 122 29 antagande
462 615 25 22 af
495 614 42 23 den
548 615 122 28 redaktion,
685 614 120 23 utskottets
816 615 137 22 betänkande

203 649 135 23 beträffande
353 649 165 29 ifrågavarande
533 649 13 28 &
560 649 127 28 innehåller,
703 649 77 22 endast
794 648 49 23 med
856 649 41 22 den
908 650 45 21 för-

204 684 92 29 ändring
315 687 32 18 att
364 683 121 29 uttrycket:
503 684 59 21 ”som
578 683 39 22 har
631 683 76 29 lofligt
725 684 143 29 näringsfång
883 684 71 27 eller”,

205 719 87 28 utbytes
315 720 68 20 emot:
401 718 60 21 ”som
479 717 50 22 med
546 717 67 30 ärligt
630 717 73 22 arbete
723 717 34 30 sig
775 718 104 29 försörjer
900 718 54 22 eller

207 753 50 22 har”
273 759 20 14 o.
309 760 17 14 s.
342 759 20 14 v.

272 785 58 22 Herr
342 781 151 34 Öhrnberg:
509 784 44 23 För
568 786 44 21 min
628 786 35 21 del
674 785 78 22 tvekar
761 787 38 28 jag
809 787 19 28 ej
841 789 31 19 ett
884 787 69 28 ögon-

204 820 59 22 blick
278 823 32 18 att
324 820 76 21 förena
414 821 45 28 mig
474 821 7 20 i
496 820 50 21 herr
560 819 144 30 Tengströms
719 820 59 29 äsigt
792 819 111 30 angående
916 821 38 22 det

205 854 107 22 orättvisa
326 854 41 22 och
383 853 75 22 oklara
472 854 8 21 i
495 854 49 22 hela
561 853 42 22 den
617 854 137 27 institution,
769 862 47 14 som
836 855 117 22 benämnes

204 888 178 23 försvarslöshet.
419 888 64 22 Inom
504 888 107 22 utskottet
629 889 66 29 höjde
713 889 36 28 sig
767 889 67 21 också
852 889 51 22 flere
918 890 35 20 rö-

206 926 50 25 ster,
276 931 47 14 som
341 926 71 18 varmt
429 922 115 23 förordade
563 923 149 22 erkännandet
726 923 25 21 af
762 924 192 21 menniskovärdet

205 956 43 23 lika
264 957 35 21 väl
314 957 40 22 hos
370 958 42 21 den
431 958 76 28 fattige
523 965 47 14 som
585 957 41 22 hos
641 957 42 22 den
699 957 57 28 rike,
775 958 40 21 och
830 959 38 28 jag
882 959 24 20 är
921 958 32 21 öf-

206 990 106 30 vertygad
327 991 85 28 derom,
428 995 32 18 att
475 1000 34 13 om
525 992 129 28 regeringen
669 992 73 20 funnit
760 991 102 29 lämpligt
876 994 31 18 att
921 992 33 21 fö-

206 1026 89 28 relägga
317 1026 116 21 ständerne
455 1029 31 18 ett
508 1026 82 28 förslag
612 1033 36 14 om
671 1026 142 28 aflägsnande
835 1026 48 22 från
905 1026 49 22 vårt

206 1060 166 22 samhällsskick
387 1059 24 21 af
423 1060 71 21 denna
508 1059 131 28 institution,
655 1060 24 21 så
694 1059 70 22 skulle
779 1063 31 18 ett
822 1058 78 23 sådant
909 1061 44 21 för-

206 1094 47 28 slag
268 1094 55 21 mött
338 1093 84 29 ganska
436 1094 63 28 ringa
513 1094 120 26 motstånd;
649 1102 49 14 men
709 1094 28 21 då
749 1094 77 22 sådant
836 1093 47 22 icke
896 1094 57 22 skett

206 1128 42 22 och
262 1128 108 21 utskottet
384 1128 68 21 måste
468 1128 73 22 såsom
556 1132 31 18 ett
601 1128 84 22 faktum
701 1128 102 28 erkänna,
815 1131 33 19 att
858 1130 95 28 regerin-

206 1170 42 21 gen
263 1165 71 19 ansett
352 1162 165 29 ifrågavarande
535 1162 124 22 institution
679 1164 56 20 ännu
755 1162 53 22 böra
822 1162 130 28 bibehållas,

205 1196 75 22 leddes
300 1196 108 22 ntskottet
427 1196 33 22 till
475 1196 42 22 den
532 1196 68 29 åsigt,
616 1200 31 18 att
667 1200 31 18 ett
713 1196 110 29 ogillande
838 1198 24 20 af
873 1197 81 28 princi-

206 1239 42 20 pen
263 1231 6 21 i
286 1230 41 22 den
343 1230 80 29 nådiga
438 1231 165 28 propositionen
624 1231 48 21 från
691 1231 126 21 ständernes
836 1230 48 22 sida
900 1232 54 28 möj-

206 1266 58 27 ligen
282 1265 72 21 kunde
368 1265 66 21 hafva
448 1265 34 21 till
497 1264 93 30 påföljd,
606 1268 31 18 att
653 1265 301 21 försvarslöshetsinstitntio-

206 1306 42 14 nen
263 1299 85 21 komme
364 1302 32 18 att
413 1299 120 22 bibehållas
552 1299 6 21 i
578 1298 226 22 öfverensstämmelse
826 1298 49 22 med
897 1300 57 21 före-

207 1333 115 22 skrifterne
338 1334 6 20 i
360 1333 117 29 kejserliga
491 1333 156 29 förordningen
663 1332 25 22 af
700 1333 42 21 den
759 1334 26 20 14
797 1333 86 29 januari
899 1334 54 21 1852

206 1367 41 21 och
263 1367 47 21 med
326 1367 42 22 alla
379 1367 26 22 de
422 1368 141 28 olägenheter
577 1367 71 22 denna
662 1367 129 29 författning
806 1367 147 22 framkallade.

206 1401 116 23 Utskottet
337 1402 68 29 ansåg
420 1402 34 28 sig
469 1402 96 28 derföre,
581 1402 67 21 ehuru
664 1409 25 13 ur
704 1401 124 29 principiell
842 1402 112 28 synpunkt

208 1434 108 31 ogillande
332 1436 48 21 hela
397 1436 163 27 institutionen,
579 1434 67 23 likväl
666 1435 52 23 böra
738 1436 50 29 ingå
803 1436 7 21 i
826 1444 26 13 en
867 1436 88 28 detalje-
