1039 1773
210 144 42 22 108

182 214 33 20 re,
234 214 52 14 vare
305 206 79 22 sådant
402 206 73 22 såsom
495 205 142 23 försvårande
660 205 163 30 omständighet
842 206 95 27 ansedt”;

182 244 25 25 ty
222 240 37 22 vid
275 248 27 14 en
318 241 12 21 å
345 240 71 28 djuret
430 241 8 21 i
455 240 73 22 stället
546 240 34 21 för
598 240 13 20 å
630 247 80 21 egaren
730 240 99 22 föröfvad
848 240 90 28 hämnd,

183 282 65 14 anser
264 275 38 28 jag
317 274 118 29 ingalunda
450 282 27 14 en
493 274 34 21 för
542 273 123 23 vidsträckt
683 274 79 21 Jatitud
778 275 9 20 i
800 275 138 21 omförmäldt

183 308 104 22 afseende
310 308 73 21 kunna
401 308 124 22 förefinnas.
564 307 40 22 Uti
623 308 42 21 den
684 308 7 21 i
708 308 160 29 konungariket
884 308 54 22 Sve-

183 344 47 27 rige
246 343 6 21 i
269 350 76 14 senare
363 342 33 21 tid
415 342 103 21 utkomna
537 342 131 28 författning
686 342 7 21 i
713 343 73 21 ämnet
800 344 24 19 är
840 343 98 21 bötesbe-

182 377 78 28 loppet
274 376 131 28 visserligen
420 378 107 26 upptaget
542 376 50 21 vida
606 376 61 28 lägre
686 377 28 20 än
733 376 38 22 det
790 384 28 13 nu
833 377 105 28 föreslag-

184 418 38 19 na,
241 410 109 28 nemligen
366 410 47 22 från
430 411 42 21 fem
487 410 33 21 till
537 410 40 21 och
593 409 49 23 med
657 410 86 22 hundra
757 410 113 27 riksdaler,
889 418 49 14 men

182 446 38 28 jag
242 446 25 20 är
289 444 67 21 likväl
379 444 152 28 fullkomligen
553 444 130 29 öfvertygad
706 444 75 21 derom
804 447 39 25 att,
869 445 69 22 ehuru

184 479 138 22 sistnämnda
340 479 201 27 bötesbestämning
560 478 95 29 troligen
674 478 73 22 kunde
763 486 63 14 anses
843 479 95 21 tillräck-

184 513 32 29 lig
231 513 13 22 å
258 513 43 22 den
316 513 32 22 tid
363 513 158 28 författningen
537 512 88 27 utkom,
640 516 113 24 ansvaret,
768 513 8 20 i
791 513 102 22 händelse
908 521 30 20 ny

185 548 132 28 författning
335 547 33 21 uti
386 555 81 13 samma
487 547 60 21 ämne
564 554 28 13 nu
609 546 70 21 skulle
695 547 6 20 i
719 546 92 29 Sverige
830 547 108 27 utfärdas,

186 582 112 22 sannolikt
317 581 71 22 blefve
407 581 108 21 utsträckt
530 581 55 20 ända
599 581 35 21 till
653 581 42 20 200
715 581 112 26 riksdaler,
848 581 90 21 emedan

186 616 46 27 det,
256 616 73 21 såsom
346 616 38 27 jag
404 615 66 21 redan
489 615 82 26 anfört,
593 614 70 29 enligt
681 615 44 20 min
745 615 68 28 åsigt,
831 615 47 21 icke
894 623 44 20 nog

185 651 44 20 kan
251 649 130 29 uppskattas
404 652 31 18 att
453 649 113 27 domaren,
588 649 38 20 vid
645 649 140 28 tillämpning
804 649 23 20 af
840 649 98 21 straffbe-

186 684 137 28 stämningar
341 683 7 21 i
368 683 127 27 allmänhet,
517 683 35 20 för
570 683 75 28 hvarje
665 683 105 21 särskildt
788 683 38 21 fall
841 683 42 22 kan
899 691 40 20 ega

187 725 26 14 en
230 718 24 21 så
269 717 124 22 vidsträckt
407 717 160 28 pröfningsrätt
581 724 48 16 som
645 717 96 28 möjligt,
756 717 58 21 helst
828 717 36 21 det
879 717 60 29 inga-

186 751 68 22 lunda
272 751 42 22 kan
330 753 90 26 antagas
437 758 46 14 som
499 751 73 21 säkert
587 753 34 19 att
636 759 26 13 en
678 751 67 21 sådan
761 751 104 29 rättighet
879 751 61 22 kom-

187 793 35 14 me
237 789 31 18 att
283 786 25 21 af
320 785 161 22 vederbörande
497 785 142 21 missbrukas.

255 819 59 22 Herr
329 819 97 22 Mölsä:
441 819 45 21 För
501 819 44 21 min
560 819 34 21 del
610 819 39 21 har
662 820 39 27 jag
715 820 19 27 ej
751 819 68 28 något
834 819 106 29 egentligt

188 857 32 18 att
234 853 104 22 anmärka
357 856 59 19 emot
430 853 42 21 den
491 853 24 20 af
531 853 50 21 herr
596 853 83 22 Hildén
699 853 95 22 uttalade
814 854 67 27 åsigt,
904 861 36 14 en-

186 888 42 29 ligt
243 888 89 24 hvilken
348 896 28 16 nu
392 887 165 29 ifrågavarande
572 887 131 29 författning
719 888 70 21 skulle
804 888 46 21 afse
864 888 77 22 endast

187 923 59 24 hem-
261 922 52 23 eller
328 922 99 28 husdjur,
446 930 48 13 men
509 922 73 22 såsom
598 922 160 28 författningen
773 930 28 14 nu
817 923 24 20 är
856 922 84 29 redige-

188 956 38 22 rad
243 957 6 21 i
265 956 156 27 betänkandet,
440 959 45 19 tror
501 956 38 28 jag
557 956 126 21 densamma
701 956 68 21 likväl
787 956 73 21 kunna
876 956 64 22 hafva

188 991 103 21 afseende
309 991 65 21 äfven
389 990 29 28 på
432 990 59 21 vilda
505 990 49 28 djur
569 990 42 22 och
627 990 92 22 sålunda
737 990 49 22 leda
800 990 33 21 till
848 990 92 28 mycken

189 1025 117 29 olägenhet
321 1024 36 22 vid
374 1024 176 29 tillämpningen,
562 1032 35 14 om
610 1026 98 20 närmare
720 1024 162 29 bestämningar
894 1024 48 22 der-

189 1067 35 13 om
241 1059 85 24 saknas.
358 1058 98 24 Sålunda
470 1058 72 23 kunde
558 1058 38 22 det
611 1062 15 18 t.
643 1066 32 14 ex.
691 1059 101 27 inträffa,
808 1062 32 18 att
855 1066 34 14 om
905 1059 37 21 nä-

189 1101 45 21 gon
249 1093 38 22 vid
302 1092 110 23 dödandet
427 1093 24 22 af
463 1100 26 14 en
504 1092 63 29 björn
579 1093 19 27 ej
615 1092 109 30 iakttager
739 1093 75 28 möjlig
830 1092 112 22 skonsam-

189 1127 48 28 het,
250 1127 77 22 sådant
338 1127 72 22 kunde
422 1126 68 22 blifva
501 1126 90 24 föremål
602 1126 35 24 för
645 1134 26 14 en
680 1127 125 28 angifvelse
814 1127 57 21 inför
880 1128 61 20 rätta.

257 1160 59 22 Herr
331 1160 109 24 Hildén:
463 1160 43 29 Jag
525 1168 64 14 anser
607 1161 36 21 det
662 1168 53 14 vara
734 1160 162 29 otvifvelaktigt
911 1164 31 18 att

189 1195 149 24 betänkandet
360 1196 57 21 afser
439 1194 77 22 endast
538 1195 59 21 hem-
621 1195 52 21 eller
695 1194 98 29 husdjur,
818 1195 41 21 och
883 1195 59 21 detta

190 1230 96 28 framgår
307 1229 64 21 äfven
391 1229 24 21 af
431 1228 151 28 ordalydelsen
603 1229 6 21 i
629 1232 32 19 ett
679 1236 76 14 senare
778 1232 104 23 moment,
904 1229 38 21 der

189 1263 37 22 det
242 1263 69 21 heter:
327 1263 61 29 ”Lag
404 1270 81 16 samma
500 1270 61 19 vare,
577 1262 38 22 der
630 1263 77 29 någoi
717 1263 81 28 eljest
795 1258 13 38 i
812 1262 131 30 behandling

190 1297 24 21 af
228 1304 54 21 egna
297 1296 53 22 eller
364 1297 82 21 andras
461 1296 87 22 kreatur
563 1298 60 21 visar
639 1297 112 28 uppenbar
766 1297 120 29 grymhet.”

259 1330 58 24 Herr
333 1329 26 23 OC.
375 1331 25 23 F.
416 1330 148 29 Grönberg:
583 1331 45 28 Jag
643 1331 127 22 instämmer
785 1331 45 22 helt
845 1331 41 21 och
898 1330 45 22 hål-

191 1365 31 22 let
236 1365 6 21 i
259 1364 41 22 den
316 1365 24 21 af
352 1364 50 23 herr
417 1364 81 24 Hildén
518 1364 95 22 uttalade
633 1365 142 29 uppfattning
790 1366 24 20 af
826 1365 117 21 betänkan-

191 1400 49 21 dets
256 1399 148 27 ordalydelse,
424 1399 106 29 nemligen
547 1402 32 18 att
593 1399 120 22 detsamma
729 1400 57 21 afser
801 1400 77 20 endast
894 1399 49 21 hus-

192 1433 56 28 djur,
266 1433 73 21 hvilka
354 1434 38 20 äro
408 1434 34 21 för
453 1434 127 22 menniskan
593 1434 86 28 nyttiga
692 1433 41 22 och
745 1433 78 22 vårdas
836 1433 24 21 af
869 1433 74 21 henne.
