1039 1773
795 149 41 20 213

114 211 36 21 lan
173 211 49 21 stad
245 211 41 21 och
310 211 75 21 landet
406 211 7 21 i
434 210 60 21 detta
512 210 124 22 hänseende
658 210 47 22 ned
729 211 58 21 tiden
807 212 60 20 kom-

115 254 46 12 mer
176 248 31 18 att
222 246 123 24 försvinna;
368 253 47 13 men
436 252 34 14 om
491 245 71 21 denna
578 245 85 28 princip
678 248 52 18 utan
747 246 71 28 någon
834 247 30 19 in-

113 280 135 28 skränkning
264 288 28 12 nu
308 279 50 21 med
373 286 38 14 ens
427 279 71 21 blefve
515 280 6 20 i
534 280 28 20 all
574 280 50 20 dess
637 280 138 26 konseqvens
788 280 77 21 tilläm-

115 314 51 28 pad,
179 314 24 21 så
214 314 85 21 befarar
313 314 37 28 jag
362 317 31 17 att
405 314 82 27 följden
501 313 70 21 blefve
583 313 133 29 fullkomligt
728 313 138 21 ekonomiskt

113 348 107 22 obestånd
235 349 34 21 för
284 356 26 13 en
322 351 46 18 stor
380 348 36 20 del
430 348 103 28 borgare,
549 348 127 28 isynnerhet
687 348 6 20 i
705 348 147 28 uppstäderne
860 364 5 10 ,

115 382 83 21 hvilket
214 390 51 14 vore
281 382 97 27 obilligt,
394 381 89 21 emedan
499 390 26 12 en
541 382 81 21 reform
637 382 6 21 i
656 382 116 22 bestående
786 382 80 22 förhäl-

115 416 78 22 landen
212 416 40 22 bör
270 417 66 28 göras
352 416 24 21 sä
390 416 49 20 litet
455 416 87 28 skadlig
557 423 47 13 som
619 416 85 28 möjligt
723 417 34 21 för
772 417 40 21 den
829 424 36 21 ge-

115 451 109 27 neration,
242 451 70 21 under
332 450 64 21 hvars
416 450 32 21 tid
468 450 41 21 den
528 450 89 21 införes.
649 450 78 23 Säsom
746 451 119 29 öfvergäng

115 485 34 20 till
165 486 69 20 större
250 485 66 21 frihet
330 485 52 20 ville
399 485 37 28 jag
456 484 85 21 derföre
561 485 87 20 förorda
666 487 31 19 ett
716 486 76 21 sädant
808 485 57 22 stad-

116 519 81 28 gande,
213 522 31 18 att
260 518 173 22 handelsrörelse
445 519 48 20 icke
505 518 69 21 under
584 519 67 27 nägot
662 519 72 21 vilkor
745 520 57 27 finge
814 519 52 21 drif-

116 561 39 14 vas
171 553 41 22 och
227 553 264 22 handtverksverkstäder
507 553 18 28 ej
541 553 68 21 heller
624 553 90 21 inrättas
730 553 27 28 pä
769 555 97 19 närmare

114 588 88 21 afständ
218 587 47 22 frän
282 587 48 22 stad
347 588 26 20 än
389 590 31 18 tre
436 587 47 27 mil,
500 587 53 23 eller
568 588 35 20 för
617 587 134 22 sistnämnde
763 587 37 21 fall
812 587 54 21 kun-

115 621 28 22 de
155 622 82 21 kanske
250 630 27 13 en
288 622 38 21 mil
338 629 52 14 vara
402 629 25 13 en
440 621 128 29 lämpligare
579 621 144 29 bestämning.
749 621 52 22 Men
814 621 52 27 den,

116 664 48 14 som
181 660 61 17 utom
261 656 71 21 denna
351 657 65 27 gräns
435 655 39 21 vill
493 655 51 22 idka
563 656 77 28 näring
655 656 27 28 pä
697 656 83 27 landet,
796 655 70 23 skulle

116 690 73 22 dertill
204 698 52 13 vara
270 690 133 29 berättigad,
419 693 51 18 utan
483 693 31 18 att
527 689 92 22 behöfva
631 698 39 20 ega
682 691 95 28 burskap
788 690 7 21 i
808 689 60 25 stad,

115 725 44 21 och
174 725 28 20 all
218 725 61 28 fräga
294 731 34 14 om
346 724 124 29 skyldighet
486 725 34 20 för
535 732 26 13 en
579 724 164 29 näringsidkare
754 725 27 29 pä
794 725 72 22 landet

116 762 33 18 att
163 759 65 21 vinna
248 759 67 21 sädan
336 759 96 28 burskap
454 758 78 21 komme
549 759 94 25 sälunda
663 761 31 19 att
709 759 93 21 förfalla.
832 759 35 22 Dä

118 793 21 21 vi
158 801 28 13 nu
206 793 64 21 hafva
289 793 149 28 förhoppning
458 796 31 17 att
508 793 38 20 vär
565 793 172 28 representation
753 793 113 22 framdeles

116 827 70 22 oftare
202 829 27 19 än
245 827 85 22 härtills
347 827 55 21 skall
418 827 33 20 till
463 827 130 27 landtdagar
603 827 175 26 sammankallas,
796 827 71 22 kunde

117 861 182 29 författningarne
316 869 34 14 om
367 861 156 29 näringsfrihet
538 862 55 20 efter
607 861 57 22 hand
679 861 123 22 modifieras
818 862 7 20 i
841 870 26 13 en

117 904 59 13 mera
187 896 76 21 liberal
276 896 65 26 anda,
353 896 39 20 allt
404 895 54 21 efter
471 903 48 14 som
531 895 60 22 detta
603 895 83 23 komme
699 899 32 19 att
741 903 63 15 anses
817 904 51 14 vara

116 930 26 21 af
153 930 165 21 förhällandena
333 930 117 28 päkalladt.

186 964 58 21 Herr
263 964 157 21 Lemström:
443 963 44 29 Jag
505 964 60 22 delar
584 964 133 28 fullkomligt
735 964 26 21 de
780 964 24 21 af
819 964 50 21 herr

117 998 76 21 Mölsä
209 998 94 21 uttalade
319 998 83 28 äsigter
418 998 42 21 och
475 999 88 21 förenar
579 999 44 27 mig
635 998 46 21 med
695 999 91 26 honom,
802 998 67 22 likväl

118 1032 49 21 med
182 1032 42 21 den
240 1032 92 27 olikhet,
349 1035 31 19 att
393 1033 37 27 jag
444 1040 63 14 anser
520 1032 79 22 handel
611 1033 47 21 icke
671 1033 53 21 böra
735 1033 22 20 fä
767 1032 62 21 idkas
843 1033 27 27 pä

118 1067 98 20 närmare
235 1066 86 21 afständ
343 1067 47 20 från
407 1066 48 21 stad
470 1067 27 20 än
513 1067 43 21 fem
571 1067 37 21 mil
627 1070 55 18 samt
697 1070 32 18 att
743 1066 127 22 verkstäder

119 1101 34 20 för
164 1100 122 22 handtverk
298 1100 48 22 icke
359 1100 53 22 böra
423 1100 81 22 tillätas
517 1102 98 20 närmare
626 1102 26 21 än
661 1104 32 18 tre
705 1102 37 20 mil
754 1101 46 21 frän
813 1101 55 21 stad.

188 1134 58 22 Herr
260 1134 143 22 Träskelin
418 1134 104 22 förenade
539 1135 34 28 sig
588 1135 48 21 med
653 1135 49 21 herr
719 1136 82 20 Krank.

188 1168 58 22 Herr
261 1168 89 22 Holm:
368 1168 62 21 Flere
451 1168 23 21 af
491 1169 26 21 de
536 1169 129 28 föregäende
684 1170 96 20 talarene
796 1168 74 28 hafva,

119 1202 58 21 hvad
193 1203 67 28 angår
275 1202 76 29 frågan
367 1210 35 14 om
418 1203 105 28 rättighet
539 1206 30 18 att
586 1206 49 19 utan
650 1204 94 27 burskap
757 1203 50 22 idka
820 1203 51 21 han-

120 1236 36 22 del
172 1236 41 22 och
229 1237 170 28 näringsrörelse
415 1237 29 27 på
458 1237 83 27 landet,
562 1241 71 17 ansett
648 1241 31 17 att
694 1238 109 20 desamma
818 1237 53 21 böra

118 1271 23 21 få
156 1271 82 21 drifvas
255 1270 55 22 huru
326 1272 52 20 nära
390 1270 33 22 till
436 1271 50 21 stad
497 1279 48 13 som
560 1272 135 20 handlanden
708 1271 52 21 eller
773 1272 99 28 närings-

119 1305 90 21 idkaren
226 1305 100 29 behagar.
356 1306 44 28 Jag
416 1305 65 28 hyser
497 1313 26 14 en
539 1314 70 13 annan
621 1306 58 28 åsigt
693 1306 40 21 och
747 1306 67 21 håller
826 1307 46 20 före

119 1343 40 22 att,
175 1340 7 20 i
199 1339 37 22 fall
248 1348 48 12 man
310 1340 68 20 tilläte
392 1340 100 21 handels-
505 1340 51 23 eller
569 1340 212 28 försäljuingsbodar
793 1343 32 19 att
836 1348 37 12 an-

122 1374 78 28 läggas
219 1374 28 28 pä
266 1375 98 20 närmare
384 1374 86 22 afständ
490 1376 27 19 än
537 1378 32 17 tre
585 1374 34 21 mil
636 1374 47 21 från
700 1374 59 27 stad,
778 1374 72 20 såsom
867 1374 6 20 i

121 1406 93 30 Sverige
228 1408 41 20 och
278 1408 94 28 Norrige
382 1408 74 21 blifvit
465 1408 110 29 stadgadt,
590 1408 69 21 skulle
673 1408 78 22 sådant
761 1407 47 21 icke
821 1416 52 20 gay-

121 1449 37 20 na,
175 1445 50 17 utan
241 1442 66 21 hellre
325 1442 66 22 skada
406 1450 79 20 genom
501 1442 36 22 det
553 1442 78 20 lättare
648 1442 95 26 tillfälle,
760 1449 46 13 som
819 1441 55 21 deri-
