1103 1781
267 104 185 26 Talonpoikaissääty
464 108 12 17 9
487 112 19 18 p.
517 106 83 20 Toukok.
613 108 51 18 1894.
818 107 47 19 1368

78 185 26 16 on
120 185 30 21 se,
166 178 69 22 kuten
250 178 209 29 loppuponnestakin
475 179 80 28 näkyy,
571 179 61 23 asian
646 179 244 22 tuntemattomuudessa

77 209 131 22 ehdottanut
225 209 123 22 semmoista
362 209 93 22 matalaa
471 209 84 28 väylää,
569 210 59 27 jossa
642 216 57 16 vaan
714 210 74 27 pienet
802 209 88 22 alukset

76 237 95 23 voisivat
186 238 88 27 kulkea,
291 239 39 22 siis
345 238 85 28 tietysti
445 239 96 22 sellaiset
557 240 92 26 alukset,
659 239 67 27 joissa
736 239 85 22 kenties
833 245 56 16 vaan

75 267 88 22 nuoriso
186 267 136 28 pyhäiltoina
344 268 139 22 huvitteleisi.
515 269 52 22 Kun
586 269 38 22 siis
643 275 27 15 on
689 268 65 23 kaksi
772 269 117 27 todistajaa

76 297 62 22 asian
153 299 231 26 tarpeettomuudesta,
402 298 126 22 valiokunta
541 299 24 27 ja
579 299 80 22 edusm.
676 297 77 29 Slotte,
764 298 46 22 niin
820 298 67 22 minä-

76 328 38 21 kin
129 327 96 28 hylkään
242 328 147 22 valiokunnan
404 327 123 23 mietinnön.

146 357 115 22 Edusmies
278 358 134 29 Rosenberg:
429 357 42 23 Att
485 359 33 21 uti
534 359 50 21 vårt
599 358 28 27 pä
638 357 56 28 sjöar
705 359 39 21 och
756 357 133 28 vattendrag

77 387 24 22 sä
123 387 51 22 rika
197 387 57 27 land,
275 388 65 21 dessa
359 390 37 19 äro
415 387 7 22 i
440 388 66 22 behof
519 388 24 22 af
556 388 146 28 upprensning
717 388 33 21 för
766 388 123 21 ästadkom-

76 417 77 22 mande
170 417 23 21 af
207 419 81 20 smärre
304 418 40 21 och
360 419 69 20 större
444 417 94 23 farleder
553 419 25 20 är
593 417 89 22 alldeles
696 418 64 21 klart.
789 418 46 27 Jag
845 417 44 22 kan

76 446 73 23 derför
164 446 48 22 icke
229 449 67 20 annat
311 449 28 20 än
355 447 28 27 pä
399 447 38 22 det
447 448 77 27 högsta
535 447 90 23 förväna
636 447 43 28 mig
690 447 61 22 öfver
762 449 34 20 att
806 447 83 22 utskot-

75 478 34 21 tet
124 476 8 22 i
147 476 27 22 de
189 476 63 23 flesta
267 477 39 22 fall
321 477 40 22 har
377 477 64 27 dräpt
457 478 128 21 hithörande
600 477 119 28 petitioner.
747 477 73 22 Dessa
835 477 53 28 peti-

75 507 70 22 tioner
168 506 66 23 hafva
257 507 124 28 säkerligen
404 507 49 22 icke
476 507 71 22 blifvit
569 507 137 22 framställda
729 509 52 20 utan
804 508 33 21 att
857 508 32 21 ett

75 536 98 28 verkligt
193 537 66 22 behof
274 537 136 22 förefunnits.
442 537 140 22 Beträffande
600 533 169 44 ifrågavarande
789 537 98 28 petition,

75 573 46 15 som
143 567 93 22 förafser
259 573 27 16 en
308 566 147 28 kanalisering
477 567 78 22 mellan
573 567 54 28 Lojo
647 567 31 28 sjö
697 567 40 22 och
752 566 137 29 Hiidenvesi,

75 597 44 22 kan
139 597 39 28 jag
197 597 27 27 på
243 597 70 28 grund
332 597 24 22 af
373 597 110 28 personlig
498 597 121 22 kännedom
635 597 62 28 påstå
712 599 34 20 att
760 597 129 22 samfärdsel

75 627 113 22 derstädes
207 628 48 21 med
273 627 63 28 ringa
354 627 94 22 kostnad
467 627 70 22 skulle
551 627 74 22 kunna
641 627 169 23 åstadkommas.
842 627 47 24 Och

75 657 29 21 då
123 657 109 22 utskottet
250 657 40 22 här
309 657 49 22 icke
376 657 93 22 föreslår
488 664 45 15 mer
548 659 27 20 än
591 664 28 16 en
634 657 169 28 undersökning,
820 657 69 22 måste

73 687 38 28 jag
136 687 129 28 obetingadt
289 687 117 28 godkänna
429 687 50 22 dess
501 687 90 28 förslag.
621 687 45 22 För
689 687 65 28 öfrigt
776 687 52 22 ville
850 688 39 28 jag

76 717 115 22 hemställa
213 717 33 21 till
266 717 152 27 petitionären,
438 717 106 22 huruvida
563 717 42 22 han
626 717 84 22 känner
730 717 34 22 till
784 719 35 20 att
834 717 53 22 keis.

73 748 90 21 senaten
184 746 32 23 uti
238 746 128 23 hithörande
387 747 181 28 angelägenheter
587 753 75 22 genom
683 747 117 22 skrifvelse
820 747 69 22 redan

77 776 34 29 15/3
137 779 56 20 1889
217 777 33 21 till
274 777 169 27 öfverstyrelsen
466 777 34 22 för
523 779 51 26 väg-
599 777 38 22 och
656 777 232 28 vattenbyggnaderna

74 806 117 29 stipulerat
210 807 162 22 bestämmelser
388 807 31 22 uti
435 807 128 22 hithörande
579 807 75 28 frägor
670 807 24 22 sä
709 807 130 28 förmänliga
854 809 35 20 att

74 837 67 28 något
161 837 106 28 vädjande
287 837 34 22 till
340 837 117 22 ständerna
477 837 68 28 enligt
559 837 44 22 min
619 837 59 28 äsigt
694 837 49 22 icke
759 837 76 23 vidare
850 837 37 22 be-

75 867 80 23 höfves.
187 867 139 28 Regeringen
345 868 40 21 har
405 867 113 28 nämligen,
539 867 102 22 inseende
662 867 103 22 behofvet
781 867 25 22 af
818 869 71 20 större

74 898 51 27 fart,
146 897 35 22 mä
197 897 38 28 jag
254 899 59 27 säga,
333 898 46 27 just
394 897 8 22 i
417 897 61 22 detta
494 897 101 23 afseende
611 897 33 22 för
660 897 74 28 dylika
749 897 87 28 företag
851 897 37 23 be-

74 928 63 28 viljat
151 927 115 28 förmäner,
284 927 74 23 hvilka
372 928 69 21 mäste
453 927 160 23 tillfredsställa
623 927 49 27 alla,
683 934 44 15 som
738 928 66 22 hafva
815 928 72 22 berät-

73 958 76 28 tigade
168 958 162 28 önskningsmäl
346 958 7 21 i
369 958 41 21 den
426 960 77 26 vägen,
520 965 52 16 vare
587 957 34 29 sig
637 957 65 22 sedan
718 959 34 21 att
767 958 37 22 det
820 958 68 27 gäller

74 988 100 22 enskilda
189 988 53 21 eller
252 988 50 22 hela
312 988 132 22 kommuner.
471 988 71 22 Dessa
552 988 107 22 förmäner
670 988 63 21 bestä
744 987 47 23 deri
801 989 34 20 att
844 989 43 21 sta-

72 1019 39 21 ten
121 1018 46 21 helt
178 1018 39 21 och
228 1017 68 22 hället
306 1018 121 22 vidkännes
438 1017 43 22 alla
493 1018 118 22 kostnader
622 1017 73 22 derest
704 1018 110 27 företaget
824 1023 63 16 anses

74 1047 168 28 allmännyttigt,
259 1049 56 20 samt
330 1055 32 14 om
380 1048 37 21 det
432 1047 68 28 gäller
515 1048 86 22 enskild
617 1053 78 22 person
711 1047 53 22 eller
779 1047 108 28 kommun,

73 1078 66 27 bolag
154 1084 26 15 m.
193 1084 26 15 m.
230 1078 146 21 förskotterar
386 1077 147 23 kostnaderna
543 1079 56 20 samt
609 1077 175 22 tillhandahäller
794 1077 93 27 redskap

75 1108 40 21 och
130 1107 59 22 befäl
205 1108 39 21 och
260 1109 16 20 t.
293 1114 17 15 o.
328 1114 25 15 m.
371 1107 33 22 till
420 1107 53 22 falla
483 1108 69 27 priset
562 1109 96 20 ersätter
669 1107 143 28 dagsverken,
824 1107 63 22 virke

73 1144 28 15 m.
125 1143 28 16 m.
177 1143 44 16 som
245 1138 125 21 kommuner
393 1137 52 22 eller
469 1138 101 21 enskilda
593 1137 68 22 under
680 1137 136 22 arbetstiden
836 1137 52 28 vilja

73 1169 106 27 prestera
195 1168 39 21 och
248 1169 34 20 att
297 1168 42 21 den
354 1167 87 28 slutliga
457 1167 149 28 ersättningen
619 1167 34 22 för
668 1168 38 22 två
716 1167 132 28 tredjedelar
865 1167 24 22 af

74 1197 148 23 kostnaderna
241 1197 35 22 får
295 1198 103 27 erläggas
417 1197 132 28 småningom
567 1197 48 22 från
631 1197 70 28 tredje
717 1198 49 21 året
781 1196 57 23 efter
854 1203 33 16 ar-

73 1228 73 21 betets
161 1227 151 23 fullbordande
328 1227 49 22 med
393 1227 42 22 fem
451 1230 90 25 procent
557 1234 32 15 om
603 1227 56 27 året,
669 1227 81 22 hvaraf
760 1231 12 18 3
783 1226 28 29 ”/o
822 1228 66 27 utgör

73 1259 64 21 ränta
154 1258 39 22 och
210 1260 12 20 2
238 1258 28 28 %
282 1257 138 29 amortering.
446 1258 69 21 Detta
531 1260 24 19 är
571 1258 40 21 allt
626 1258 24 21 af
662 1257 168 27 utomordentlig
840 1257 48 28 vigt

73 1288 41 21 och
129 1288 97 22 kommer
241 1289 33 20 att
290 1293 71 22 gagna
376 1286 8 22 i
399 1288 42 27 hög
457 1288 55 26 grad
527 1287 74 22 landet
617 1287 57 22 blott
688 1288 36 20 det
734 1287 43 22 blir
787 1288 100 21 närmare

73 1317 75 21 kändt.
180 1317 48 23 Som
246 1317 39 27 jag
301 1317 66 21 redan
383 1317 55 22 hade
454 1319 54 19 äran
523 1319 84 25 nämna,
623 1317 91 22 föreslår
730 1317 108 21 utskottet
852 1323 35 15 en-

73 1347 52 21 dast
141 1353 26 15 en
183 1346 159 28 undersökning
353 1346 112 28 angående
476 1347 41 21 den
527 1346 131 28 ifrågasatta
668 1346 219 28 kanalförbindelsen,

73 1376 40 22 och
129 1377 38 21 vill
181 1377 38 26 jag
234 1376 72 22 derför
322 1376 131 22 understöda
468 1377 108 21 utskottes
591 1376 88 28 förslag.

144 1406 114 21 Edusmies
277 1406 112 22 Suutarla:
408 1406 62 21 Minä
489 1406 82 20 samoin
589 1406 52 21 kuin
657 1406 79 20 edusm.
754 1405 90 21 Brusila
859 1411 27 15 en

72 1436 67 20 tunne
157 1436 74 20 tämän
249 1435 101 21 kanavan
370 1435 113 27 tärkeyttä
497 1435 22 27 ja
534 1434 221 22 kannattavaisuutta
768 1434 24 27 ja
806 1434 80 28 luulen,

73 1465 46 21 että
136 1464 57 22 koko
214 1465 70 33 sääty
292 1470 28 16 on
336 1464 50 22 sillä
400 1464 111 22 kannalla.
542 1464 57 22 Tätä
615 1463 59 23 asiaa
690 1470 28 15 on
732 1463 89 23 toiselta
836 1470 49 28 puo-

72 1494 36 23 len
127 1495 133 22 kannatettu
276 1494 23 28 ja
318 1494 89 22 toiselta
422 1495 140 22 vastustettu.
594 1494 63 22 Minä
672 1500 27 16 en
714 1493 51 23 soisi
781 1496 48 20 että
844 1493 43 23 sitä

792 1537 23 20 87
