1111 1784
219 117 46 18 1788
395 117 184 23 Talonpoikaissääty
591 119 23 17 26
627 124 16 16 p.
656 118 83 18 Toukok.
752 118 51 18 1894.

196 188 113 23 underhäll
325 188 24 22 af
362 188 106 23 elektrisk
484 189 87 29 ledning
587 190 53 22 eller
655 188 141 24 bedrifvande
807 188 25 23 af
839 188 73 23 fabrik
922 188 11 23 &
944 188 58 29 jern-

196 220 42 26 väg
259 218 52 22 eller
330 225 71 15 annan
421 219 95 27 spårväg
535 219 32 21 för
587 220 79 21 allmän
682 218 146 22 samfärdsel."
860 218 29 24 Vi
904 218 58 22 lefva
977 219 26 22 sä

196 250 34 20 att
245 250 54 26 säga
314 248 7 22 i
337 248 173 22 elektricitetens
526 249 113 22 tidehvarf.
665 248 97 22 Hvarför
778 248 57 22 skall
848 248 42 22 den
904 248 99 23 enskilda

196 284 46 16 som
267 277 103 28 anlägger
395 278 121 22 elektriska
540 278 113 28 ledningar
677 278 80 22 befrias
779 277 49 22 från
851 279 35 20 att
904 277 99 23 försäkra

196 307 129 22 arbetaren?
352 307 82 22 Männe
448 308 48 21 icke
512 307 61 23 faran
589 308 76 22 dervid
679 314 53 16 vara
745 307 46 22 lika
802 308 46 21 stor
859 313 44 16 som
914 314 34 15 om
958 307 45 23 led-

196 337 79 27 ningen
294 337 104 27 anlägges
417 337 34 21 för
469 337 79 22 allmän
566 337 133 23 samfärdsel.
731 337 46 23 Och
796 336 102 28 slutligen
914 336 38 23 vill
965 338 38 27 jag

196 366 34 22 vis
246 367 14 21 å
275 366 33 22 vis
324 366 162 23 reservationen
502 367 115 22 framhälla
631 369 34 20 att
674 367 38 28 jag
722 367 48 21 icke
781 366 58 22 inser
849 366 88 23 hvarför
945 367 58 27 jord-

196 396 110 22 brukaren
326 396 57 22 skall
402 403 54 15 vara
474 396 28 22 fri
522 397 48 22 frän
589 397 152 28 skyldigheten
757 398 33 20 att
807 396 85 28 skydda
908 396 47 22 sina
971 403 33 15 ar-

196 427 75 21 betare
287 432 33 15 om
336 426 42 21 han
394 426 40 21 har
450 428 33 19 ett
499 426 166 27 ängtröskverk,
682 428 31 20 ett
728 426 117 27 ängmejeri
856 426 52 21 eller
918 426 85 22 sädant.

197 456 45 27 Jag
257 457 47 20 tror
319 455 37 22 det
371 455 70 22 skulle
456 462 54 16 vara
523 458 70 20 större
604 456 65 22 orsak
680 457 33 21 att
723 456 79 27 älägga
812 455 75 22 honom
898 457 27 20 än
936 456 67 21 andra

197 485 71 22 denna
290 485 131 28 skyldighet.
452 485 108 28 Vanligen
583 486 40 22 har
645 491 49 16 man
713 485 29 28 pä
761 485 75 22 landet
855 485 82 22 mindre
953 486 50 27 äng-

197 515 117 27 maskiner,
332 521 44 16 som
391 515 49 22 icke
456 515 66 22 hafva
537 515 151 22 examinerade
704 515 140 22 maskinister
860 517 56 20 samt
931 515 73 22 derför

197 545 47 22 ofta
259 544 67 23 blifva
342 545 84 22 mindre
442 545 136 28 omsorgsfull
595 546 80 26 skötta,
691 545 40 22 och
746 545 39 22 der
800 547 26 19 är
840 545 64 22 faran
920 545 84 22 säledes

197 575 47 22 lika
259 576 46 21 stor
321 581 33 15 om
370 574 18 28 ej
405 576 70 20 större
491 577 27 20 än
533 575 8 22 i
556 575 27 22 de
598 575 111 28 egentliga
723 574 131 23 fabrikerna.

268 611 45 28 Jag
328 610 68 22 finner
411 610 91 23 sälunda
518 611 6 22 i
540 610 12 29 &
569 613 12 20 2
597 617 27 16 en
640 611 25 22 sä
681 612 46 20 stor
742 610 166 27 inkonsegvens,
924 612 34 20 att
967 611 38 28 jag

197 640 49 22 icke
263 642 37 20 vet
315 640 54 22 huru
385 639 41 23 den
442 640 58 22 skall
514 641 73 22 kunna
603 641 153 26 förekommas;
770 640 131 23 ätminstone
913 642 46 20 tror
967 641 38 27 jag

198 671 34 21 att
252 670 41 22 den
312 669 50 23 icke
380 676 78 22 genom
478 670 26 22 de
523 670 152 28 förändringar
690 676 46 16 som
751 669 99 29 möjligen
866 672 58 20 ännu
939 670 66 22 hinna

200 700 39 22 och
254 700 74 22 kunna
348 699 102 28 vidtagas
465 700 8 21 i
488 700 123 23 densamma
626 701 45 21 kan
687 700 67 23 blifva
770 702 68 20 annat
853 702 28 20 än
897 701 33 21 ett
944 700 60 28 lapp-

198 730 60 22 verk.
290 730 63 22 Dock
377 729 37 23 vill
436 730 38 27 jag
496 730 49 22 icke
567 731 45 22 helt
632 731 39 21 och
691 730 68 22 hället
778 730 98 22 förkasta
892 730 113 29 förslaget,

198 760 90 22 emedan
308 760 38 27 jag
368 760 8 21 i
395 760 75 27 hvarje
490 760 39 22 fall
544 767 64 15 anser
623 761 38 21 det
677 766 54 17 vara
746 760 24 22 af
784 761 45 21 stor
845 760 53 28 vigt,
912 760 39 28 jag
965 760 40 22 har

198 790 78 22 endast
291 790 59 22 velat
364 789 86 28 päpeka
466 789 26 22 de
508 790 190 28 inkonsegvenser,
714 797 45 15 som
775 789 89 24 vidläda
878 789 125 23 detsamma.

198 820 52 22 Kan
266 820 63 22 deraf
341 821 64 26 göras
422 819 73 28 nägot,
512 820 25 22 sä
552 823 25 19 är
590 821 39 28 jag
644 821 41 21 den
696 819 69 23 första
775 826 45 16 som
831 822 25 20 är
866 819 49 23 med
925 820 79 23 derom.

198 850 53 23 Men
264 850 38 28 jag
318 850 95 22 kommer
428 849 28 22 dä
472 849 76 23 därvid
563 850 67 22 ocksä
646 851 33 21 att
694 849 70 23 säsom
779 849 154 28 grundprincip
948 850 59 22 hälla

198 880 28 28 pä
249 881 34 21 att
306 880 8 22 i
333 879 44 23 alla
397 879 27 23 de
443 879 45 28 fall,
505 880 39 22 der
558 880 117 22 arbetaren
691 881 24 21 är
730 881 71 21 utsatt
816 880 34 22 för
864 880 71 28 nägon
950 880 56 28 fara,

198 911 39 21 bör
256 910 42 22 han
317 916 54 16 vara
386 909 122 28 försäkrad,
524 910 37 22 det
575 911 35 21 mä
625 910 28 22 dä
669 910 58 28 gälla
742 912 34 20 att
791 910 43 22 han
850 912 24 20 är
889 910 8 22 i
912 910 42 22 den
969 916 36 17 en-

198 940 89 28 skildes,
308 940 3 22 i
326 940 140 22 kommunens
482 940 53 22 eller
550 940 7 22 i
573 942 86 20 statens
674 940 72 28 tjenst.

269 976 67 22 Hvad
358 975 108 23 beträffar
489 976 41 22 den
552 976 48 22 fara
621 976 90 22 hvilken
727 976 234 27 jordbruksarbetaren
981 978 26 20 är

199 1007 69 21 utsatt
283 1006 34 22 för
332 1005 37 23 vid
383 1005 157 29 handteringen
552 1006 23 22 af
583 1006 167 28 sörpmaskiner,
761 1005 148 29 tungavältar,
920 1006 87 22 slotter-

199 1036 116 27 maskiner,
335 1035 124 28 tröskverk,
480 1036 115 27 höpressar
615 1042 18 16 o.
655 1042 16 16 s.
692 1042 28 21 v.,
737 1036 24 21 sä
776 1037 47 20 tror
836 1035 38 28 jag
890 1035 41 23 den
946 1035 61 29 inga-

199 1065 66 23 lunda
280 1072 54 16 vara
349 1066 34 21 att
397 1065 87 22 förbise.
511 1066 45 26 Jag
571 1066 43 22 kan
630 1065 73 23 derför
718 1065 48 22 icke
782 1065 58 23 finna
855 1065 88 23 hvarför
958 1066 49 22 icke

198 1095 158 28 jordbrukaren
376 1094 70 23 skulle
462 1100 54 17 vara
531 1096 45 21 lika
592 1095 88 28 skyldig
695 1096 33 22 att
742 1095 86 28 skydda
843 1095 48 22 sina
906 1096 101 22 arbetare

199 1127 45 20 mot
258 1124 115 29 olycksfall
389 1131 46 16 som
450 1124 144 23 fabrikanten.

270 1167 115 22 Edusmies
408 1168 117 22 Teittinen:
546 1167 92 28 Pyydän
658 1167 68 22 saada
745 1166 90 23 mainita
850 1166 159 23 kannattavani

200 1196 43 23 sitä
258 1196 149 28 mielipidettä,
418 1198 46 20 että
475 1196 134 23 lakiehdotus
620 1198 89 21 otetaan
719 1196 133 28 pykälittäin
863 1196 145 23 tarkastetta-

201 1226 63 23 vaksi
284 1227 24 27 ja
328 1228 45 20 että
392 1228 84 20 omasta
495 1226 120 28 puolestani
633 1226 48 23 olen
697 1226 77 23 valmis
790 1226 165 28 hyväksymään
971 1232 38 16 sen

200 1256 155 22 mahdollisesti
370 1256 131 22 vähimmillä
516 1256 138 22 muutoksilla
669 1256 147 22 valiokunnan
830 1256 118 22 mietinnön
963 1262 46 16 mu-

200 1286 65 22 kaan.
296 1286 85 22 Katson
397 1285 166 29 tarpeelliseksi,
579 1288 48 20 että
643 1288 59 20 tämä
717 1286 115 22 laatuansa
847 1286 64 22 aivan
927 1286 49 22 uusi
986 1286 23 27 ja

200 1322 76 15 monen
290 1316 99 21 mielestä
404 1316 156 27 puutteellinen
573 1316 23 27 ja
611 1316 135 27 epämukava
761 1316 139 22 lakiehdotus
910 1322 99 21 pannaan

200 1345 148 22 kokemuksen
365 1345 76 28 ahjoon
457 1345 171 28 puhdistumaan.
656 1345 55 23 Sillä
726 1345 82 22 tavalla
824 1345 52 22 siitä
890 1344 120 23 mielestäni

200 1375 48 22 liiat
263 1375 82 22 kuonat
360 1375 123 22 irtautuvat
498 1375 54 22 sekä
566 1381 39 16 sen
615 1375 75 22 heikot
699 1375 22 28 ja
731 1375 82 22 ontelot
824 1375 73 27 puolet
907 1375 104 28 paljastu-

200 1406 44 20 vat.
269 1405 162 21 Toivottavasti
447 1405 99 26 säädyllä
561 1412 28 14 on
604 1405 188 21 tulevaisuudessa
802 1405 124 21 tilaisuutta
936 1404 74 21 ehdot-

200 1435 39 20 taa
262 1433 70 22 siihen
354 1433 132 28 tarpeellisia
506 1433 121 22 muutoksia
645 1433 23 28 ja
683 1433 133 28 korjauksia.
847 1433 29 22 Ei
890 1432 121 23 mielestäni

201 1463 115 22 ollenkaan
340 1463 33 21 ole
395 1463 99 27 viisasta,
518 1464 45 21 että
583 1463 211 28 talonpoikaissääty
814 1464 62 21 ottaa
891 1462 120 23 tavakseen

201 1492 83 29 hyljätä
298 1492 97 23 tärkeitä
411 1492 210 29 asetusehdotuksia,
633 1492 56 29 joita
701 1499 24 16 se
739 1492 43 23 itse
793 1499 27 15 on
831 1494 108 26 pyytänyt
951 1491 60 23 halli-
