1103 1775
278 105 183 23 Talonpoikaissääty
473 107 11 17 7
498 112 16 17 p.
526 106 87 19 Toukok.
623 107 51 20 1894.
811 106 47 19 1305

72 176 56 25 sella.
147 176 67 24 tulisi:
226 177 44 23 olla
285 177 65 26 valta
355 177 76 24 silloin
446 178 45 22 kun
504 178 52 28 joku
571 178 167 23 maataloudelle
751 178 24 28 ja
790 177 91 24 elinkei-

71 206 69 25 noille,
152 206 129 24 haitallinen
296 207 170 24 uusi-elinkeino
477 208 107 28 ilmestyy,
594 208 98 27 yhteistä
702 207 89 28 hyvää
782 214 25 21 ja
816 214 66 17 maan

70 237 52 20 etua.
143 235 93 23 silmällä
252 236 87 34 pitäen,
361 236 85 24 kieltää
468 237 158 23 väliaikaisesti
650 244 39 15 sen
706 237 173 28 harjoittamisen

70 266 55 21 siksi
143 266 53 22 kuin
215 272 23 16 se
258 266 46 22 ensi
323 266 159 23 kokoontuville
501 267 105 27 säädyille
626 267 108 22 esitetään
748 266 75 23 niiden
838 267 41 29 sal-

69 291 114 38 littavaksi
198 291 56 38 'tahi
272 296 171 23 kiellettäväksi.
477 297 74 22 Mutta
569 298 40 26 nyt
629 297 98 27 puheena
745 296 63 23 oleva
826 303 52 15 arm.

70 324 74 28 esitys;
157 324 55 28 joka
226 327 92 25 näyttää
333 332 94 16 saaneen
442 326 113 27 lopullisen
570 326 194 23 muodostuksensa.
777 326 103 28 ulkopuo-

69 354 56 24 lella.
140 354 85 23 meidän
244 355 125 23 kotimaista
385 355 122 27 hallitusta,
522 356 70 28 jättää
606 356 73 23 näissä
695 355 109 24 suhteissa
819 356 60 28 halli-

70 384 95 22 tukselle
187 385 131 27 rajattoman
336 385 73 23 vallan
425 385 23 28 ja
466 386 49 22 sotii
535 385 37 23 siis
592 386 101 27 säätyjen
710 385 127 29 ikivanhoja
851 385 30 23 oi-

70 414 92 22 keuksia
191 416 92 20 vastaan
306 415 69 23 saada
395 417 61 20 ottaa
478 422 53 16 osaa
553 410 235 44 lainsäätämistoimeen
799 423 6 19 ;
828 414 54 23 siitä

71 446 78 26 syystä
172 450 27 16 on
222 444 54 22 ollut
299 445 44 22 sitä
363 445 168 24 semmoisenaan
547 445 65 23 aivan
626 444 115 24 mahdoton
757 444 121 29 hyväksyä.

71 472 76 24 Mutta
165 474 57 22 minä
240 475 122 27 puolestani
378 475 86 28 pyydän
481 475 67 23 saada
563 475 119 23 kannattaa
698 475 43 22 sitä
756 475 123 27 ehdotusta,

68 504 67 27 jonka
155 504 191 23 kunnallisneuvos
367 505 112 23 Meurman
495 512 26 16 on
537 505 78 28 tehnyt
630 511 38 16 sen
683 504 130 24 mukaisesti
827 504 54 24 kuin

68 506 265 60 Tankkivaltideniesten
357 532 167 38 ohjesäännössä
547 541 26 17 on
596 534 122 23 tällaisesta
736 535 146 28 tapauksesta

71 564 108 27 säädetty.
210 564 52 28 Syy,
285 564 154 24 minkätähden
457 566 57 22 minä
532 567 74 21 tämän
624 564 173 29 vaihtopuolisen.
816 564 64 23 ehdo-

70 594 79 22 tuksen
169 595 121 28 hyväksyn,
310 601 26 16 on
355 601 31 21 se,
407 597 46 20 että
468 602 24 15 se
508 602 27 15 on
550 595 169 28 täsmällisempi
727 595 25 28 ja
766 595 116 24 entuudes-

70 626 52 20 taan
140 630 27 16 on
183 625 107 22 olemassa
305 625 86 23 meidän
406 625 44 22 lain
466 625 201 27 säädöksissämme,
682 625 23 28 ja
719 631 39 17 sen
773 625 106 28 käytäntö

71 654 65 23 sikäli
151 654 58 22 tulee
225 655 166 23 varmemmaksi
407 655 54 22 ollen
476 655 188 28 yhdenmukainen
679 655 85 22 meidän
777 654 103 23 edellisen

70 683 232 24 lainsäädäntötoimen
318 685 86 22 kanssa.

141 713 115 23 Edusmies
279 715 104 23 Starcke:
406 714 163 28 Förordningen
591 714 26 23 af
633 715 44 22 den
696 716 25 20 31
741 720 60 17 mars
823 715 57 22 1879

70 743 124 28 berättigar
213 744 75 28 hvarje
306 744 57 23 finsk
381 744 139 28 medborgare
539 746 33 21 att
587 744 75 23 ntöfva
678 745 27 21 de
720 744 162 27 näringsyrken

71 773 43 22 han
133 773 33 22 för
184 773 53 28 godt
256 774 75 22 finner.
366 774 79 23 Denna
465 774 125 28 förordning
608 774 41 23 har
664 774 124 22 tillkommit
802 778 78 23 genom

71 803 130 25 ständernas
222 804 139 28 medvärkan,
381 803 85 24 hvilket.
484 804 49 23 icke
551 807 26 20 är
594 804 63 22 fallet
671 804 49 22 med
735 804 146 28 kungörelsen

71 833 24 22 af:
114 833 41 25 den
173 835 30 20 14
222 834 47 22 Juli
291 835 110 21 1892:0m
419 834 77 22 förbud
510 836 45 20 mot
570 834 141 28 tillverkning
725 834 26 23 af
764 834 117 28 margarin,

70 863 90 25 hyarför
175 863 48 22 den:
233 869 76 17 senare
325 866 25 20 är
365 864 123 27 lagstridig.
518 863 259 28 Margarintillvärkning
792 863 53 23 eller
861 864 20 27 ej

70 893 9 22 i
97 893 51 26 vårt
162 893 55 23 land
228 896 26 20 är
269 893 24 23 af
306 893 63 29 ringa
383 893 113 29 betydelse
510 893 8 23 i
534 893 68 23 bredd
618 894 48 22 med
681 895 35 21 att
731 894 37 28 lag
783 893 98 24 och:för-

69 923 121 27 fattningar
210 923 132 23 efterlefvas.
367 924 61 23 Vare
443 924 62 22 detta
520 924 66 28 sagdt
599 923 26 24 åt
640 924 62 22 såväl
717 924 43 28 hög
774 929 47 19 som
836 923 43 28 låg:

140 953 50 21 Den
205 953 197 28 lagstiftningsrätt
417 960 45 15 som
477 955 26 20 är
513 953 117 23 ständerna
640 953 242 28 grundlagsenligt
836 949 50 37 tillv

70 982 116 23 försäkrad
201 983 39 22 bör
255 983 69 22 under
338 983 52 27 inga
405 982 148 23 förhållanden
568 983 137 22 inskränkas.
733 983 46 27 Jag
789 983 44 22 ber
847 984 35 22 att

71 1012 23 22 få
109 1012 105 28 uttrycka
230 1012 44 23 min
290 1013 102 23 erkänsla
407 1013 34 22 för
457 1013 38 22 det
509 1013 155 28 förtjenstfulla
679 1014 52 24 sätt,
747 1013 90 27 hvarpä
847 1014 33 21 ut-

72 1042 84 23 skottet
178 1043 74 22 utredt
274 1042 78 29 frågan
375 1043 39 22 och
436 1043 82 27 hoppas
538 1043 108 22 dessutom
665 1044 32 20 att
712 1042 169 24 bondeständets

71 1074 179 26 representanter
265 1072 19 28 ej
300 1072 69 28 under
384 1078 27 17 en
427 1074 34 20 tre
477 1073 113 22 mänaders
601 1072 91 23 vistelse
701 1072 8 22 i
719 1072 161 23 hufvudstaden

70 1102 69 28 glömt
161 1102 28 22 de
213 1102 151 28 ,evästyksiä*
388 1103 27 22 de
438 1102 86 23 erhållit
545 1102 23 22 af
582 1102 50 23 sina
651 1101 90 23 valmän.
774 1097 43 38 Mig
825 1097 57 38 'till-

72 1132 58 22 stäld
147 1133 116 27 ,evästys*
280 1132 63 28 lyder
357 1132 8 22 i
381 1132 133 22 hufvudsak:
530 1132 99 28 ,Hvarje
644 1132 167 24 forsterlandets
821 1132 60 25 inne-

71 1162 109 28 byggares
201 1162 105 28 lifligaste
321 1162 83 25 önskan
419 1164 31 26 är,
468 1164 34 21 att
516 1162 121 23 Findlands
652 1163 178 27 representanter
841 1162 42 26 vid

71 1193 65 21 nästa
154 1192 112 28 landtdag,
285 1193 44 22 alla
344 1199 46 16 som
405 1199 27 16 en
447 1199 55 20 man,
518 1192 94 29 kraftigt
627 1192 68 23 måtte
709 1193 88 22 motstå:
806 1192 76 29 hvärje

71 1222 86 28 ätgärd,
180 1228 44 16 som
243 1222 60 23 afser
322 1223 33 21 ett
373 1222 165 23 äsidosättande
556 1223 52 22 eller
626 1222 145 29 ringaktande
790 1222 25 22 af
830 1222 51 23 värt

72 1251 63 23 lands
153 1251 69 28 lagar,
241 1254 57 20 samt
316 1251 67 24 under
401 1252 50 27 enig
470 1251 193 29 sammanslutning
681 1252 95 23 afvända
791 1252 26 22 de
833 1252 48 24 obe-

72 1281 115 28 räkneliga
206 1281 84 28 följder,
310 1287 47 16 som
376 1288 27 15 en
423 1282 96 27 ströring
534 1281 24 23 af
570 1281 174 28 grundlagarnas
759 1281 67 28 hälgd
841 1281 40 22 och

72 1311 55 23 våra
145 1312 125 22 monarkers
290 1311 73 28 heliga
382 1311 148 28 försäkringar
548 1311 70 22 skulle
634 1311 115 23 medföra".
781 1311 45 28 Jag
841 1311 40 22 har

73 1341 45 28 mig
137 1341 81 22 bekant
233 1343 35 20 att
282 1341 95 22 flertalet
393 1341 215 23 ständsmedlemmar
624 1341 87 22 erhållit
726 1341 104 23 liknande
844 1341 37 28 pä-

73 1371 123 22 minnelser.
226 1371 68 23 Hvad
306 1371 39 28 jag
360 1377 29 17 nu
403 1373 72 26 yttrat
490 1371 40 22 har
542 1372 38 28 jag
595 1372 72 27 yttrat
682 1371 72 23 säsom
769 1376 112 22 represen-

72 1402 49 21 tant
136 1400 34 22 för
187 1403 63 24 7,000
266 1401 24 21 af
303 1401 86 22 landets
404 1401 147 27 medborgare.
582 1401 46 26 Jag
643 1401 111 22 förkastar
769 1401 42 22 den
825 1401 55 27 kejs,

73 1413 169 65 propositionen.
248 1430 40 22 och
304 1429 125 28 godkänner
445 1430 121 22 utskottets
581 1430 70 21 första
665 1430 66 22 kläm.

143 1459 114 23 Edusmies
273 1460 147 33 Lagerström:
432 1459 53 23 Med
495 1459 139 24 erkännande
644 1459 25 22 af
677 1459 138 35 regeringens
825 1444 56 43 goda

72 1468 75 58 afsigt.
143 1491 44 22 -att
193 1489 97 25 handla
284 1485 11 43 i
302 1489 220 25 öfverensstämmelse
533 1489 48 23 med
592 1489 85 23 landets
684 1489 75 29 mejeri
767 1489 114 35 intressen,
