1103 1786
225 114 46 18 1632
399 113 184 24 Talonpoikaissääty
596 113 22 20 19
631 119 18 17 p.
661 112 83 19 Toukok.
759 113 51 18 1894.

271 186 49 21 että
335 184 154 29 valtiosäädyt,
505 185 135 22 armolliseen
655 184 125 28 esitykseen
791 185 164 21 vastatessansa
965 184 45 22 ala-

201 214 100 22 maisesti
315 214 115 28 anoisivat,
446 217 48 20 että
508 214 156 23 Keisarillinen
674 213 139 29 Majesteetti
824 213 121 28 suvaitsisi,
953 213 58 28 jotta

201 244 104 27 kysymys
319 244 14 28 j.
351 250 21 16 n.
388 250 18 16 e.
423 244 146 23 valiokunnan
585 244 140 23 ehdottaman
741 250 84 21 ponnen
841 243 100 23 mukaan.

271 279 115 23 Edusmies
402 280 84 23 Hirvelä
502 280 102 22 kannatti
619 280 80 21 edusm.
715 279 162 22 Tuomikosken
886 279 124 23 ehdotusta.

269 315 115 22 Edusmies
409 316 117 24 Teittinen:
552 315 116 23 Minunkin
693 314 123 23 mielestäni
841 314 80 23 käsillä
947 314 63 23 oleva

200 345 62 27 ponsi
280 345 58 22 tulee
357 344 185 24 mukavammaksi
558 352 38 16 sen
610 345 220 22 muutosehdotuksen
845 345 85 27 kautta,
944 345 67 28 jonka

200 376 80 21 edusm.
305 375 141 23 Tuomikoski
468 382 28 16 on
518 375 82 28 tehnyt,
618 376 23 28 ja
659 376 111 21 kannatan
790 381 38 16 sen
848 374 76 23 vuoksi
940 376 70 21 hänen

200 405 149 22 ehdotustaan.

269 440 117 23 Edusmies
401 441 102 24 Castrén:
519 441 101 23 Minäkin
636 441 112 22 kannatan
759 441 80 22 edusm.
851 440 160 24 Tuomikosken

199 471 102 22 tekemää
317 471 122 23 ehdotusta.

269 506 117 23 FEdusmies
410 507 113 30 Lindberg:
538 508 13 21 I
574 508 92 22 motsats
686 506 34 22 till
739 506 41 23 den
796 506 132 28 föregående
943 506 67 22 ärade

199 536 85 22 talaren
307 542 65 16 anser
393 537 44 28 jag,
460 538 34 21 att
517 537 28 22 dä
564 537 90 22 ståndet
672 542 28 16 en
720 537 59 27 gång
797 537 41 21 har
855 536 98 29 godkänt
969 536 41 22 den

198 566 70 22 första
286 567 115 27 klämmen,
417 567 71 28 ligger
503 568 37 21 det
554 569 54 20 nära
625 567 34 22 till
674 567 69 22 hands
759 569 34 20 att
808 566 9 23 i
831 567 131 22 skrifvelsen
977 567 34 21 till

198 596 65 22 Hans
281 596 108 28 Majestät
407 596 26 22 sä
447 598 34 21 att
495 599 55 26 säga
564 597 76 21 förena
655 596 65 22 dessa
736 596 112 27 klämmar,
864 596 20 22 d.
901 602 20 16 v.
939 602 17 16 s.
973 596 38 22 det

199 626 70 28 gäller
284 632 29 16 nu
328 626 142 29 naturligtvis
485 626 78 28 sjelfva
578 626 114 27 klämmen,
705 632 49 16 men
764 626 9 22 i
782 627 42 21 och
834 626 48 22 med
893 626 118 22 detsamma

198 655 119 25 ständerna
340 657 87 21 anmäla
449 658 35 20 att
507 657 26 21 de
555 656 49 23 icke
624 657 84 21 kunnat
727 656 117 28 godkänna
861 656 150 28 författnings-

199 685 111 29 förslaget,
326 686 79 22 tänker
419 686 38 29 jag
467 686 67 22 ocksä
545 686 246 28 expeditionsutskottet
800 686 9 22 i
818 685 194 23 svarsskrifvelsen

198 716 97 22 kommer
305 717 34 21 att
349 716 35 22 till
395 716 76 22 orden:
484 716 62 27 ,med
556 716 157 22 framhällande
724 716 24 22 af
756 716 42 22 den
806 716 145 27 motsägelse*
961 718 50 25 etc.,

199 746 72 22 såsom
286 746 37 22 det
336 746 63 22 heter
409 746 8 22 i
427 745 332 29 sammanjemkningsförslaget,
770 745 74 29 bifoga
854 747 33 21 ett
897 745 114 23 uttalande

199 777 35 21 att
249 776 65 22 dessa
330 776 107 22 klämmar
451 776 54 22 höra
518 776 142 22 tillsammans
671 782 28 16 nu
710 776 68 21 sedan
787 776 71 22 första
867 775 108 23 klämmen
985 778 26 19 är

199 806 108 28 godkänd.
334 806 76 22 Skulle
426 805 88 23 ståndet
530 805 65 23 hafva
610 804 116 24 vidblifvid
741 806 41 22 sitt
796 805 60 22 förra
871 805 72 23 beslut
958 805 53 22 eller

198 835 57 23 blott
274 835 123 23 modifierat
417 836 38 22 det
474 836 29 27 på
522 836 67 27 något
604 836 51 27 sätt,
671 835 55 22 hade
741 832 146 26 förhållandet
903 835 58 23 varit
977 837 34 20 ett

200 867 72 25 annat,
289 872 48 16 men
353 872 34 16 om
402 871 50 16 man
466 866 114 26 utstryker
596 852 71 36 denna
681 865 166 28 mellanmening
862 872 25 16 ur
902 865 41 22 sitt
956 872 55 15 sam-

198 878 114 50 manhang,
337 895 25 21 så
383 895 44 22 blir
447 895 38 22 det
505 901 46 16 som
569 895 39 22 två
627 895 72 22 skilda
715 895 65 22 saker
796 894 75 23 hvilka
886 901 49 16 man
951 895 60 22 velat

193 924 125 23 "framhålla.
350 925 36 22 En
408 925 59 22 kläm
489 925 40 22 bör
551 925 37 22 väl
610 924 121 23 emellertid
752 924 116 23 framhålla
890 924 120 23 detsamma

198 961 45 16 som
261 955 32 22 uti
311 954 157 29 motiveringen
487 955 67 22 finnes
572 953 129 24 framhållet.
734 954 81 23 Derför
833 954 77 27 tycker
924 955 39 28 jag
979 956 32 21 att

198 985 65 22 dessa
286 985 39 22 ord
343 990 69 23 gerna
429 985 74 22 kunna
521 985 37 22 stå
573 991 54 21 qvar
643 985 39 22 och
698 984 88 23 förenar
801 984 44 29 mig
860 984 31 23 uti
905 984 106 29 förslaget

197 1014 136 29 fullkomligt.

270 1050 115 23 Edusmies
407 1050 97 24 Stråhle:
520 1051 45 28 Jag
575 1051 40 22 ber
625 1051 35 21 att
670 1049 29 29 på
709 1050 25 22 af
741 1050 146 28 landtdagsm.
898 1050 113 29 Lindberg

199 1079 92 23 anförda
313 1080 49 22 skäl
384 1079 23 23 få
429 1080 131 23 understöda
582 1081 55 22 hans
660 1079 58 28 åsigt
742 1081 40 21 och
802 1080 39 22 vill
861 1079 74 24 dertill
953 1082 57 20 ännu

199 1109 92 29 tillägga
315 1111 32 21 att
367 1110 38 22 det
425 1112 25 20 är
469 1116 27 16 en
511 1109 163 24 administrativ
689 1109 80 30 åtgärd
785 1116 45 16 som
845 1115 50 17 man
911 1109 99 23 anhåller

199 1146 40 21 om,
259 1140 40 23 och
315 1142 34 20 att
365 1140 37 22 det
417 1146 49 16 man
482 1140 68 23 afsett
565 1140 75 23 därför
655 1140 39 22 bör
709 1146 61 16 mera
784 1139 82 30 tydligt
881 1139 128 24 framträda.

197 1170 13 22 I
233 1170 39 22 och
295 1171 49 21 med
367 1170 120 22 detsamma
509 1177 47 15 som
578 1169 152 23 slutklämmen
750 1172 91 25 antages
860 1169 97 28 framgår
973 1170 38 22 det

198 1205 45 17 som
259 1206 26 16 en
301 1199 124 28 nödvändig
440 1199 52 28 följd
507 1200 65 22 deraf
584 1201 35 21 att
634 1199 66 23 dessa
714 1199 40 23 ord
769 1200 54 22 böra
838 1200 96 27 qvarstå.

269 1235 117 23 Edusmies
410 1236 102 23 Castrén:
536 1236 69 28 Kyllä
628 1235 59 23 minä
709 1235 122 28 puolestani
853 1235 80 28 luulen,
956 1235 55 23 ettei

199 1271 70 22 synny
292 1265 82 23 mitään
397 1265 195 28 ristiriitaisuutta,
613 1266 33 27 jos
664 1267 64 26 sääty
746 1265 130 35 päättääkin
895 1266 115 27 hyväksyä

198 1295 80 22 edusm.
296 1295 161 23 Tuomikosken
472 1295 137 23 ehdottaman
620 1301 91 22 ponnen,
722 1295 44 23 kun
778 1295 50 23 vain
838 1295 172 28 perustelmissa,

197 1324 69 22 kuten
289 1325 82 21 edusm.
395 1325 141 21 Tuomikoski
559 1332 27 15 on
609 1325 137 27 ehdottanut,
767 1327 59 19 tämä
846 1325 163 21 ristiriitaisuus

197 1353 59 22 tulee
271 1353 128 28 osotetuksi,
414 1354 23 27 ja
449 1354 58 27 juuri
522 1353 44 22 sitä
580 1353 81 23 edusm.
678 1341 160 35 Tuomikosken
854 1354 93 22 ehdotus
962 1356 47 20 tar-

197 1382 81 23 koitti.
299 1383 96 28 Käyhän
414 1383 163 28 perustelmista
594 1383 56 22 tällä
664 1383 75 23 tavoin
754 1383 91 28 selville,
861 1383 53 23 mitä
929 1384 80 27 säädyt

197 1413 154 22 tarkoittavat.

269 1466 135 24 Keskustelu
426 1467 162 23 käsiteltävänä
610 1467 100 23 olevasta
731 1467 171 28 ponsilauseesta
925 1468 80 27 lopete-

196 1496 59 23 tuksi
270 1497 129 28 julistettua,
416 1497 106 22 esitettiin
536 1498 24 27 ja
574 1497 153 28 hyväksyttiin
742 1498 105 22 tällainen
