1103 1795
221 125 46 20 1716
397 124 184 25 Talonpoikaissääty
592 125 24 18 24
628 131 17 17 p.
658 124 82 19 Toukok.
753 125 51 18 1894.

198 196 99 28 yhteisen
317 197 85 22 kansan
417 196 108 27 edustajia
538 196 23 27 ja
576 195 151 28 koulumiehiä,
741 195 61 28 joilla
817 201 26 16 on
859 195 74 22 varsin
949 194 57 29 laaja

197 227 23 27 ja
236 225 165 28 perusteellinen
416 226 105 21 kokemus
536 225 74 22 näissä
625 225 97 22 asioissa.

269 255 114 23 Edusmies
407 256 138 29 Lagerstedt:
567 255 93 22 Minulla
683 255 19 22 ei
725 255 32 22 ole
779 254 80 22 mitään
879 254 126 23 lisäämistä.

199 285 64 23 Minä
277 285 97 22 ilmoitan
389 292 63 19 vaan,
469 287 46 20 että
530 285 57 22 minä
602 285 60 22 tulen
674 285 170 22 kannattamaan
855 285 68 22 toista
933 286 73 20 vasta-

199 316 103 25 lausetta,
316 315 68 28 jonka
399 315 78 22 edusm.
494 315 113 22 Meurman
623 321 27 16 on
666 315 135 22 ehdottanut.

270 345 116 22 Edusmies
407 345 94 24 Strähle:
522 345 57 22 Lika
599 347 46 20 stor
660 347 41 20 vän
718 351 45 16 som
776 345 39 28 jag
830 346 25 20 är
871 344 23 23 af
908 344 100 23 folkbild-

200 375 58 28 ning,
277 375 46 22 lika
341 375 50 22 litet
406 377 25 20 är
444 375 37 28 jag
496 377 43 20 vän
554 375 24 22 af
592 375 123 27 skoltväng,
731 374 65 23 äfven
813 381 32 15 om
862 375 62 21 detta
938 373 70 24 skulle

200 405 98 22 dikteras
321 405 24 22 af
365 405 126 22 kommunen
515 405 69 22 såsom
607 405 121 22 utskottets
749 404 139 23 betänkande
909 404 98 23 föreslår.

200 435 47 27 Jag
268 434 44 22 kan
335 434 49 22 icke
407 434 57 21 fatta
483 434 90 22 hvarför
592 441 49 15 man
660 434 68 21 under
747 440 26 15 en
792 434 38 27 tid,
847 434 28 21 då
890 433 117 23 folkskole-

200 464 107 23 väsendet
321 465 40 21 har
376 464 49 28 gått
440 464 47 21 med
502 464 25 21 så
542 465 59 20 stora
617 465 48 27 steg
680 463 81 22 framåt
776 470 45 15 som
837 463 37 22 det
888 463 69 22 under
972 463 38 23 det

200 494 54 22 sista
273 494 111 25 årtiondet
403 494 38 21 hos
461 500 35 16 oss
516 494 40 21 har
575 494 56 27 gått,
647 493 57 22 skall
720 493 55 22 äflas
791 493 48 22 med
854 495 33 20 att
901 493 8 22 i
924 500 27 16 en
966 493 44 23 flux

200 524 23 22 få
239 524 72 22 införd
326 531 27 15 en
368 523 42 29 lag,
427 530 44 15 som
487 524 7 22 i
510 524 73 27 hvarje
599 523 37 22 fall
653 523 63 28 länge
731 530 43 21 nog
789 523 71 22 skulle
876 523 69 23 blifva
954 524 56 22 blott

200 561 27 15 en
248 554 42 22 död
305 554 96 22 bokstaf.
433 555 44 26 Jag
493 554 51 22 ville
560 560 23 15 se
599 554 41 21 den
655 553 106 27 kommun,
778 559 46 16 som
839 553 70 22 skulle
924 553 86 23 riskera

201 586 34 20 att
255 584 87 23 besluta
362 583 122 23 införandet
503 584 25 21 af
545 583 62 22 detta
627 583 124 28 skoltväng,
772 589 44 16 som
832 583 8 22 i
856 583 13 30 &
884 585 12 20 7
912 584 98 22 omtalas.

201 615 46 27 Jag
269 616 47 20 tror
339 617 35 19 att
396 614 70 22 denna
489 614 99 22 kommun
608 613 57 22 inom
684 614 84 27 ganska
788 614 51 21 kort
853 613 32 22 tid
902 613 69 23 skulle
987 620 24 16 se

202 645 65 22 debet
285 644 7 22 i
308 645 34 21 sin
357 644 68 22 kassa
440 644 160 22 afskräckande
615 645 57 20 stort
687 644 40 21 och
742 643 147 23 skuldbördan
904 646 57 20 växa
976 644 35 28 sig

202 675 60 22 öfver
277 676 80 20 öronen
373 680 44 16 som
434 675 37 20 det
485 675 70 25 heter,
568 675 25 26 ty
603 675 34 20 att
647 673 128 22 underhålla
785 673 44 23 alla
839 674 28 21 de
877 674 133 28 fattigmans,

202 705 107 28 drängars
325 705 40 21 och
381 704 130 22 statkarlars
526 705 62 26 barn,
604 704 66 22 hvars
685 703 109 22 föräldrar
809 704 20 27 ej
845 704 79 28 sjelfva
939 705 73 22 kunna

202 734 127 23 underhälla
353 734 47 22 dem
423 734 8 21 i
454 740 26 16 en
500 734 69 28 skola,
590 734 37 22 det
647 734 69 22 skulle
736 733 49 22 icke
801 733 68 23 blifva
884 735 71 27 nägon
970 735 42 21 lätt

203 765 46 22 sak.
281 765 46 27 Jag
349 764 59 22 inser
432 763 71 22 derför
525 764 49 22 icke
597 763 89 22 hvarför
706 764 38 21 det
762 763 57 22 skall
837 770 54 16 vara
906 765 26 21 sä
946 765 66 22 brådt

202 795 49 22 med
270 796 34 20 att
322 796 82 26 antaga
422 795 32 21 ett
469 794 126 28 lagförslag,
611 800 44 16 som
671 794 57 21 ändä
743 794 49 21 icke
808 794 44 22 kan
867 794 145 29 förverkligas

202 825 8 21 i
225 825 42 22 den
282 826 109 21 närmaste
407 824 116 21 framtiden
538 824 40 22 och
593 823 89 23 hvarför
696 830 49 16 man
761 823 49 23 icke
825 824 44 22 kan
884 826 68 21 vänta
966 824 46 23 tills

202 856 33 21 ett
258 854 80 22 sädant
359 853 88 28 förslag,
471 860 34 15 om
528 854 37 22 det
588 854 27 22 dä
637 860 47 15 mer
703 860 39 16 ens
760 854 8 21 i
787 854 67 27 nägot
869 854 103 23 afseende
988 857 25 20 är

202 884 115 28 behöfligt,
333 884 44 22 kan
393 884 68 22 blifva
477 884 33 21 till
526 883 97 28 verkligt
639 890 57 21 gagn
710 884 39 21 och
759 885 69 26 nytta.
855 884 157 28 Landtdagsm.

203 914 93 22 Castrén
317 914 39 22 har
377 914 104 27 åberopat
500 914 35 27 sig
553 914 28 27 pä
597 913 145 22 auktoriteter
758 913 53 22 eller
825 914 48 22 med
889 914 69 22 andra
974 914 39 22 ord

203 943 140 23 skolmännen
362 944 57 22 inom
437 944 115 21 utskottet.
585 943 40 23 Om
643 944 37 27 jag
695 944 19 27 ej
730 943 115 28 misstager
860 944 50 28 mig,
926 944 28 22 ha
968 944 45 28 just

203 974 141 22 skolmännen
363 974 159 22 undertecknat
537 974 42 22 den
595 973 68 22 andra
678 974 168 22 reservationen.
878 974 78 22 Denna
971 981 42 15 om-

203 1004 126 28 ständighet
349 1004 84 22 vittnar
453 1004 85 21 således
557 1010 34 16 om
607 1004 33 21 att
655 1003 146 28 skolmännen,
818 1010 46 15 som
879 1004 26 22 hr
920 1004 93 22 Castrén

203 1035 111 26 åberopat,
334 1034 49 21 icke
398 1033 56 21 talat
469 1033 32 22 för
517 1033 75 22 saken.
623 1034 46 26 Jag
684 1033 70 22 skulle
769 1033 72 22 derför
856 1034 57 22 helst
928 1034 86 22 ansluta

203 1064 45 27 mig
262 1062 34 23 till
311 1063 41 21 den
368 1063 71 27 tredje
453 1063 170 26 reservationen,
639 1069 48 15 men
697 1063 33 21 för
740 1064 34 20 att
783 1063 50 21 icke
844 1063 49 22 dela
903 1064 111 27 äsigterna

204 1093 66 22 altför
291 1092 89 28 mycket
403 1093 38 21 och
464 1092 22 22 få
509 1092 64 22 altför
595 1092 79 28 många
694 1093 165 27 omröstningar,
875 1093 39 22 ber
927 1094 38 27 jag
980 1096 34 20 att

203 1123 24 22 få
249 1122 132 23 understöda
404 1122 69 28 tredje
496 1122 163 22 reservationen
679 1122 28 22 dä
727 1122 41 22 den
787 1123 70 21 andra
871 1123 49 22 icke
936 1126 25 19 är
976 1130 38 16 un-

204 1152 110 23 derstödd.

274 1182 116 22 Edusmies
409 1182 102 23 Oittinen:
531 1182 78 22 Täällä
624 1188 27 15 on
666 1181 85 28 pidetty
767 1182 99 22 kauniita
880 1182 89 28 puheita
984 1183 29 22 si-

204 1212 113 28 vistyksen
340 1213 93 21 arvosta.
464 1212 97 21 Erittäin
584 1211 150 22 ilahduttavaa
754 1218 27 15 on
801 1212 54 22 ollut
871 1212 80 28 kuulla,
967 1215 47 19 että

204 1248 24 16 se
251 1248 26 16 on
297 1242 101 27 lähtenyt
417 1241 74 22 niiden
510 1242 93 22 miesten
623 1240 97 28 huulilta,
735 1242 60 27 joilla
811 1242 20 21 ei
846 1242 34 22 ole
895 1242 54 22 ollut
964 1243 50 21 onni

204 1272 171 27 lapsuudessaan
393 1271 115 27 sivistystä
523 1271 72 22 saada.
627 1271 110 22 Jokainen
751 1273 61 26 myös
828 1274 124 26 tunnustaa,
968 1275 47 20 että

204 1302 136 22 kansakoulu
360 1300 73 23 meillä
451 1307 26 15 on
492 1302 23 26 ja
531 1301 57 22 tulee
603 1301 97 22 olemaan
714 1302 84 26 yleisen
814 1302 134 27 sivistyksen
964 1303 50 27 poh-

202 1332 58 26 jana.
291 1330 52 21 Niin
364 1330 90 26 pitkälle
475 1330 87 21 olemme
583 1330 76 21 kaikki
676 1330 147 26 yksimielisiä.
855 1332 76 20 Mutta
946 1332 67 21 sitten

205 1360 58 21 tulee
283 1358 120 22 ikäänkuin
419 1358 167 27 jommoinenkin
605 1358 143 27 erehdyttävä
763 1359 96 22 hämärä.
890 1360 76 21 Toiset
981 1360 32 22 ih-

204 1388 127 22 mettelevät
353 1387 66 22 miten
442 1387 183 22 kansakouluasia
645 1387 24 28 ja
690 1388 85 21 kansan
795 1389 91 27 sivistys
904 1389 111 23 rientävät

205 1418 115 28 eteenpäin
335 1418 52 21 ihan
402 1417 113 27 itsestään,
529 1417 51 28 jopa
596 1417 92 22 melkein
704 1417 53 23 liian
773 1425 102 16 suuressa
890 1419 122 23 vauhdissa.

275 1447 77 24 Meillä
367 1453 27 16 on
409 1447 144 23 valiokunnan
569 1447 151 28 perustelmien
738 1451 27 20 35
781 1449 78 22 sivulla
874 1451 26 21 20
912 1450 102 22 vuotinen

204 1479 82 28 tilasto,
305 1478 52 28 joka
376 1479 96 26 näyttää,
489 1479 46 20 että
551 1477 48 23 sinä
613 1478 79 22 aikana
708 1484 27 16 on
749 1479 101 27 ylempää
865 1479 149 24 kansakoulua

205 1508 170 29 käymättömäin
387 1508 69 22 lasten
467 1507 52 23 luku
530 1508 142 28 lisääntynyt.
696 1508 75 23 Silloin
783 1509 20 22 ei
813 1509 88 23 kukaan
912 1511 101 28 rohjenne
