1106 1784
223 115 46 33 1768
399 118 185 24 Talonpoikaissääty
596 119 24 18 26
632 124 18 18 p.
662 117 84 20 Toukok.
759 117 52 19 1894.

270 190 161 28 Täysi-istunto
445 189 159 28 keskeytettiin
619 189 44 23 k:lo
679 191 39 26 2,4
734 189 14 22 i.
764 195 20 21 p.
795 188 161 29 jatkettavaksi
966 188 44 23 k:lo

203 218 47 30 1/27
266 219 14 22 i.
297 225 34 22 pp.

405 285 98 26 Samana
521 285 99 32 päivänä
637 284 43 27 kilo
700 285 38 30 6,0
760 284 12 27 i.
790 291 20 26 p.

269 343 116 24 Edusmies
409 343 105 23 Hoikalle
538 343 83 28 myönsi
644 343 70 28 Sääty
736 344 123 28 pyynnöstä
881 342 66 24 luvan
969 341 42 24 olla

200 373 73 28 poissa
287 375 61 21 tästä
363 373 88 28 Säädyn
466 373 196 28 täysi-istunnosta.

271 462 115 23 Esitettiin
406 462 64 23 kaksi
490 462 144 23 Ritaristosta
649 463 24 28 ja
688 462 112 23 Aatelista
816 461 102 30 Säädylle
933 468 79 22 saapu-

201 494 63 22 nutta
278 492 52 24 näin
345 493 110 23 kuuluvaa
469 493 229 28 pöytäkirjan-otetta:

659 539 88 29 Utdrag
762 546 26 17 ur
800 539 163 28 Ridderskapet
973 539 40 23 och

588 569 85 24 Adelns
688 569 115 29 protokoll,
818 569 60 24 fördt
892 569 38 24 vid
939 569 73 23 landt-

589 601 71 27 dagen
678 600 8 23 i
700 600 147 29 Helsingfors,
864 600 42 23 den
922 601 29 21 24
965 599 48 29 Maj

591 631 62 22 1894.

270 678 126 28 Föredrogs
411 677 185 23 Bankutskottets
612 677 138 23 betänkande
765 677 43 23 N:o
825 679 11 20 7
853 676 114 30 angående
977 677 36 23 val

201 708 25 23 af
239 707 202 29 Bankfullmäktige
457 708 40 22 och
511 707 153 23 fastställande
679 707 25 23 af
716 707 134 23 instruktion
865 707 34 23 för
914 706 55 24 dem.

271 738 66 22 Efter
356 738 39 22 det
412 737 124 23 diskussion
556 738 8 22 i
579 738 93 22 ärendet
691 740 39 26 egt
744 744 54 21 rum,
813 737 47 23 blef
871 737 142 23 förenämnda

201 768 139 23 betänkande
363 767 26 23 af
407 767 163 29 Ridderskapet
592 768 40 22 och
650 767 74 23 Adeln
744 767 8 22 i
771 767 32 23 alt
818 767 66 28 öfrigt
899 767 114 29 godkändt

201 800 60 21 utom
283 798 70 28 tredje
375 797 108 23 klämmen
506 798 13 22 å
538 804 50 22 pag.
610 800 20 25 5,
650 797 8 22 i
677 797 75 23 stället
766 797 35 23 för
816 797 88 23 hvilken
920 797 93 23 Ståndet

201 830 66 26 antog
290 834 26 16 en
337 827 58 23 kläm
415 827 25 23 af
456 827 96 28 följande
571 828 93 28 lydelse:
682 829 47 26 ,att
742 827 67 29 jemte
825 827 136 28 underdånig
975 834 38 16 an-

201 858 72 23 mälan
289 864 33 16 om
338 857 60 24 valet
413 858 25 22 af
451 857 208 29 Bankfullmäktige,
676 857 34 23 till
725 858 65 22 Hans
805 857 127 29 Kejserliga
944 857 70 29 Maje-

201 890 46 21 stät
262 888 92 23 insända
369 888 92 23 berörda
471 887 133 24 instruktion
614 887 48 24 med
672 888 161 23 underrättelse
843 889 36 22 att
889 888 125 23 densamma

201 918 134 23 omedelbart
349 917 61 24 trädt
424 918 8 22 i
447 918 102 29 gällande
564 918 82 23 kraft".

270 948 88 23 Derhos
375 947 72 23 beslöt
465 948 163 28 Ridderskapet
642 947 40 23 och
697 947 80 28 Adeln,
793 948 29 27 på
837 948 72 22 derom
925 947 25 23 af
962 947 52 23 herr

200 979 26 21 L.
243 977 110 24 Mechelin
367 977 126 23 framstäldt
507 978 90 28 förslag,
612 979 34 21 att
662 977 8 23 i
685 977 156 28 sammanhang
855 977 50 23 med
921 977 92 23 berörda

201 1007 151 29 underdåniga
374 1008 101 22 anmälan
495 1008 77 27 skulle,
591 1008 67 28 jemte
679 1007 165 24 återhemtande
863 1007 8 23 i
887 1007 89 23 korthet
991 1008 24 22 af

201 1038 28 22 de
247 1038 67 27 faser,
333 1037 78 29 frågan
429 1044 34 16 om
481 1039 14 21 4
515 1038 13 29 &
544 1038 7 22 i
570 1040 54 20 1867
640 1038 37 22 års
692 1037 128 29 förordning
835 1037 112 29 angående
962 1038 52 22 Fin-

200 1067 63 23 lands
285 1067 66 23 Bank
374 1067 40 23 och
434 1067 50 23 dess
502 1067 136 23 förhållande
657 1067 34 23 till
711 1069 28 21 68
761 1067 11 30 &
789 1068 24 22 L.
833 1067 27 24 O.
880 1068 134 29 genomgått,

200 1097 127 23 framhållas
345 1097 38 23 det
401 1097 127 28 betänkliga
542 1098 8 22 i
566 1097 167 29 qvarhållandet
748 1098 24 22 af
786 1099 34 20 ett
834 1097 87 23 formelt
936 1098 77 22 hinder

200 1129 45 21 mot
264 1127 42 23 den
325 1126 142 29 fullständiga
485 1127 164 29 tillämpningen
668 1127 25 23 af
706 1127 135 23 Ständernas
857 1127 156 29 grundlagsen-

200 1157 46 28 liga
265 1158 46 22 rätt
329 1158 34 21 att
378 1158 120 22 bestämma
513 1158 84 22 antalet
612 1157 203 28 Bankfullmäktige
830 1157 8 22 i
853 1156 98 29 enlighet
965 1157 49 23 med

200 1187 69 23 redan
284 1187 92 23 nämnde
393 1188 27 21 68
436 1187 13 29 &
465 1188 25 21 L.
508 1187 26 22 O.
551 1188 57 22 samt
622 1187 116 23 huruledes
755 1187 129 28 Ständerna,
902 1192 45 17 som
964 1187 51 23 från

201 1216 34 24 sin
257 1216 54 28 sida,
331 1223 34 15 om
385 1216 42 23 ock
445 1218 53 21 utan
513 1217 99 27 resultat,
628 1217 92 28 tillgjort
734 1217 58 22 hvad
808 1217 84 28 möjligt
906 1217 59 22 varit
979 1218 35 22 för

201 1247 71 22 denna
286 1246 76 28 frägas
377 1246 139 23 äterförande
531 1246 8 22 i
554 1247 93 22 normalt
660 1247 57 28 läge,
728 1246 7 22 i
747 1246 175 28 underdänighet
931 1249 84 20 emotse

202 1276 37 23 det
252 1276 63 22 Hans
326 1276 127 28 Kejserliga
464 1276 106 28 Majestät
580 1276 113 28 behagade
703 1276 37 23 till
748 1278 53 20 näst
811 1276 203 23 sammanträdande

201 1306 95 23 Ständer
319 1305 68 23 afläta
405 1306 68 28 nådig
490 1306 133 27 proposition
638 1306 112 28 angående
766 1306 153 28 upphäfvande
933 1306 25 22 af
971 1308 14 20 4
1001 1306 13 29 &

200 1335 8 21 i
226 1336 54 21 1867
297 1335 36 21 ärs
347 1334 142 22 förenämnda
503 1335 131 27 förordning.

272 1364 45 22 För
332 1366 99 20 närmare
447 1363 117 29 affattning
578 1364 25 22 af
614 1341 63 45 detta
692 1364 80 28 tillägg
784 1363 71 23 skulle
865 1364 150 22 betänkandet

201 1394 175 22 återremitteras
395 1394 35 22 till
449 1394 179 28 Bankutskottet,
649 1394 90 23 hvarom
757 1394 32 22 alt
806 1393 100 23 bemälda
921 1394 94 23 Utskott

202 1425 41 22 och
258 1424 148 23 Medständen
421 1424 68 32 borde
504 1407 140 50 underrättas
658 1430 77 23 genom
748 1424 81 28 utdrag
839 1430 26 16 ur
875 1424 138 29 protokollet.

795 1467 24 19 In
832 1466 63 20 fidem:

746 1502 56 24 Clas
817 1510 19 16 v.
854 1502 88 25 Collan.
