1098 1748
182 108 276 22 Asevelvollisuuskutsuntojen
472 108 147 22 pakkokeinojen
631 108 164 19 lakkauttaminen.
869 110 35 17 735

76 182 157 29 käyttävätpä
255 180 63 29 myös
337 179 72 22 tähän
425 179 156 22 tarkoituksen
597 179 227 23 kuntakokouksissa
839 188 21 21 y.
876 188 28 15 m.

74 211 171 22 tilaisuuksissa
260 209 240 29 poliisiviranomaisia,
512 209 74 29 joiden
597 209 155 23 lausunnoilla
762 217 29 14 on
802 210 102 29 selitetty

74 241 83 22 olevan
164 241 113 28 päättävä
287 240 76 21 voima
373 240 82 21 vasten
466 239 81 22 Hänen
557 239 155 22 Keisarillisen
723 239 181 29 Majesteettinsa

74 269 219 31 perustuslaillisella
316 269 87 22 tavalla
418 269 161 29 hyväksymän
595 269 241 23 kunnallisasetuksen
852 277 50 14 mu-

74 301 63 22 kaan
162 300 81 29 tehtyä
269 299 95 21 kunnan
389 299 113 28 päätöstä.
534 299 104 22 Suuresti
663 306 29 15 on
716 300 58 21 siten
798 299 104 23 loukattu

74 331 136 22 kansamme
233 329 148 22 rakastamaa
404 328 428 29 kunnallis-itsehallintojärjestelmää,
856 330 47 21 kun

75 368 29 14 on
121 359 110 22 tuomittu
247 359 102 28 sakkoja,
366 358 90 29 vieläpä
464 359 181 21 suunnattoman
657 359 117 22 suuriakin
786 360 58 27 siitä,
856 359 47 24 kun

76 391 90 21 kunnat
181 390 23 28 ja
219 388 76 23 niiden
311 388 209 22 luottamusmiehet
536 389 54 21 ovat
605 389 121 21 tahtoneet
741 391 73 27 pysyä
824 396 79 22 perus-

75 419 152 23 tuslaillisella
242 418 99 29 pohjalla
356 418 46 22 lain
413 419 23 28 ja
446 418 113 22 oikeuden
569 418 216 28 noudattamisessa,
796 419 23 28 ja
829 419 74 29 paljon

76 449 153 30 kärsimyksiä
245 449 23 28 ja
283 449 157 20 omantunnon
456 448 77 22 tuskia
548 455 28 14 on
593 448 135 22 kansamme
745 455 41 15 sen
801 449 103 28 johdosta

77 481 85 21 saanut
177 479 88 22 kestää.
297 477 100 23 Samalla
413 478 56 21 kuin
485 478 49 21 olen
551 478 110 21 tahtonut
676 478 72 22 saada
763 479 78 21 tämän
853 479 50 22 lau-

76 509 98 28 sutuksi,
199 508 105 28 ehdotan,
322 509 49 21 että
387 507 192 23 anomusehdotus
595 507 166 23 lähetettäisiin
777 508 125 30 Erityiseen

77 538 263 24 Valitusvaliokuntaan.

150 598 118 22 Edusmies
292 597 51 23 Nix:
375 598 43 27 Jag
438 598 74 21 mäste
528 598 77 27 tillstä,
623 599 36 21 att
674 598 38 28 jag
727 598 115 28 verkligen
858 598 46 22 blef

78 628 149 23 Ofverraskad
250 627 24 23 af
296 628 100 28 begäran
420 634 35 15 om
478 627 166 29 bordläggning
660 628 24 21 af
700 628 42 21 den
759 628 38 22 vid
813 630 90 20 senaste

77 660 92 28 plenum
185 658 134 27 föredragna
334 658 129 28 petitionen.
494 658 81 21 Denna
591 657 66 28 fräga
672 658 86 27 hänger
772 658 24 28 ju
812 665 48 15 som
871 660 33 20 ett

77 688 186 23 damoklessvärd
272 687 63 22 öfver
342 688 51 21 hela
402 688 51 21 vårt
461 687 55 27 folk;
525 687 165 22 kommunerna
698 688 7 21 i
713 689 52 21 vårt
773 688 53 22 land
833 688 71 22 hafva

77 719 70 23 redan
163 718 74 27 älagts
256 718 68 27 böter,
340 717 134 29 uppgäende
483 717 34 22 till
532 717 55 22 flere
603 717 157 22 hundratusen
777 718 69 27 mark,
863 718 41 22 och

78 749 68 22 dessa
169 748 63 22 böter
255 747 55 22 ökas
333 747 78 29 hvarje
435 747 50 28 dag,
510 748 78 28 hvarje
612 748 73 21 vecka
705 747 50 22 med
772 748 132 22 svindlande

78 779 87 29 belopp.
196 778 73 22 Dessa
292 777 64 22 böter
375 780 44 25 äga
435 778 59 21 intet
509 784 49 15 som
574 777 60 22 helst
650 777 50 22 stöd
716 778 7 21 i
739 778 43 27 lag,
800 785 50 14 men
866 780 38 20 äro

78 810 8 20 i
102 809 76 21 stället
194 808 34 22 för
244 808 52 21 värt
311 807 47 21 folk
375 807 24 22 af
409 807 44 21 den
464 808 58 21 mest
532 807 135 22 kränkande
678 808 73 21 natur.
782 807 44 22 Det
837 808 68 27 gäller

78 838 125 28 ingalunda
214 838 57 22 blott
282 838 35 21 att
327 837 24 22 fä
362 836 204 23 kretsnämnderna
577 837 177 29 kompletterade
763 838 41 21 och
812 838 93 21 listorna

78 869 54 22 eller
149 867 226 30 uppbädslängderna
390 867 135 28 granskade,
543 868 25 28 ty
584 867 141 22 nämnderna
736 869 38 20 äro
784 868 24 28 ju
818 868 86 21 beslut-

79 899 50 22 föra
149 900 56 20 utan
221 898 66 21 dessa
303 897 130 28 ledamöter,
450 898 57 21 utan
524 897 41 22 här
580 897 70 28 gäller
666 897 38 22 det
720 898 123 27 nägonting
858 898 48 21 helt

79 930 80 26 annat,
183 928 113 28 nämligen
315 928 36 21 att
366 927 52 22 med
434 927 104 22 oerhördt
554 927 53 22 väld
623 927 110 29 pätvinga
749 929 52 20 värt
815 927 47 22 folk
878 935 27 14 en

79 960 44 27 lag,
141 958 92 23 hvilken
253 958 18 28 ej
288 958 130 22 tillkommit
434 958 7 21 i
456 958 68 27 laglig
540 957 99 28 ordning.
670 958 48 21 Här
733 958 69 27 gäller
817 958 39 22 det
871 960 35 20 att

80 989 52 22 med
156 988 77 28 medel,
258 987 78 23 hvilka
359 987 103 22 hvarken
486 989 44 26 äga
553 987 51 22 stöd
624 988 8 21 i
648 987 37 28 lag
701 988 52 21 eller
770 988 40 22 ock
826 988 56 21 blott
898 989 6 20 i

80 1018 121 29 lagvidrigt
223 1018 119 22 tillkomna
364 1017 168 28 författningar,
550 1018 80 27 tvinga
646 1018 52 21 värt
712 1017 47 22 folk
776 1019 35 20 att
826 1017 80 22 under-

80 1049 69 22 kasta
170 1049 33 27 sig
226 1055 28 15 en
277 1047 135 28 förordning,
435 1054 48 15 som
499 1047 71 28 aldrig
586 1047 24 22 af
627 1047 39 22 det
681 1047 77 22 finska
774 1047 71 22 folket
860 1048 45 21 kan

79 1078 149 23 tillerkännas
244 1078 77 28 lagens
337 1077 72 28 helgd.
440 1077 43 22 För
499 1077 112 22 ernäende
623 1077 25 22 af
659 1077 67 22 dessa
736 1077 76 29 syften
822 1077 84 22 tilläm-

80 1122 42 22 pas
139 1114 88 22 tillfullo
243 1114 134 28 jesuiternas
394 1113 117 29 valspråk:
545 1110 151 25 »Ändamälet
712 1113 76 28 helgar
799 1112 107 23 medlen».

153 1144 57 22 Hela
229 1144 38 21 det
282 1143 77 22 finska
374 1143 72 22 folket
462 1143 47 28 har,
527 1143 61 22 ända
604 1143 71 22 sedan
690 1142 139 29 landtdagen
845 1150 61 15 sam-

80 1174 139 28 manträdde,
243 1173 52 22 haft
317 1174 50 21 sina
392 1173 84 22 blickar
497 1173 141 29 oupphörligt
653 1173 62 22 fästa
731 1174 29 28 på
776 1173 131 22 densamma

81 1205 42 21 och
149 1204 49 22 med
222 1203 119 29 sällspordt
364 1204 96 21 intresse
483 1203 51 29 följt
557 1203 139 28 densamma,
714 1203 107 22 särskildt
836 1203 71 22 under

81 1235 76 21 denna
173 1234 38 27 tid,
229 1234 29 22 då
274 1233 77 23 våldet
367 1234 60 28 ånyo
443 1233 38 22 vill
498 1232 159 23 förkrossande
673 1233 67 28 lägga
751 1234 34 21 sin
796 1233 111 29 järnhand

81 1266 31 27 på
128 1266 52 20 vårt
194 1264 52 22 folk.
278 1263 67 23 Hvad
362 1265 25 20 är
403 1263 30 22 då
448 1263 146 28 naturligare,
611 1265 30 20 än
653 1264 35 21 att
699 1263 138 28 landtdagen
848 1264 59 28 ånyo

80 1295 36 21 för
139 1294 64 22 Hans
226 1294 107 28 Majestät
355 1293 137 27 framhåller,
520 1294 49 21 »att
591 1293 27 22 de
643 1293 24 22 af
683 1293 27 22 de
726 1293 182 22 administrativa

82 1324 188 30 myndigheterna
285 1323 42 23 och
343 1324 168 27 guvernörerna
526 1323 111 28 vidtagna
653 1323 136 28 åtgärderna
804 1323 34 22 för
854 1325 52 20 vär-

82 1354 267 29 nepliktsförordningens
367 1353 177 28 genomförande
555 1354 72 21 måtte
639 1353 138 22 omedelbart
784 1353 124 22 inställas».

82 1385 45 22 Det
149 1384 66 22 borde
239 1384 37 22 stå
291 1384 60 21 klart
372 1383 34 22 för
422 1383 58 23 hvar
495 1383 42 22 och
553 1391 35 20 en,
605 1384 36 21 att
657 1383 38 22 det
711 1386 25 19 är
752 1391 27 14 en
795 1383 113 29 bjudande

82 1415 58 28 plikt
163 1415 33 21 för
217 1414 42 22 den
284 1415 35 20 att
336 1413 50 22 med
403 1413 27 22 de
447 1413 79 27 medel,
544 1421 48 14 som
609 1415 37 20 stå
662 1413 43 22 den
721 1413 34 22 till
771 1413 65 28 buds,
853 1413 55 22 söka

82 1446 27 21 så
133 1445 63 27 begå,
217 1445 34 21 att
267 1443 68 22 dessa
350 1443 147 28 olagligheter
514 1445 71 20 måtte
602 1445 92 20 snarast
709 1443 86 29 möjligt
811 1443 97 29 upphäf-

82 1482 48 15 vas.
162 1475 69 21 Detta
253 1474 42 21 har
317 1473 71 22 också
409 1474 60 21 varit
485 1473 43 22 den
545 1473 60 22 enda
619 1473 160 28 grundtanken
794 1473 41 22 hos
851 1473 58 29 peti-

82 1505 134 22 tionärerna.
248 1504 41 21 Att
305 1503 75 22 denna
396 1503 52 22 ädla
464 1503 109 28 handling
589 1503 56 22 dock
662 1503 90 22 kunnat
768 1505 26 20 så
810 1503 98 22 missför-
