1098 1753
352 115 115 18 Painoasiain
479 115 133 19 lainsäädäntö.
851 118 46 18 1039

68 189 143 23 Valiokunta
227 188 53 29 jätti
303 187 140 22 täsmällisen
466 187 142 22 tilastollisen
629 189 55 28 työn
708 188 132 23 tekemättä.
871 189 26 22 Ei

68 219 116 22 suinkaan
207 218 86 22 edusm.
317 217 43 22 Nix
384 217 152 22 tarkoittanut
556 217 89 22 moittia
661 218 155 22 Valiokuntaa
836 219 59 27 siitä,

68 249 56 22 ettei
136 243 122 38 valiokunta
269 248 61 21 tässä
337 247 259 22 suhteessaoleantanut
605 243 108 38 tarkempia
728 248 89 29 tietoja,
823 250 74 21 mutta

69 279 88 22 tahdon
172 279 79 21 tämän
263 277 119 22 kuitenkin
392 277 131 22 lausutuksi
534 276 161 23 Valiokunnan
707 277 189 30 puolustukseksi.

142 337 119 22 Edusmies
288 336 112 24 Karlsson:
431 336 33 22 Pä
487 343 89 15 samma
599 338 60 26 gäng
683 337 22 22 vi
728 337 88 29 päyrka
839 345 57 21 upp-

69 367 118 23 häfvande
211 366 24 22 af
258 366 43 22 den
321 366 133 28 preventiva
477 373 86 21 censur,
587 373 49 15 som
658 366 90 22 utöfvat
764 368 33 20 ett
812 367 85 28 olidligt

69 397 67 30 tryck
151 398 30 28 pä
196 396 39 22 det
249 396 92 29 tryckta
357 395 68 29 ordet,
442 395 108 22 särskildt
565 396 72 22 under
653 396 27 22 de
694 397 91 21 senaste
797 398 59 26 ären,
872 398 25 21 sä

70 427 74 23 skulle
166 428 38 28 jag
227 433 55 15 anse
305 426 38 21 det
363 425 48 22 icke
428 432 56 15 vara
499 425 138 29 opäkalladt,
655 433 36 15 om
706 433 54 15 man
776 426 68 22 ocksä
859 427 38 22 vid

70 458 66 21 detta
151 456 88 22 tillfälle
255 455 52 22 ville
318 455 62 22 fästa
392 456 35 21 sin
438 455 202 29 uppmärksamhet
651 456 70 22 äfven
731 456 39 22 vid
782 463 27 15 en
820 464 76 14 annan

70 487 119 29 preventiv
205 492 86 21 censur,
308 487 83 20 nästan
407 484 47 23 lika
469 485 63 26 hård,
545 485 131 23 drabbande
687 486 209 28 yttrandefriheten.

70 517 44 28 Jag
138 523 77 15 menar
239 515 43 22 den
306 522 85 20 censur,
417 522 47 14 som
487 515 41 22 har
552 516 59 21 satts
633 516 29 28 på
683 516 39 22 det
738 516 76 22 talade
830 516 66 22 ordet.

70 547 29 22 Vi
123 546 77 22 känna
224 545 69 23 också
316 545 86 22 enhvar
421 545 7 21 i
447 544 63 23 detta
530 545 72 21 Stånd
623 545 51 22 med
691 545 111 29 säkerhet,
820 546 78 22 hvilka

70 576 149 22 trakasserier
249 575 75 21 denna
349 581 81 15 censur
455 575 41 21 har
522 574 168 28 åstadkommit,
718 575 78 23 hvilka
823 576 74 22 lidan-

71 606 44 22 den
132 605 102 23 enskilda
253 611 104 23 personer
376 604 47 22 fått
442 606 64 20 utstå
526 604 34 22 till
580 604 55 30 följd
661 605 24 22 af
706 605 75 22 denna
806 606 91 22 ostraff-

71 637 57 22 bara
151 643 84 15 censur.
265 635 45 22 Det
333 635 41 22 har
394 635 49 22 icke
463 635 90 22 behöfts
574 636 73 21 annat
663 637 29 20 än
716 637 36 20 att
768 643 27 14 en
811 635 86 28 illvillig

72 666 117 29 angifvare
213 666 40 21 har
276 665 93 27 anmält,
387 666 35 21 att
442 672 28 15 en
491 671 80 22 person
591 665 52 22 fällt
665 666 33 21 ett
714 665 112 30 yttrande,
843 673 53 20 som,

72 697 46 21 kan
134 696 78 27 tänka,
229 695 49 21 icke
289 701 52 15 vore
352 694 53 22 fullt
416 695 114 27 hehagligt
540 694 35 22 för
586 695 174 27 vederbörande,
772 696 41 21 och
824 695 74 22 denna

72 733 81 23 person
172 726 41 21 har
233 724 104 22 straffats
358 725 57 21 utan
436 724 50 22 dom
506 724 41 22 och
562 724 140 28 ransakning
718 726 84 27 många
817 726 81 27 gånger

72 756 88 28 ganska
184 755 89 27 strängt
294 755 57 21 utan
375 755 35 21 att
431 761 39 15 ens
491 754 30 22 ha
536 754 47 22 fått
597 754 104 22 försvara
716 755 39 27 sig,
787 754 111 23 Särskildt

72 786 42 22 har
137 792 52 15 man
213 785 59 21 varit
294 784 84 29 ytterst
401 785 53 21 mån
474 791 42 21 om,
539 785 35 21 att
596 791 106 22 personer
723 785 49 21 icke
788 785 70 21 måtte
874 784 24 22 få

73 816 122 22 undervisa
215 814 82 22 folkets
317 813 70 23 breda
407 814 61 28 lager
484 821 42 21 om,
544 814 61 22 hvad
621 822 49 14 som
687 822 40 14 var
742 815 47 21 rätt
804 815 42 21 och
860 814 38 28 lag

72 846 8 21 i
95 845 84 23 landet.
210 844 42 22 För
275 844 86 22 vården
385 843 24 23 af
432 844 75 22 denna
530 851 80 15 censur
631 844 53 22 eller
710 844 188 23 handhafvandet

73 875 72 28 däraf,
169 876 41 21 har
233 874 48 22 icke
305 875 75 27 någon
403 873 97 23 särskild
520 874 134 29 myndighet
679 874 89 22 funnits
791 874 106 27 inrättad,

73 906 58 22 utan
147 906 23 21 vi
185 905 72 21 måste
273 904 39 22 väl
329 906 60 25 säga,
407 904 36 21 att
458 904 45 21 alla
517 905 56 21 våra
584 904 157 29 myndigheter
752 904 70 22 under
833 904 66 22 dessa

74 937 24 20 år
119 936 83 28 utgjort
223 933 237 30 censurmyndigheter
476 935 29 27 på
522 933 64 22 detta
601 934 91 22 område
708 934 51 22 från
775 934 27 22 de
818 934 81 28 högsta

73 965 35 22 till
131 965 26 21 de
178 965 80 27 lägsta.
289 964 34 21 På
343 963 125 28 angifvelse
488 963 24 22 af
528 970 29 15 en
573 964 77 28 simpel
666 964 106 22 länsman
788 964 40 22 och
844 964 54 29 polis

73 996 58 21 låter
154 995 138 27 guvernören
316 993 100 22 anställa
438 993 74 22 förhör
532 993 35 22 till
586 993 55 29 följd
661 994 24 21 af
704 995 69 27 något
788 994 110 28 yttrande.

74 1025 152 22 Prokuratorn
241 1024 58 21 låter
314 1023 101 29 påbjuda
424 1023 90 28 rättslig
524 1023 171 28 undersökning
705 1024 51 22 med
768 1024 130 27 afgifvande

74 1054 24 22 af
119 1055 30 28 pä
167 1053 94 23 förhand
276 1053 73 28 färdig
365 1053 138 28 anklagelse,
521 1054 73 21 säsom
611 1053 125 29 uppgifvits
752 1053 34 22 för
802 1053 98 30 olydnad

74 1085 48 22 mot
142 1084 42 28 lag,
205 1084 23 28 ja
247 1084 15 21 t.
283 1090 19 15 o.
323 1090 28 15 m.
372 1082 35 23 för
425 1083 157 28 högförräderi.
607 1083 237 28 Generalguvernören
859 1083 41 22 har

75 1114 73 23 afsatt
163 1115 29 28 pä
207 1113 83 22 sådant
306 1113 47 22 sätt
369 1113 115 28 anklagad
495 1119 80 22 person
585 1112 52 23 från
648 1113 170 22 innehafvande
829 1114 71 28 tjänst

75 1145 34 21 till
129 1144 54 29 följd
203 1143 24 22 af
245 1142 62 30 dylik
324 1143 130 28 angifvelse.
485 1143 108 28 Exempel
609 1143 72 22 hafva
696 1143 24 22 vi
735 1144 28 28 pä
780 1144 33 21 ett
828 1143 72 29 dylikt

74 1173 129 23 förfarande
224 1173 166 28 mängahanda,
411 1173 41 22 och
472 1174 47 21 stär
534 1173 38 28 jag
588 1173 51 28 själf
655 1174 75 21 säsom
746 1174 34 21 ett
795 1173 105 22 lefvande

74 1203 141 23 vittnesbörd
238 1210 35 15 om
297 1203 34 22 ett
354 1203 84 21 sädant
457 1203 112 22 beteende
591 1203 42 22 och
653 1210 67 15 anser
734 1203 38 29 jag
788 1203 74 22 därför
877 1204 23 21 vi

75 1234 39 22 vid
129 1233 168 22 behandlandet
312 1232 24 22 af
351 1232 65 22 detta
432 1233 82 21 ärende
529 1233 55 21 böra
599 1233 80 22 kunna
689 1233 75 22 uttala
775 1234 51 21 värt
834 1233 66 22 miss-

75 1265 50 28 nöje
143 1263 62 23 öfver
220 1263 33 22 ett
269 1262 82 22 sädant
367 1263 87 30 system
470 1262 24 22 af
510 1263 127 28 spionering
653 1263 42 22 och
706 1263 194 30 undertryckande

76 1294 24 22 af
124 1293 38 23 det
183 1293 76 22 talade
282 1293 68 22 ordet.
385 1289 77 26 Äfven
485 1292 34 22 för
542 1293 64 21 detta
625 1293 69 22 borde
714 1300 54 15 man
783 1293 79 22 kunna
877 1293 24 22 fä

76 1331 69 15 svara
160 1323 58 22 inför
233 1323 36 28 lag
285 1323 47 21 lika
347 1322 39 22 väl
401 1329 49 15 som
466 1322 34 23 för
516 1322 38 22 det
570 1323 91 28 tryckta
676 1323 68 22 ordet.

148 1353 28 22 Vi
196 1353 77 22 känna
293 1352 46 22 alla
354 1352 40 28 till,
411 1353 59 21 huru
485 1352 72 22 under
573 1352 67 22 dessa
656 1353 78 22 mörka
750 1354 24 21 år
790 1353 110 22 samtalen

76 1383 72 23 hafva
170 1383 55 22 förts
248 1382 127 23 hviskande
395 1383 8 21 i
424 1382 176 29 undanskymda
616 1384 58 26 vrår,
692 1383 29 22 dä
736 1390 54 15 man
805 1383 95 28 befarat,

76 1415 36 21 att
132 1415 73 26 någon
225 1413 103 29 lyssnare
348 1419 53 15 vore
417 1414 62 26 nära,
496 1419 48 15 som
560 1412 76 22 kunde
653 1413 103 28 spionera
772 1414 30 27 pä
818 1420 27 15 en
861 1413 40 22 och

76 1444 157 29 inrapportera,
257 1442 62 22 hvad
342 1449 48 15 som
414 1443 63 27 sagts
498 1442 54 22 eller
572 1442 61 22 hvad
654 1449 54 16 man
729 1443 54 22 trott
799 1443 33 28 sig
847 1443 55 22 höra

77 1475 73 26 sägas.
181 1473 73 22 Äfven
275 1473 8 21 i
304 1472 64 22 detta
389 1472 107 22 afseende
517 1474 25 20 är
562 1472 152 23 förhållandet
730 1480 31 14 nu
776 1473 81 22 liksom
873 1474 29 28 pä

76 1503 173 30 tryckfrihetens
273 1502 90 22 område
387 1502 54 22 vida
460 1502 84 29 ljusare
564 1503 41 21 och
621 1509 53 15 man
690 1504 72 27 vågar
777 1504 49 21 åter
840 1503 62 29 börja
