1098 1748
409 107 160 31 Rakennuskaari.
873 113 36 17 699

149 183 120 22 Edusmies
289 181 55 24 Näs:
375 178 74 26 Äfven
465 183 38 28 jag
519 189 66 15 anser
601 182 40 22 det
657 183 97 28 område,
772 183 60 22 inom
847 183 61 23 hvil-

76 214 40 22 ket
136 214 109 28 storrysja
260 212 50 22 icke
326 211 35 22 får
380 213 106 26 utsättas,
507 211 76 22 alltför
601 213 64 21 stort.
698 213 44 27 Jag
757 213 40 22 vill
813 214 15 21 t.
844 220 18 15 o.
879 220 29 15 m.

76 244 75 29 påstå,
175 244 36 21 att
234 242 46 22 fem
304 241 38 22 km
365 243 26 20 är
413 242 34 21 ett
462 241 34 22 för
520 243 57 20 stort
598 241 95 23 afstånd
708 242 51 22 från
775 242 132 23 laxförande

76 273 81 28 älfvar,
175 273 61 21 inom
251 271 89 22 hvilket
355 279 54 14 man
424 271 49 22 icke
489 278 53 15 vore
559 271 7 22 i
581 271 90 23 tillfälle
687 273 36 21 att
738 272 169 28 utlägga.stor-

76 304 77 29 rysjor,
179 309 35 15 om
238 309 53 14 man
315 301 117 28 betänker,
456 302 36 21 att
512 302 30 28 på
561 303 86 26 många
668 302 81 21 ställen
771 304 91 21 vattnet
878 304 30 28 på

77 334 13 21 5
118 333 40 21 km
185 332 87 21 distans
295 332 65 27 utgör
381 331 39 22 det
435 331 65 28 enda,
521 331 61 22 inom
601 331 89 22 hvilket
705 331 101 23 fiskaren
822 334 30 27 på
867 333 41 22 sitt

77 363 51 28 eget
145 363 14 21 t.
176 369 17 14 o.
210 369 29 14 m.
259 360 133 28 skattlagda
413 362 81 21 vatten
514 361 47 22 kan
581 361 68 22 fiska.
680 361 52 22 Han
753 362 73 22 skulle
845 363 61 21 häri-

76 399 81 22 genom
174 391 107 22 beröivas
297 397 28 15 en
341 391 115 28 rättighet,
474 397 47 15 som
536 391 47 21 han
599 391 25 21 af
641 391 109 28 gammalt
767 391 69 28 enligt
851 392 56 22 häfd

76 423 61 22 varit
153 429 46 14 van
215 422 36 21 att
266 421 95 28 ätnjuta.

150 448 68 25 Ännu
242 457 28 16 en
293 457 76 15 annan
393 450 42 22 sak
458 449 143 23 beträffande
623 450 108 28 förslaget
746 451 53 22 ville
814 451 38 29 jag
868 451 38 22 til-

78 482 75 27 lägga,
165 481 24 22 af
205 482 27 21 sä
247 481 36 22 att
299 482 55 25 säga
370 487 62 14 mera
447 480 107 22 teoretisk
575 481 75 21 natur.
681 481 44 21 Det
747 480 113 23 förefaller
882 481 25 22 af

77 511 174 30 propositionen,
276 517 48 15 som
347 510 73 22 skulle
442 510 67 22 laxen
534 510 56 22 söka
614 510 35 28 sig
668 510 66 28 längs
750 510 102 22 stränder
868 511 39 22 vid

76 540 151 31 uppgäendet.
257 540 70 22 Detta
349 542 25 20 är
395 541 34 21 ett
446 540 70 22 fatalt
536 540 102 28 misstag,
659 541 26 28 ty
704 540 78 29 hvarje
803 541 103 29 praktisk

76 572 85 22 fiskare
178 573 45 25 vet,
236 571 35 21 att
287 570 64 22 såväl
367 570 67 22 laxen
450 570 41 22 och
508 570 64 22 siken
588 577 49 15 som
648 570 167 28 strömmingen,
828 571 78 22 hvilka

77 601 106 28 samtliga
198 600 96 28 fiskslag
309 600 92 22 komma
415 599 52 23 från
482 600 87 26 hafvet,
585 600 64 22 hålla
665 600 33 28 sig
714 600 39 22 vid
763 601 143 29 uppgäendet

76 633 30 27 pä
128 631 93 29 djupare
243 631 80 21 vatten
343 629 34 22 för
398 631 36 21 att
452 630 56 22 söka
524 630 34 28 sig
573 630 104 28 lekplats.
708 630 76 22 Sedan
799 630 66 22 leken
881 632 25 20 är

76 660 117 28 förrättad,
211 660 29 22 dä
255 660 57 22 först
328 661 25 20 är
368 659 44 28 det,
430 666 47 15 som
492 659 151 23 förenämnda
653 660 95 28 fiskslag
759 660 91 22 komma
861 668 44 21 upp

77 692 47 21 mot
147 692 56 28 ytan
226 690 41 22 och
291 689 57 23 söka
371 690 34 27 sig
426 690 33 21 till
484 690 142 27 stränderna,
643 690 42 22 och
701 690 40 22 där
756 692 26 20 är
797 690 44 28 det,
858 698 48 14 som

76 721 76 22 fisken
173 720 101 22 kommer
292 721 36 20 att
343 719 89 28 fångas,
449 726 54 15 vare
519 720 34 27 sig
569 719 64 22 detta
649 720 52 22 sker
716 720 51 22 med
782 721 122 28 storrysjor,

77 751 78 21 skötor
178 750 52 22 eller
251 751 47 20 nät.
330 749 42 22 För
395 750 46 21 min
466 749 35 22 del
525 756 68 15 anser
615 750 44 28 jag,
681 751 35 21 att
732 750 173 28 ifrägavarande

78 780 135 30 proposition
233 781 26 20 är
282 778 92 23 alldeles
398 779 144 28 omotiverad,
564 779 42 22 och
628 780 53 21 ville
703 780 74 22 därför
797 780 47 22 helt
864 780 41 22 och

76 811 72 21 hället
164 810 109 22 motsätta
289 810 46 27 mig
350 808 113 29 förslaget.

151 869 88 24 Päätös:

150 930 175 23 Käsiteltävänä
345 930 56 22 ollut
422 929 131 23 armollinen
570 930 71 30 esitys
657 930 130 23 lähetettiin
802 930 65 23 Laki-
882 931 23 29 ja

77 960 256 28 Talousvaliokuntaan,
355 960 59 22 ollen
436 961 63 29 myös
516 961 87 21 asiasta
619 960 126 23 laaditusta
760 960 145 23 keskustelu-

77 991 166 29 pöytäkirjasta
263 992 36 20 ote
320 990 126 22 mainitulle
466 990 175 22 Valiokunnalle
660 990 96 23 tiedoksi
773 992 131 21 annettava.

151 1051 70 22 Tämä
237 1050 92 30 Säädyn
345 1051 82 29 päätös
443 1050 150 22 tarkistettiin
609 1050 53 23 heti.

149 1200 115 22 Esitettiin
282 1200 154 22 Keisarillisen
452 1200 144 28 Majesteetin
613 1200 131 22 armollinen
760 1200 71 30 esitys
847 1200 57 22 Suo-

77 1238 121 15 menmaan
215 1230 192 29 Valtiosäädyille,
424 1237 35 15 n:o
478 1230 34 28 17,
528 1230 156 29 kyydinpidon
700 1231 24 28 ja
733 1230 172 30 kyytilaitosten

76 1260 192 30 järjestämisestä.

149 1320 150 22 Puhevuoroa
314 1319 160 30 pyydettyään
489 1320 24 28 ja
528 1326 41 16 sen
585 1321 121 27 saatuaan,
722 1320 77 22 lausui

150 1380 111 23 edusmies
289 1379 152 24 Tuomikoski:
472 1379 100 30 Esitetty
593 1387 54 15 arm.
669 1380 70 29 esitys
762 1387 29 16 on
806 1380 100 23 minusta

77 1411 91 22 erittäin
189 1410 106 22 tärkeätä
315 1410 86 28 laatua,
419 1417 24 14 se
459 1409 47 22 kun
526 1409 85 23 koskee
631 1410 100 30 yleisesti
750 1417 68 16 maan
834 1411 71 22 asuk-

76 1441 66 22 kaita
160 1441 23 28 ja
201 1441 77 21 tämän
301 1439 78 22 uuden
402 1439 223 23 asetusehdotuksen
643 1440 101 23 mukaan
761 1440 144 29 kyydinpito-

76 1471 147 22 velvollisuus
246 1469 138 23 ehdotetaan
406 1470 165 22 ulotettavaksi
591 1470 75 29 paljoa
684 1470 150 30 laajemmalle
850 1470 55 23 kuin

76 1501 58 21 mitä
157 1500 107 29 nykyään
284 1507 29 15 on
329 1500 65 21 asian
418 1499 62 23 laita.
512 1500 80 22 Tähän
615 1500 92 22 nähden
730 1501 62 22 minä
814 1500 92 23 luulisin
