1103 1750
240 102 131 19 Valtakunnan
384 102 103 17 Rahastoon
501 101 119 18 suoritettava
633 102 76 22 apulisä.
858 102 33 17 871

67 176 114 23 ställande
205 175 7 21 i
235 173 102 23 Finland.
368 173 26 21 H.
418 173 27 21 M.
469 172 108 29 Kejsaren
601 172 42 22 har
666 172 87 22 således
776 173 8 21 i
810 172 83 29 själfva

67 207 82 22 verket
171 204 50 23 icke
245 211 41 14 ens
309 202 142 23 beträffande
475 202 157 29 värneplikten
654 202 84 21 bifallit
754 202 138 22 Ständernas

68 235 119 27 anhållan;
211 234 64 22 Hans
298 232 108 29 Majestät
429 232 41 21 har
493 231 80 22 endast
589 231 116 28 förklarat,
723 232 35 21 att
773 231 119 29 uppbåden

69 266 65 22 skola
157 263 125 23 tillsvidare
305 262 104 22 inställas
432 262 42 21 och
490 261 87 22 således
594 261 98 28 vidtagit
707 268 28 15 en
751 261 85 22 mindre
852 261 40 22 be-

69 294 102 31 tydande
195 293 86 28 åtgärd,
302 292 119 22 hvaremot
436 291 39 22 det
490 291 92 28 slutliga
596 291 174 29 upphäfvandet
785 291 41 22 och
842 291 51 22 hela

68 324 166 27 rörfattningen
258 323 69 28 gjorts
349 321 111 22 beroende
483 321 24 22 af
530 321 163 28 förhållanden,
718 327 48 16 som
789 321 104 28 möjligen

70 355 50 22 icke
137 354 91 21 komma
243 352 34 22 till
294 351 74 28 stånd,
385 351 52 22 eller
452 351 25 22 af
493 358 27 15 en
536 351 153 28 begränsning
704 351 24 21 af
743 351 101 22 området
860 350 33 22 för

68 385 71 22 fikets
163 383 115 22 allmänna
301 381 42 22 och
366 381 43 22 den
429 381 75 22 lokala
519 380 78 22 finska
613 380 149 28 lagstiftning,
780 387 48 15 som
844 381 48 21 må-

69 413 78 23 hända
163 413 70 27 aldrig
248 412 43 21 blir
306 411 110 28 godkänd.

142 440 75 25 Äfven
233 441 39 22 vill
287 442 38 28 jag
340 440 126 28 framhålla,
483 441 36 21 att
534 439 39 23 det
588 441 25 20 är
628 440 90 27 ganska
730 439 162 29 tvifvelaktigt,

69 481 36 15 om
129 480 28 15 en
181 471 134 28 sådanslags
343 470 72 28 afgift,
443 477 47 15 som
514 471 25 20 är
563 469 127 29 föreslagen
716 471 36 21 att
776 470 117 22 utbetalas

70 503 34 22 till
128 501 249 27 riksskattkammaren,
404 500 58 22 skall
485 500 79 21 kunna
587 507 68 14 anses
678 507 57 14 vara
758 499 86 22 direkte
860 499 34 22 till

71 540 60 21 gagn
148 533 42 22 och
205 532 68 29 nytta
289 530 34 22 för
338 529 84 28 landet,
439 529 41 22 och
495 529 113 22 huruvida
624 528 43 23 den
684 529 97 22 sålunda
797 529 95 28 lagligen

71 563 24 23 af
118 561 128 24 Ständerna
269 561 46 21 kan
337 559 138 29 godkännas.
505 559 45 22 Det
565 561 26 20 är
605 559 53 22 med
674 559 107 22 afseende
797 561 15 20 å
827 559 66 22 dessa

69 592 199 28 omständigheter,
286 597 46 15 som
349 590 69 22 äfven
434 590 37 28 jag
487 596 72 21 anser,
577 591 35 21 att
627 590 165 29 propositionen
803 590 41 22 bör
855 590 38 22 be-

70 622 97 23 handlas
190 622 48 22 icke
262 620 82 22 endast
366 620 7 22 i
398 620 178 22 Statsutskottet
596 620 57 21 utan
670 619 68 23 äfven
754 620 7 21 i
778 619 115 23 Särskilda

70 651 216 24 Besvärsutskottet.

144 711 88 23 Päätös:

143 770 175 23 Käsiteltävänä
334 769 56 22 ollut
405 768 130 22 armollinen
547 768 70 29 esitys
628 768 107 29 lykättiin
746 768 147 22 Valtiovalio-

71 802 112 26 kuntaan,
207 801 47 28 jota
276 799 29 22 oli
330 799 156 22 kehoitettava
509 799 80 21 asiaan
613 798 156 22 hankkimaan
787 799 106 22 lausunto

73 833 64 28 myös
161 829 130 30 Erityiseltä
315 828 274 28 Valitusvaliokunnalta;
604 829 23 28 ja
643 829 28 21 oli
688 828 118 22 sanotuille
823 829 70 21 valio-

73 861 101 22 kunnille
198 859 153 23 toimitettava
374 858 96 22 tiedoksi
489 858 137 29 tarpeelliset
645 858 86 22 kohdat
747 858 74 22 asiata
837 858 57 22 Sää-

72 891 71 30 dyssä
159 889 159 23 käsiteltäessä
334 889 92 22 olleesta
442 888 175 23 keskustelusta.

145 921 70 22 Tämä
231 919 92 29 Säädyn
339 919 81 28 päätös
436 918 148 22 tarkistettiin
600 918 53 22 heti.

145 1039 135 22 Edellisessä
296 1038 205 29 täysi-istunnossa
516 1037 103 22 kuluvan
633 1037 130 22 huhtikuun
774 1038 13 21 3
797 1038 98 29 päivänä

73 1069 134 23 tekemänsä
231 1067 127 30 päätöksen
382 1067 100 22 mukaan
498 1067 76 29 ryhtyi
591 1067 72 29 Sääty
678 1067 105 22 Dosentti
798 1067 98 23 Kustavi

74 1099 149 23 Grotenfeltin
240 1098 80 29 sijaan,
336 1097 54 29 joka
405 1097 219 22 viimeksikuluneen
641 1097 143 22 maaliskuun
802 1098 26 21 31
846 1098 49 28 päi-

75 1131 62 21 vänä
165 1128 149 23 toimitetussa
338 1127 102 22 vaalissa
465 1127 29 22 oli
519 1127 248 29 Talonpoikaissäädyn
793 1127 102 29 puolesta

74 1160 83 23 valittu
175 1158 92 23 toiseksi
283 1157 171 29 varajäseneksi
470 1157 72 22 siihen
559 1157 108 30 Säätyjen
684 1158 145 21 asettamaan
845 1158 50 22 val-

74 1189 165 27 tuuskuntaan,
256 1187 69 30 jonka
340 1187 128 22 tehtävänä
484 1195 28 14 on
524 1187 93 22 vuosien
631 1187 147 22 1905—1907
789 1187 108 23 kuluessa

75 1220 64 29 pitää
153 1219 73 22 tointa
241 1217 100 22 Antellin
357 1217 143 22 kokoelmain
516 1217 158 22 hoitamisesta
689 1218 23 28 ja
723 1217 173 23 kamarineuvos

75 1250 100 22 Herman
190 1247 152 28 Rosenbergin
358 1247 109 22 rahaston
481 1247 150 22 korkovarain
642 1247 182 30 käyttämisestä,
836 1255 61 15 vaan

76 1280 29 22 oli
129 1278 162 23 esiintulleesta
315 1279 81 28 syystä
412 1277 67 22 viime
496 1277 207 29 täysi-istunnossa
718 1279 121 20 sanotusta
854 1278 42 22 toi-

77 1311 74 20 mesta
174 1309 144 28 vapautettu,
342 1307 151 22 valitsemaan
514 1307 70 22 toista
599 1308 145 29 varajäsentä
760 1308 136 22 mainittuun

75 1339 204 23 valtuuskuntaan.

148 1369 72 22 Tässä
243 1367 99 22 uudessa
365 1367 101 22 vaalissa
489 1367 99 22 valittiin
608 1367 179 29 kysymyksessä
803 1367 95 23 olevaan

76 1400 98 29 toimeen
189 1397 112 23 filosofian
318 1397 82 22 tohtori
415 1398 25 21 A.
460 1398 23 22 O.
500 1397 75 22 Heikel
591 1397 28 22 37
635 1397 95 23 äänellä.

149 1429 73 22 Ääniä
248 1427 76 22 saivat
350 1427 104 29 myöskin
478 1427 124 22 arkkitehti
627 1427 23 22 O.
677 1427 119 29 Törngvist
822 1427 28 22 23
876 1429 23 27 ja

76 1459 113 22 edusmies
204 1457 72 23 Roiha
294 1457 10 22 1
322 1459 80 20 äänen.
