1106 1756
203 119 35 18 894
425 116 180 23 Talonpoikaissääty
618 117 10 16 7
642 117 41 21 p:nä
696 116 82 19 tammik.
793 117 52 18 1905.

203 190 104 22 Eikähän
329 188 69 23 voida
417 195 78 20 sanoa,
516 189 49 21 että
585 187 66 30 yksin
670 195 24 14 se
711 187 48 22 olisi
775 188 56 21 ollut
847 188 80 22 eduksi
943 189 91 27 maalle,

204 222 48 20 että
271 219 131 22 kotimaiset
421 218 83 22 miehet
523 219 53 20 ovat
597 218 94 21 viroissa
707 217 70 22 olleet.
809 217 91 23 Edusm.
917 218 116 22 Snellman

204 250 61 21 esim.
286 256 28 15 on
336 249 83 21 tuonut
443 248 56 21 esiin
523 247 147 28 esimerkkejä
693 247 70 22 niistä
781 247 120 28 lääneistä,
917 249 69 27 joissa
1002 255 29 15 on

204 279 128 22 kotimaisia
350 278 87 21 miehiä.
468 277 119 22 Kaikkeen
603 277 71 22 tähän
691 284 27 14 on
736 279 73 27 syynä
825 279 40 20 tuo
877 279 99 20 onneton
986 279 43 27 jär-

203 309 109 28 jestelmä,
336 307 54 30 joka
411 315 27 14 on
458 308 119 21 tuottanut
601 308 160 21 sanomatonta
784 307 137 22 turmelusta
944 308 89 21 maalle.

204 339 29 22 Ja
256 339 47 22 niin
326 338 79 21 kauan
428 337 54 22 kuin
504 344 23 15 se
545 336 137 29 järjestelmä
702 336 110 29 vallitsee,
832 337 63 22 eivät
910 337 123 30 yksityiset

204 368 157 27 virkamiehet,
378 367 63 28 jotka
457 368 50 21 tätä
522 366 152 29 järjestelmää
689 366 136 29 palvelevat,
843 367 38 22 voi
897 367 70 22 tehdä
983 367 48 22 elä-

204 400 52 21 mää
272 397 137 30 paljonkaan
425 396 230 22 siedettävämmäksi.
681 396 75 22 Ainoa
771 397 22 28 ja
809 403 67 22 paras
889 397 66 22 keino
967 399 65 20 tässä

204 435 28 15 on
256 435 30 20 se,
310 429 50 20 että
382 426 81 29 jälleen
486 426 108 29 palataan
614 425 98 22 laillisiin
732 426 89 28 oloihin,
837 427 24 28 ja
882 427 100 22 siitähän
1002 433 29 15 on

204 458 75 22 meillä
297 458 43 28 nyt
356 456 92 22 ainakin
464 456 86 21 hiukan
566 456 81 27 toivoa,
664 455 73 22 koska
752 455 80 22 Hänen
849 456 183 29 Majesteettinsa

204 487 87 22 Keisari
306 494 30 15 on
352 486 99 22 kahteen
470 485 100 22 kohtaan
583 485 109 29 Säätyjen
708 493 107 14 suuressa
830 486 165 22 anomuksessa
1010 487 23 28 jo

204 518 144 28 myöntynyt.
380 516 152 22 Toivottavaa
556 515 55 28 olisi,
639 516 48 21 että
713 516 167 21 suostuttaisiin
904 515 128 22 muihinkin

203 549 23 27 ja
242 548 49 21 että
306 546 93 23 entinen
415 546 62 29 hyvä
491 546 106 28 järjestys
612 545 23 28 ja
644 545 111 22 laillisuus
765 545 61 22 tulisi
838 545 100 22 maahan
949 546 83 29 palau-

205 577 90 22 tetuksi.

277 635 118 22 Edusmies
416 634 86 23 Gädda:
534 634 55 22 Utaf
609 634 38 22 det
663 641 31 14 nu
707 634 151 28 föreliggande
875 635 158 22 betänkandet

204 667 74 21 finner
294 673 54 14 man
364 671 28 15 en
408 664 71 29 tydlig
495 664 52 28 bild,
564 664 67 22 hvart
647 663 39 22 det
698 664 152 28 laglöshetens
861 665 110 27 tillständ,
984 672 48 15 som

205 696 27 22 de
248 697 92 20 senaste
357 696 53 20 ären
427 695 59 21 varit
501 693 107 28 rädande,
625 694 42 21 har
682 694 89 22 kunnat
787 694 56 22 leda.
875 694 48 22 Mer
939 697 30 19 än
985 695 46 22 för-

204 725 77 28 färligt
300 727 26 20 är
352 725 36 21 att
415 731 30 20 se,
473 724 107 22 hurusom
600 723 42 22 den
665 723 122 28 Viborgske
809 725 141 27 guvernören
972 726 60 21 samt

204 756 58 22 hans
279 753 176 30 underlydande,
472 755 29 27 pä
517 754 57 22 sista
589 753 62 23 tiden
667 753 119 23 tillkomna
801 755 138 28 tjänstemän
957 756 30 27 pä
998 756 35 20 ett

205 785 146 29 hänsynslöst
366 784 42 22 och
423 784 86 22 brutalt
529 785 47 21 sätt
594 784 100 28 trampat
712 784 89 22 landets
819 784 64 28 lagar
899 784 71 22 under
985 784 46 22 föt-

205 820 71 18 terna.
306 814 129 29 Godtycket
450 814 41 21 har
506 814 8 21 i
530 814 77 28 hvarje
623 813 41 22 fall
679 814 60 21 varit
754 814 38 22 det
807 814 172 22 bestämmande
991 814 41 22 och

205 845 71 22 hafva
296 844 81 22 därvid
393 844 26 21 de
435 843 145 29 godtyckliga
600 842 64 23 alltid
683 844 60 21 varit
762 843 117 30 skyddade
895 844 25 22 af
935 844 97 28 olagliga

206 874 162 28 förordningar,
388 880 47 15 som
451 874 7 21 i
474 874 27 21 sä
519 873 46 22 rikt
580 874 59 21 mätt
654 873 27 22 de
698 880 79 15 senare
793 874 88 22 tiderna
896 874 136 22 tillkommit.

207 906 43 27 Jag
267 904 38 22 vill
322 903 75 23 därför
412 903 41 22 och
469 910 73 21 anser,
552 904 35 21 att
603 903 63 22 detta
681 903 145 22 betänkande
841 904 40 22 bör
892 904 139 28 godkännas.

276 934 52 22 Men
352 934 71 21 ehuru
446 932 230 23 embetsmissbruken
697 933 41 22 och
761 933 122 29 godtycket
905 934 126 27 säkerligen

205 965 60 22 varit
285 964 59 22 mest
363 962 100 23 rädande
479 964 7 20 i
502 963 105 27 Wiborgs
627 962 45 28 län,
694 963 38 22 vill
747 963 38 29 jag
803 971 31 14 nu
850 964 70 22 äfven
936 964 95 28 päpeka,

206 996 35 20 att
256 1001 53 15 man
326 995 14 20 ä
356 993 71 22 andra
443 994 58 20 orter
517 993 7 21 i
540 994 52 21 vårt
607 992 54 22 land
676 992 69 23 också
755 993 60 22 varit
825 1000 47 15 mer
883 993 52 22 eller
946 994 85 22 mindre

207 1024 123 29 prisgifven
347 1024 25 21 ät
388 1030 87 14 samma
490 1022 147 22 förhällande.
664 1022 30 22 Af
709 1022 27 22 de
747 1024 83 27 mänga
840 1023 40 22 fall
892 1030 52 15 man
955 1023 77 23 kunde

205 1054 71 28 finna,
300 1060 36 16 om
360 1060 53 15 man
435 1052 91 29 började
547 1060 28 14 en
596 1052 86 28 letning
701 1052 57 22 efter
778 1053 93 28 sädana,
892 1053 39 22 vill
946 1054 38 28 jag
999 1061 32 14 nu

206 1086 84 20 nämna
309 1084 39 26 ett,
371 1090 47 14 som
437 1082 69 22 ocksä
521 1082 84 30 tydligt
620 1082 61 22 visar
697 1082 37 22 det
749 1083 117 29 godtycke,
884 1090 47 15 som
947 1083 41 23 hos
1005 1084 26 21 de

205 1121 47 22 nya
266 1114 184 28 tjänstemännen
467 1112 62 22 råda.
554 1112 9 22 I
579 1112 63 22 Vasa
657 1112 75 22 blefvo
748 1112 34 22 för
797 1114 74 26 någon
887 1113 33 21 tid
936 1114 95 22 tillbaka

205 1145 41 21 två
268 1150 105 22 personer
396 1142 100 22 häktade
516 1142 40 28 för,
579 1149 47 15 som
648 1141 39 23 det
703 1142 68 28 hette,
789 1144 32 20 ett
837 1143 103 22 tilltänkt
956 1143 75 22 mord-

205 1173 75 23 försök
303 1174 48 21 mot
374 1172 173 29 polismästaren
567 1172 7 22 i
595 1172 72 28 sagda
691 1172 57 28 stad,
773 1173 40 21 och
837 1174 57 21 utan
913 1174 36 21 att
965 1173 66 22 dessa

205 1210 105 22 personer
330 1202 62 28 fingo
412 1202 101 28 undergä
531 1202 53 28 laga
599 1202 140 28 ransakning
753 1202 35 22 för
803 1202 38 22 det
857 1203 66 28 brott,
941 1210 47 15 som
1004 1203 27 22 de

206 1233 126 29 uppgäfvos
347 1232 31 22 ha
393 1232 85 28 begätt,
495 1232 71 22 höllos
583 1232 27 22 de
626 1239 28 15 en
670 1232 76 28 längre
762 1232 32 22 tid
809 1232 126 29 fängslade,
952 1233 79 22 därvid

205 1264 34 27 de,
266 1263 69 28 enligt
360 1269 56 21 egen
441 1262 96 29 uppgift,
564 1262 180 22 misshandlades
767 1264 30 28 pä
819 1264 34 21 ett
879 1264 74 28 grymt
979 1264 52 21 sätt.

206 1293 100 22 Sälunda
326 1292 76 22 blefvo
420 1292 27 22 de
467 1292 71 22 redan
559 1292 38 22 vid
620 1292 127 22 häktandet
766 1292 41 22 och
822 1292 72 23 under
909 1293 121 28 forslingen

205 1323 34 22 till
255 1322 189 30 poliskammaren
461 1323 30 28 pä
507 1321 38 23 det
561 1323 138 27 grymmaste
714 1323 48 21 sätt
777 1322 94 30 piskade
887 1322 50 23 med
949 1323 81 29 piskor,

205 1352 121 30 piskskaft,
343 1352 120 28 battonger
479 1352 41 22 och
534 1352 173 28 järnkättingar,
719 1352 78 22 hvilka
808 1353 143 22 sistnämnda
961 1353 70 22 sedan

205 1382 75 23 blefvo
296 1382 108 22 använda
419 1382 35 22 till
469 1381 144 23 hanklofvar.
639 1381 43 22 Vid
698 1381 65 23 deras
779 1382 92 28 forsling
887 1390 79 20 genom
982 1384 49 21 sta-

206 1413 44 22 den
274 1412 52 23 redo
352 1411 92 23 ridande
471 1412 81 29 poliser
575 1411 57 22 efter
655 1411 40 22 och
717 1412 46 22 läto
787 1412 50 23 sina
860 1413 79 22 hästar
963 1412 68 23 äfven

205 1445 89 27 trampa
308 1443 31 28 pä
354 1442 57 22 dem.
442 1442 76 21 Under
534 1441 43 22 den
593 1441 33 22 tid
642 1441 27 22 de
686 1443 61 21 sutto
762 1442 125 29 fängslade,
899 1443 70 22 höllos
981 1443 51 22 med

206 1473 52 22 dem
274 1479 27 15 en
318 1479 78 15 massa
410 1471 81 28 förhör,
509 1471 80 22 därvid
605 1471 85 30 polisen
707 1472 62 22 alltid
784 1473 101 22 bemötte
896 1473 51 22 dem
957 1474 30 29 pä
998 1475 34 20 ett

206 1503 38 22 det
267 1502 126 23 brutalaste
418 1503 54 26 sätt,
497 1499 136 24 försökände
657 1501 45 22 alla
725 1502 70 22 medel
819 1504 36 21 att
877 1503 25 22 få
925 1503 51 22 dem
997 1505 36 20 att
