1103 1750
249 100 119 19 Virkavallan
381 101 160 22 väärinkäytökset
554 101 86 23 Viipnrin
653 102 85 19 läänissä.
871 104 34 17 927

76 174 57 22 Jiian
150 174 79 21 suurta
245 172 72 23 lukua
333 173 95 29 pitänyt.
457 173 34 21 Oli
507 173 72 21 silloin
595 174 140 28 tarpeellista
751 174 72 22 saada
837 175 67 28 joita-

77 204 41 21 kin
139 204 87 21 takeita
249 202 252 29 kysymyksenalaisten
527 204 126 27 opettajain
669 204 173 28 pätevyydestä,
859 205 46 28 jota

78 235 81 20 varten
175 232 160 22 Koulutoimen
352 231 128 22 Ylihallitus
496 239 28 15 on
534 232 113 29 esittänyt
657 233 84 28 joukon
752 233 151 30 määräyksiä,

77 263 57 22 ettei
150 269 60 16 vaan
226 261 64 22 kuka
305 261 105 29 hyvänsä
425 262 84 28 pääsisi
525 262 138 28 opettajaksi
679 262 167 23 kouluihimme.

151 321 118 22 Edusmies
293 320 87 26 Reuter;
404 321 84 22 Vikten
512 321 41 22 och
576 321 134 29 betydelsen
734 322 23 21 af
778 322 27 22 de
823 323 80 28 frägor,

78 359 50 15 som
152 351 125 22 behandlas
300 351 7 20 i
331 350 146 23 förevarande
501 351 154 28 betänkande,
679 351 88 28 framgå
790 352 69 22 redan
881 353 24 21 af

78 382 44 21 den
139 381 203 27 omständigheten,
359 382 35 20 att
409 381 48 22 icke
474 380 85 22 mindre
573 383 30 19 än
613 382 52 21 åtta
675 382 228 28 petitionsmemoria!,

78 411 79 22 hvilka
173 410 135 23 behandlats
325 410 24 21 af
359 410 122 22 Allmänna
491 411 224 22 Petitionsutskottet
726 411 41 22 och
778 411 32 22 till
827 412 77 22 hvilka

78 441 116 22 dessutom
218 440 101 22 ansluter
335 441 33 27 sig
384 442 39 25 ett,
445 447 46 15 som
510 440 6 21 i
537 440 166 29 Ridderskapet
722 441 41 22 och
780 441 72 22 Adeln
868 449 36 15 re-

80 471 114 22 mitterats
217 471 33 21 till
275 470 116 21 Särskilda
413 470 218 28 Besvärsutskottet,
649 471 59 21 inom
724 471 45 21 alla
785 472 68 21 ständ
869 472 35 21 in-

79 501 105 22 lämnats.

152 530 116 22 Utskottet
292 529 143 22 konstaterar
457 531 82 26 genast
559 530 7 21 i
586 530 80 29 början
682 530 24 22 af
722 531 35 21 sin
774 531 131 28 utläggning

80 560 24 22 af
128 560 26 22 de
176 559 217 28 missförhällanden,
411 567 44 14 som
473 559 71 22 under
559 559 27 22 de
603 561 91 21 senaste
710 561 53 21 ären
779 561 51 22 rädt
845 561 59 22 inom

80 590 161 22 skolväsendet
261 590 7 21 i
290 589 103 28 Finland,
413 590 40 21 och
469 590 27 21 de
513 590 110 27 ätgärder,
641 590 78 22 hvilka
735 590 108 28 vidtagits
859 593 47 20 mot

80 620 123 28 desamma,
227 621 36 21 att
286 619 34 22 till
343 619 38 22 det
404 626 102 22 program
525 619 33 23 för
573 619 108 23 Finlands
697 620 143 28 förvaltning,
857 628 48 14 som

79 650 119 22 framlidne
222 649 203 28 generalguvernör
446 649 117 22 Bobrikoff
585 649 109 22 föresatte
714 651 34 26 sig
763 652 36 20 att
814 657 90 21 genom-

79 680 57 28 föra,
160 679 68 23 äfven
252 678 67 23 hörde
344 679 171 22 skolväsendets
539 679 218 28 denationalisering,
779 680 41 22 och
841 680 63 22 berör

81 709 79 23 därvid
183 709 56 22 först
262 710 75 20 säsom
358 709 27 21 de
406 709 109 28 ätgärder,
533 709 78 21 hvilka
627 716 53 15 voro
696 709 95 22 afsedda
807 711 34 21 att
856 710 49 22 föra

80 740 35 22 till
137 739 63 22 detta
223 739 52 27 mäl,
300 739 131 22 utförandet
453 739 24 22 af
498 739 27 22 de
545 739 166 28 författningar,
733 747 79 20 genom
828 740 77 22 hvilka

80 769 190 28 undervisningen
285 769 7 20 i
308 769 69 28 ryska
399 769 92 28 spräket
511 768 86 29 gjordes
613 769 146 28 obligatorisk
774 770 7 21 i
798 770 104 28 samtliga

82 801 89 21 statens
187 799 102 22 läroverk
306 799 41 21 och
363 798 51 22 med
430 799 49 21 dem
493 799 126 29 jämförliga
629 799 148 28 privatskolor
787 799 118 22 äfvensom

81 830 7 21 i
105 837 28 14 en
149 829 35 22 del
199 828 222 23 fruntimmerskolor.
448 829 80 21 Såsom
544 829 203 22 kännetecknande
760 829 34 22 för
805 829 26 22 de
843 830 61 21 äsik-

81 861 34 20 ter
132 859 201 28 generalguvernör
348 858 115 22 Bobrikoff
479 859 7 20 i
502 858 143 22 omförmäldt
660 859 106 22 afseende
781 859 72 29 hyste,
868 861 37 20 mä

81 889 46 28 mig
143 889 84 22 tillätas
244 890 35 20 att
295 888 90 23 utöfver
401 888 26 22 de
437 889 70 27 bevis,
519 895 47 15 som
577 889 7 21 i
594 889 156 22 betänkandet
760 889 143 28 framläggas,

81 919 80 22 anföra
176 920 71 27 nägra
263 918 24 22 af
302 918 116 22 Bobrikoff
433 918 76 29 gjorda
525 918 141 22 uttalanden.

154 949 52 22 Han
222 951 72 25 säger:
319 948 74 22 »Inom
409 948 51 22 hela
475 948 126 29 Rysslands
617 948 90 22 omräde
722 949 39 21 bör
776 949 128 28 regeringen

81 979 50 22 tala
153 980 27 21 ett
196 979 73 28 språk.
300 978 69 27 Ingen
385 977 34 23 till
436 978 37 22 det
489 978 71 29 ryska
575 978 78 22 väldet
668 978 99 22 hörande
783 979 121 22 nationali-

81 1010 35 21 tet
139 1009 41 22 har
199 1009 46 21 rätt
265 1009 36 21 att
316 1008 60 22 inom
393 1009 73 26 nägon
483 1015 47 15 som
545 1008 60 22 helst
621 1008 104 28 utöfning
741 1008 24 22 af
781 1009 125 22 statslifvet

81 1039 96 22 tillvälla
200 1039 33 27 sig
257 1039 33 21 ett
313 1037 171 22 åsidosättande
507 1038 25 21 af
555 1038 69 28 ryska
647 1038 151 29 riksspräkets
815 1041 89 19 använ-

82 1068 79 22 dande.
192 1068 97 29 Spräket
312 1070 25 19 är
359 1067 70 22 rikets
449 1068 92 28 andliga
560 1067 55 22 fana
634 1068 40 22 och
690 1068 38 22 det
743 1068 96 22 främsta
854 1069 51 21 vill-

83 1098 64 22 koret
162 1098 34 22 för
206 1098 43 22 den
260 1098 47 21 inre
319 1097 97 22 enheten
427 1098 82 21 mellan
520 1097 67 22 dessa
598 1097 51 22 dess
660 1098 154 27 integrerande
825 1098 79 22 delar».

154 1128 32 22 På
202 1129 33 21 ett
251 1129 72 21 annat
339 1127 75 22 ställe:
434 1127 21 21 »I
471 1127 106 22 ändamål
593 1128 36 21 att
640 1127 128 23 underlätta
779 1128 127 22 inlärandet

83 1158 24 22 af
130 1158 68 29 ryska
221 1158 92 29 spräket
336 1158 31 21 ha
391 1157 103 28 ätgärder
514 1157 109 28 vidtagits
645 1158 33 21 till
694 1157 155 23 förstärkande
865 1158 41 22 och

81 1188 156 23 förbättrande
260 1187 25 22 af
309 1187 190 28 undervisningen
523 1187 75 22 däruti
622 1188 7 21 i
653 1187 27 22 de
700 1187 75 23 lokala
796 1188 109 22 skolorna.

82 1232 29 2 —
128 1219 59 22 Utan
211 1219 35 21 att
267 1217 150 22 underskatta
438 1217 132 29 betydelsen
587 1217 24 22 af
627 1217 67 22 dessa
710 1217 109 28 ätgärder,
836 1218 70 21 häller

81 1249 39 28 jag
135 1248 69 22 likväl
220 1247 52 28 före,
289 1249 36 20 att
341 1247 43 22 den
400 1247 212 28 hufvudsakligaste
629 1247 155 29 underpanten
799 1247 34 22 för
843 1249 62 28 tryg-

83 1278 84 28 gandet
183 1278 23 22 af
222 1277 38 22 det
275 1277 70 29 ryska
361 1277 103 29 spräkets
481 1277 137 28 utbredning
632 1278 7 21 i
650 1277 95 22 Finland
756 1279 72 20 mäste
839 1285 67 15 anses

82 1309 61 27 ligga
157 1309 7 20 i
180 1308 42 22 den
239 1307 114 30 oryggliga
370 1307 99 28 ordning,
487 1314 48 15 som
551 1307 111 22 utesluter
676 1307 142 29 möjligheten
830 1307 29 28 af,
872 1309 34 20 att

82 1345 110 21 personer,
209 1337 78 23 hvilka
303 1337 50 22 icke
369 1339 44 26 äga
429 1337 105 29 kunskap
550 1337 8 21 i
573 1337 70 29 ryska
659 1337 96 29 spräket,
773 1337 24 22 fä
808 1337 98 22 tillträde

82 1368 35 22 till
133 1368 124 22 ämbeten».
624 1392 2 2 N

154 1398 9 21 I
182 1397 41 22 full
247 1397 132 28 anslutning
402 1397 33 21 till
457 1397 38 22 det
511 1404 54 22 nyss
582 1397 94 22 anförda
692 1398 47 21 står
754 1397 98 28 följande
868 1399 38 20 ut-

82 1428 112 28 läggning,
219 1427 92 22 hvilken
335 1427 89 21 klarare
443 1429 29 19 än
489 1427 41 21 allt
545 1428 73 20 annat
634 1427 60 22 visar
710 1427 131 29 syftemälet
857 1427 50 22 med

82 1458 29 21 de
127 1458 109 27 vidtagna
251 1457 142 28 ätgärderna.
418 1456 207 29 Generalguvernör
641 1457 114 21 Bobrikoff
766 1459 65 26 säger
841 1459 65 20 näm-

83 1488 67 27 ligen:
