1092 1753
633 79 15 12 .

192 109 35 17 628
409 106 181 22 Talonpoikaissääty
603 106 11 17 2
627 107 43 20 p:nä
682 105 74 18 helmik.
770 106 52 17 1905.

193 179 153 22 statsmakten
371 185 80 20 genom
475 185 27 14 en
524 177 82 28 mängd
624 177 156 28 förordningar
803 178 58 28 gjort
877 177 144 29 Landtdags-

192 209 128 28 ordningen,
330 207 81 22 liksom
419 207 45 22 alla
473 208 56 21 våra
537 207 71 27 öfriga
618 207 69 27 lagar,
699 207 79 22 hvilka
788 214 81 21 genom
881 207 142 23 Ständernas

192 239 137 22 medverkan
343 237 135 27 tillkommit,
496 237 110 22 beroende
622 237 24 21 af
662 237 174 22 riksintressena
853 237 41 22 och
910 237 24 22 af
949 239 72 26 några

191 269 25 22 få
231 267 142 23 främmande
389 267 67 27 högre
471 267 151 28 tjänstemäns
638 266 116 29 godtycke.
786 267 43 21 Vid
841 267 84 22 sådant
935 267 86 22 förhål-

192 298 67 22 lande
275 297 102 30 erbjuder
392 296 254 28 Landtdagsordningen
662 296 48 21 icke
731 297 74 27 någon
825 297 90 27 garanti
935 297 35 22 för
985 299 36 20 att

193 328 88 22 arbetet
303 327 76 22 denna
399 327 59 27 gång
478 326 72 22 skulle
569 326 81 21 utfalla
666 327 30 27 på
711 333 88 14 samma
815 328 53 25 sätt,
886 334 47 15 som
951 327 70 22 under

192 358 92 27 vanliga
298 356 163 22 förhållanden.
493 356 30 22 Så
539 357 14 20 t.
570 362 34 15 ex.
620 357 26 20 är
662 355 38 22 det
714 356 24 28 ju
749 356 92 28 möjligt,
853 357 35 21 att
899 356 26 22 de
936 356 85 28 lagför-

193 388 54 27 slag,
265 394 48 15 som
337 386 128 22 Ständerna
488 393 31 15 nu
543 385 71 21 skulle
636 385 91 27 affatta,
744 386 89 21 komme
850 387 36 21 att
901 386 33 22 till
950 387 71 21 större

193 417 64 22 delen
280 416 121 22 omformas
425 415 41 23 och
489 415 71 22 sedan
584 415 151 29 promulgeras
758 417 75 20 säsom
857 416 163 28 förordningar,

192 447 78 22 hvilka
293 446 71 22 delvis
387 446 66 21 bestä
473 445 24 22 af
516 445 58 21 blott
598 444 134 22 utlätanden
756 444 51 22 frän
831 445 128 23 Ständerna
978 446 42 22 och

193 476 222 23 administrationens
424 482 55 21 egen
489 475 145 29 uppfattning
642 474 41 22 och
692 474 86 22 säledes
784 475 72 22 blifva
862 482 27 15 en
897 476 123 28 blandning

192 507 24 22 af
240 507 68 27 lagar,
326 512 48 15 som
397 505 179 22 konstitutionen
600 504 49 22 icke
665 504 87 22 känner
771 505 39 21 till.
836 505 83 22 Likasä
935 508 26 19 är
981 506 38 22 det

192 536 91 29 möjligt,
308 536 36 22 att
364 535 27 21 de
411 534 79 28 medel,
512 534 64 22 såväl
596 535 90 21 statens
707 534 109 22 ordinarie
831 535 125 22 inkomster
971 542 48 15 som

192 566 69 22 äfven
282 566 33 27 de,
337 564 80 23 hvilka
437 564 127 22 Ständerna
579 565 85 26 votera,
681 564 79 22 kunna
774 564 73 22 blifva
863 565 107 22 använda
985 565 36 22 för

192 596 48 22 helt
258 596 71 22 andra
348 594 113 27 ändamäl,
481 596 30 20 än
529 594 27 22 de
572 596 38 20 äro
626 594 96 22 afsedda
737 594 39 22 för.
807 594 34 22 Pä
857 594 74 22 denna
947 595 72 28 grund

193 633 50 21 eger
258 624 254 28 Landtdagsordningen
523 624 102 28 giltighet
633 623 49 22 icke
691 624 68 22 heller
766 624 34 22 för
811 624 44 22 den
866 625 70 21 andra
947 626 72 21 stats-

192 656 98 22 makten.
322 655 44 27 Jag
388 654 39 22 vill
450 654 49 22 icke
523 654 93 21 härmed
640 656 61 25 säga,
726 655 36 21 att
780 654 211 28 landtdagsarbetet
1011 655 8 21 i

192 686 77 28 hvarje
289 684 109 22 händelse
417 684 65 27 skall,
502 684 137 21 åtminstone
658 683 70 22 redan
745 691 36 20 nu,
798 684 105 27 afslutas,
920 686 98 20 tvärtom

193 715 58 22 skall
267 715 38 22 det
320 714 125 22 fortsättas.
469 713 51 22 Men
527 713 28 22 dä
566 713 129 22 Ständerna
710 720 28 15 en
746 715 60 26 gång
822 713 93 22 beredes
931 714 88 22 tillfälle

193 746 34 21 att
243 743 176 28 sammanträda,
438 743 55 22 böra
512 743 27 22 de
554 743 82 22 främst
654 743 104 27 begagna
780 744 33 27 sig
830 743 24 22 af
871 744 96 22 tillfället
983 745 36 21 att

193 775 50 22 med
262 774 79 22 hvilka
359 773 72 22 medel
447 780 48 15 som
511 773 58 22 helst
588 773 118 22 äterställa
721 773 137 28 lagligheten
874 774 40 21 och
931 774 88 22 säledes

193 805 68 22 oeksä
284 803 136 23 säkerställa
442 803 110 22 villkoren
574 802 36 22 för
633 802 38 22 det
690 803 92 28 vanliga
802 803 216 28 landtdagsarbetet.

193 835 80 21 Tillika
297 836 24 19 är
342 833 39 22 det
403 833 92 22 alldeles
515 833 115 27 naturligt,
652 833 35 21 att
707 832 64 22 detta
790 833 57 22 sista
868 833 76 22 arbete
960 834 59 22 blott

192 864 133 28 förberedes,
342 863 34 22 till
392 863 51 22 dess
459 864 36 21 att
510 863 78 27 nädigt
599 869 53 15 svar
663 863 29 28 pä
702 862 140 23 Ständernas
853 864 60 21 stora
924 864 94 29 petition

192 901 86 16 vinnes.

264 924 9 21 I
294 923 83 29 själfva
393 922 79 22 verket
488 923 48 21 stär
551 922 39 22 det
605 922 90 27 förslag,
712 929 47 14 som
775 922 54 22 flere
847 923 87 22 utskott
950 923 67 22 fram-

193 954 68 27 ställt,
287 953 50 22 icke
356 953 7 21 i
381 953 56 21 strid
463 952 50 22 med
539 951 13 30 &
573 952 29 22 39
628 951 24 22 af
674 952 23 21 L.
724 952 30 28 O.
781 959 47 15 som
855 953 24 21 af
905 955 112 20 motstän-

193 984 84 22 darena
295 984 41 21 här
353 983 124 28 äberopats.
507 982 45 22 Det
566 982 64 22 heter
646 981 48 22 däri
710 982 68 21 bland
788 984 78 26 annat,
881 984 35 21 att
927 983 90 22 utskot-

192 1016 39 20 ten
252 1013 63 22 skola
339 1012 97 23 insända
459 1012 51 21 sina
525 1011 135 23 utlätanden
676 1012 41 21 och
734 1012 88 28 förslag,
840 1013 41 22 allt
898 1013 56 22 efter
969 1021 48 14 som

193 1043 113 23 ärendena
331 1043 70 22 hinna
427 1042 123 22 utarbetas.
587 1041 41 23 Om
655 1043 33 21 ett
714 1042 52 22 eller
791 1044 73 20 annat
887 1043 82 21 ärende
993 1046 25 18 är

191 1073 110 23 beroende
318 1072 25 22 af
358 1073 33 21 ett
407 1073 78 26 annat,
503 1073 74 21 säsom
593 1071 49 23 ofta
657 1072 111 27 inträffar,
786 1073 26 21 sä
820 1074 25 20 är
856 1072 38 22 det
904 1072 65 28 klart,
981 1074 37 21 att

192 1104 111 22 utskottet
319 1104 73 20 mäste
409 1102 96 22 afvakta
521 1102 51 21 med
587 1102 167 27 behandlingen
770 1102 23 21 af
808 1102 40 22 det
858 1102 76 27 första,
946 1103 71 21 innan

193 1134 38 22 det
247 1140 78 15 senare
341 1132 111 22 slutföres.
479 1132 47 22 Och
541 1132 75 21 finnes
632 1131 38 22 det
686 1132 114 28 verkligen
816 1133 74 27 nägon
907 1132 110 28 viktigare

193 1162 172 28 omständighet,
380 1169 48 15 som
443 1163 39 27 gör
498 1162 27 22 de
541 1162 91 27 vanliga
648 1161 236 28 landtdagsärendena
899 1162 117 28 beroende,

193 1196 28 19 än
237 1192 194 28 rättsordningens
447 1191 177 23 äterställande?
645 1191 70 22 Detta
728 1192 46 21 kan
785 1192 49 22 icke
845 1194 71 26 gärna
926 1193 91 21 tänkas.

192 1224 44 21 Det
255 1225 25 20 är
298 1224 30 28 pä
347 1222 67 22 dessa
433 1222 102 28 grunder,
552 1228 48 15 som
622 1222 39 28 jag
676 1222 7 21 i
698 1221 178 23 Statsutskottet
891 1223 60 21 varit
966 1223 51 21 med

193 1260 35 15 om
244 1253 65 22 detta
323 1252 91 28 förslag,
431 1252 41 22 och
489 1259 88 14 samma
593 1251 142 29 ständpunkt
751 1251 109 23 vidhäller
870 1253 37 28 jag
919 1254 66 20 ännu.

263 1283 70 22 Detta
349 1282 51 22 mitt
415 1282 107 29 yttrande
540 1282 64 28 utgör
620 1281 69 22 ocksä
704 1288 28 15 en
748 1282 139 22 reservation
903 1283 46 21 mot
959 1282 57 22 Ord-

192 1313 120 22 förandens
335 1314 87 26 vägran
446 1312 35 22 att
503 1312 75 22 tilläta
598 1312 138 27 omröstning
755 1312 6 21 i
780 1312 64 22 detta
864 1312 87 22 ärende.
983 1312 34 22 Pä

193 1350 87 16 samma
298 1344 60 26 gäng
377 1342 115 28 begagnar
511 1342 38 28 jag
567 1342 46 27 mig
628 1341 25 22 af
668 1341 98 23 tillfället
781 1343 35 21 att
832 1342 73 22 erinra
920 1349 36 15 om
973 1342 43 22 den

192 1374 110 26 märkliga
328 1372 175 28 omständighet,
527 1372 34 22 att
585 1371 28 22 de
636 1371 145 23 medlemmar
805 1372 36 22 vid
871 1372 146 28 landtdagen,

193 1410 47 15 som
256 1403 51 22 sökt
326 1402 80 22 utöfva
422 1402 53 22 våld
491 1403 30 27 pä
537 1402 154 28 majoritetens
706 1403 102 20 samvete
824 1402 41 21 och
882 1402 78 22 därvid
970 1402 47 22 fått

192 1433 60 28 hjälp
269 1432 24 22 af
309 1433 41 21 vår
365 1432 102 27 Talman,
480 1431 67 22 dessa
562 1433 53 20 män
632 1432 92 27 utgöras
740 1431 24 22 af
778 1431 161 23 konservativa
958 1432 58 22 bön-

193 1463 37 22 der
246 1463 40 22 och
303 1469 27 15 en
347 1462 35 21 del
398 1463 145 28 tjänstemän.
578 1461 44 22 Vid
638 1461 257 28 författningsstriderna
906 1462 7 21 i
923 1462 93 22 världen

191 1493 42 22 har
251 1493 38 22 det
306 1492 107 27 vanligen
429 1491 60 23 varit
504 1491 116 22 bönderna
636 1491 41 22 och
693 1491 64 22 deras
772 1491 64 29 likar,
846 1499 48 15 som
910 1492 107 28 slutligen
