1095 1748
90 118 110 19 Venäläisen
213 116 161 19 santarmiosaston
386 115 154 19 virkatoiminnan
552 115 159 19 lakkauttaminen
724 116 101 18 Suomessa,
851 116 34 18 677

60 189 126 23 uttalande.
217 188 43 22 För
275 186 133 28 ordningens
425 187 41 21 och
481 187 89 27 lugnets
582 186 199 29 upprätthållande
793 187 7 21 i
809 187 78 22 landet

60 219 78 23 kunde
154 219 23 21 vi
192 218 78 30 tryggt
285 216 41 22 lita
341 218 29 28 på
386 218 40 20 vår
441 216 45 22 förr
501 218 27 20 så
536 216 115 28 hederliga
661 216 42 22 och
713 216 101 30 pålitliga
824 217 61 29 polis.

60 250 49 21 Den
134 249 58 27 högg
215 246 130 28 visserligen
368 246 48 22 icke
436 246 25 22 in
480 246 51 22 med
547 246 85 22 blanka
647 253 74 22 vapen
738 248 30 27 på
782 247 105 21 värnlösa

61 285 112 23 personer,
189 278 98 22 kvinnor
302 276 41 22 och
359 276 55 22 barn
429 276 35 22 för
479 277 35 21 att
530 276 70 22 sedan
617 276 24 22 af
651 276 60 28 höga
722 276 164 22 vederbörande

60 309 74 22 blifva
149 306 108 24 aftackad
273 306 41 22 och
330 306 95 22 belönad
440 306 51 22 med
506 306 145 22 tiotusentals
668 306 64 22 mark
748 306 7 21 i
768 306 118 28 gratifika-

61 340 54 26 tion,
139 344 52 16 men
211 337 44 22 den
275 336 114 29 uppfyllde
410 337 168 26 samvetsgrant
596 336 35 21 sin
647 335 58 29 plikt
721 336 108 28 öfverallt,
848 336 39 22 där

61 368 85 22 sådant
161 366 139 30 påkallades.
330 366 48 21 Den
393 373 40 15 var
442 365 136 28 fullkomligt
588 365 108 29 tillfylles,
709 367 26 20 så
745 365 66 29 länge
821 366 66 28 lagen

61 396 172 30 respekterades
257 396 41 22 och
316 395 57 22 hölls
388 396 8 21 i
411 395 73 28 helgd,
504 395 49 22 icke
574 395 98 22 allenast
688 395 24 22 af
728 395 158 28 allmänheten,

62 429 58 21 utan
139 426 70 22 äfven
228 426 25 22 af
268 425 136 22 öfverheten.
435 426 79 21 Annat
528 425 48 22 blef
590 426 79 28 tyvärr
684 425 157 28 förhållandet,
859 425 29 22 dä

62 458 28 22 de
106 457 70 29 ryska
192 456 173 28 usurpatorerna
380 455 78 29 ryckte
473 456 24 20 in
512 455 8 21 i
535 454 79 22 landet
629 455 41 22 och
687 455 50 22 med
754 455 49 22 sina
813 455 75 22 falska

62 488 86 26 teorier,
165 494 36 14 om
217 485 60 23 hvad
295 485 38 22 det
348 486 61 21 stora
424 485 40 22 och
482 485 78 22 starka
575 484 127 29 Rysslands
717 484 70 23 fördel
797 485 40 22 och
849 487 40 20 ära

63 516 80 23 kräfde
166 516 115 28 gentemot
305 514 37 23 det
362 515 46 21 lilla
428 515 41 22 och
490 522 71 21 svaga
581 514 102 29 Finland,
701 514 51 22 med
768 515 52 22 våld
835 515 53 22 ville

64 548 73 22 kväsa
160 545 114 30 laglydiga
297 545 40 21 och
361 545 137 29 plikttrogna
520 544 152 28 medborgare,
697 552 48 14 som
768 544 120 30 predikade

64 576 116 24 motstånd
204 577 47 21 mot
274 575 110 29 godtycke
408 574 41 22 och
469 574 56 28 olag.
556 574 35 28 Ja,
613 574 30 22 då
658 582 42 14 var
715 576 42 21 vår
771 574 118 22 inhemska

63 606 138 30 polisstyrka
224 605 49 22 icke
293 612 61 14 mera
374 604 107 29 tillfylles,
502 605 44 28 nej,
570 604 30 22 då
620 604 108 22 behöfdes
744 606 34 20 ett
793 604 96 29 pålitligt

63 635 142 24 främmande
221 635 104 26 element,
342 641 48 15 som
405 634 49 22 icke
469 633 99 30 ryggade
584 634 96 22 tillbaka
695 633 35 23 för
745 635 70 27 några
827 641 62 15 sam-

65 665 158 29 vetsskrupler,
251 664 41 22 och
317 664 38 22 det
378 671 41 15 var
442 664 35 28 då,
502 671 47 14 som
573 664 39 21 det
634 664 70 29 ryska
728 664 162 28 gendarmeriet

64 695 127 24 inkallades
207 695 41 22 och
263 701 61 16 vann
340 694 48 22 fast
403 694 33 22 fot
452 694 7 21 i
474 693 84 22 landet.
588 694 122 28 Attnågra
721 694 98 22 särdeles
829 696 61 20 stora

63 725 192 28 ansträngningar
271 725 34 21 att
320 723 118 28 gendrifva
448 723 75 22 denna
534 723 80 28 åtgärd
624 723 49 22 icke
685 723 24 22 af
719 725 42 21 vår
771 723 118 23 inhemska

64 756 102 28 regering
193 754 94 29 gjordes,
312 753 62 22 torde
400 754 79 21 kunna
504 753 50 22 med
579 753 142 28 någorlunda
745 754 145 22 bestämdhet

65 787 85 28 påstås.
181 785 106 22 Tvärtom
303 783 133 22 hemställde
453 783 133 22 densamma
601 791 36 14 om
653 785 34 20 ett
703 784 80 27 anslag
799 784 24 21 af
834 785 56 20 nära

64 815 194 30 sjuhundratusen
280 813 64 22 mark
363 813 35 22 för
417 813 39 22 det
474 813 69 30 ryska
558 813 176 28 gendarmeriets
752 813 115 22 underhåll
883 814 7 21 i

66 845 102 23 Finland.

137 875 54 22 Man
210 873 108 23 behöfver
337 874 49 21 icke
402 880 57 15 vara
478 873 99 22 särdeles
596 873 132 23 bevandrad
744 875 8 21 i
766 873 124 29 juridikens

66 906 118 29 mysterier
199 904 33 22 för
248 905 35 21 att
298 904 60 28 veta,
375 904 48 21 inse
440 904 40 22 och
495 903 78 28 förstå,
585 904 36 21 att
632 903 199 28 maktbefogenhet
841 904 49 22 icke

67 936 46 22 kan
137 935 91 22 utöfvas
249 934 6 21 i
276 935 34 21 ett
330 933 54 23 land
404 933 24 22 af
446 935 72 26 några
541 933 162 29 myndigheter,
723 940 49 15 som
789 934 48 22 icke
853 935 38 20 äro

67 964 167 24 underkastade
257 963 89 22 landets
369 963 63 28 lagar
455 964 60 22 samt
538 964 36 21 att
589 963 163 29 medborgarna
767 964 7 21 i
790 965 33 21 ett
838 963 53 22 land

67 996 50 21 icke
137 995 78 21 kunna
235 993 96 28 lagligen
346 993 119 29 förpliktas
482 994 35 21 att
532 993 80 29 åtlyda
626 993 161 28 funktionärer,
810 993 26 22 de
852 993 41 22 där

67 1025 49 22 icke
132 1024 34 22 för
181 1025 50 21 sina
246 1023 134 28 handlingar
395 1023 79 22 kunna
490 1023 80 22 ställas
585 1023 35 21 till
636 1031 84 14 ansvar
735 1023 58 22 inför
803 1023 88 22 landets

66 1062 60 21 egna
149 1054 126 22 domstolar.
306 1053 96 22 Ensamt
420 1053 64 22 detta
500 1052 182 23 sakförhållande
698 1053 59 22 hade
773 1054 58 21 varit
847 1060 46 15 mer

67 1087 30 20 än
114 1092 45 20 nog
173 1084 41 22 och
229 1083 107 29 tillfylles,
352 1083 35 22 för
402 1084 36 21 att
453 1082 52 22 med
520 1082 105 29 tillbörlig
640 1083 87 29 pondus
740 1084 109 23 motsätta
859 1084 34 27 sig

68 1115 44 22 den
136 1114 59 22 förra
217 1112 244 29 generalguvernörens
484 1112 117 29 försåtliga
621 1113 89 28 förslag.
741 1113 42 22 Att
803 1114 26 21 så
844 1113 48 22 icke

68 1144 91 29 skedde,
180 1150 46 21 var,
243 1145 26 20 är
284 1143 41 22 och
340 1143 101 22 kommer
457 1142 63 22 alltid
536 1144 35 21 att
586 1142 106 23 förblifva
708 1150 27 15 en
752 1143 24 22 af
791 1143 27 22 de
834 1144 58 21 mör-

68 1175 67 22 kaste
151 1174 128 29 punkterna
294 1174 29 28 på
338 1172 44 22 den
395 1173 119 22 inhemska
524 1173 143 28 regeringens
678 1180 84 15 annars
772 1173 68 22 också
851 1180 42 21 nog

70 1204 78 23 mörka
164 1204 123 22 meritlista.

140 1234 43 28 Nu,
199 1233 30 22 då
244 1234 41 21 vår
301 1232 91 22 käraste
408 1232 86 22 önskan
508 1234 25 20 är
544 1234 35 20 att
588 1232 26 22 få
623 1232 42 23 den
677 1233 82 28 lagliga
770 1232 124 28 ordningen

68 1266 50 20 åter
133 1263 72 23 införd
221 1264 7 20 i
244 1264 51 21 vårt
311 1262 56 30 dyra
382 1262 124 22 fosterland
522 1263 42 21 och
579 1262 110 29 därjämte
704 1270 68 15 rensa
787 1264 42 21 vår
839 1270 55 20 egen

69 1294 186 26 administration,
283 1300 48 14 som
352 1293 7 21 i
383 1294 83 26 många
489 1292 95 30 stycken
607 1292 83 23 företer
712 1292 77 23 bilden
813 1292 24 22 af
861 1294 34 21 ett

69 1324 159 29 sannskyldigt
238 1322 145 28 Augiasstall,
395 1322 51 22 från
457 1322 46 22 alla
514 1322 110 28 odugliga,
637 1322 122 30 opålitliga,
771 1322 124 22 utländska

69 1354 104 27 element,
186 1355 25 20 är
226 1352 39 22 det
280 1360 28 14 en
324 1352 113 29 bjudande
453 1352 58 29 plikt
526 1354 36 20 att
578 1352 68 22 äfven
661 1352 93 22 försöka
768 1352 25 22 få
808 1352 87 28 aflägs-

70 1383 57 22 nadt
149 1383 38 22 det
210 1382 140 22 främmande
374 1381 228 30 förtryckarelement,
627 1389 48 15 som
697 1382 39 22 det
756 1382 69 29 ryska
840 1389 55 21 gen-

69 1413 120 22 darmeriet
205 1413 169 28 representerar.

147 1443 44 22 Det
201 1442 115 22 Särskilda
331 1441 213 23 Besvärsutskottet
558 1441 42 22 har
610 1443 29 28 på
647 1443 34 21 ett
689 1441 155 23 uttömmande
855 1442 41 22 och

70 1472 160 30 förtjänstfullt
261 1473 46 20 sätt
338 1471 76 30 belyst
433 1472 41 22 och
495 1471 124 23 behandlat
638 1471 148 23 förevarande
809 1472 88 22 ärende.

72 1503 45 28 Jag
139 1502 108 23 behöfver
269 1502 38 22 väl
330 1501 88 30 knappt
440 1501 99 29 tillägga,
566 1503 36 20 att
620 1502 38 29 jag
678 1503 29 28 på
727 1501 39 23 det
784 1503 113 21 varmaste
