1106 1739
345 109 269 29 Mallasjuomasuostuntavero.
848 113 45 18 1077

67 190 85 20 tetaan..
183 186 101 21 Katsoen
309 185 70 21 siihen
404 184 143 22 sekasortoon
570 185 23 27 ja
617 184 204 22 velvollisuuksien
839 192 54 14 suu-

67 225 52 15 reen
136 217 139 25 ristiriitaan,
292 214 68 29 jonka
376 215 141 21 suostunnan
532 214 151 21 kieltäminen
695 221 110 15 varmaan
816 214 76 21 minun

67 245 183 24 vakaumukseni
271 244 100 21 mukaan
388 244 136 27 aiheuttaisi,
542 250 27 15 en
585 243 64 22 minä
666 243 115 22 ainakaan
797 243 97 22 rohkene

68 278 44 21 olla
136 274 268 31 myötävaikuttamassa,
421 275 48 20 että
485 273 138 22 semmoinen
641 274 74 21 asiain
731 273 41 22 tila
788 273 46 30 yhä
849 274 44 28 jat-

68 308 48 21 kuu
142 312 97 15 maassa.
277 303 131 22 Puolestani
433 303 63 22 tulen
520 303 179 28 hyväksymään
724 305 80 20 tämän
830 304 64 21 asian

69 336 170 22 Valiokuntaan
269 333 100 22 takaisin
395 333 159 22 lähettämisen
582 339 106 15 samassa
714 333 180 22 tarkoituksessa

67 367 56 21 kuin
140 364 106 23 edelliset.

142 424 117 22 Edusmies
277 422 114 24 Karlsson:
423 422 48 21 Den
487 421 142 29 ständpunkt
645 422 39 28 jag
699 423 88 26 intager
802 422 7 21 i
820 422 74 22 denna

68 455 66 27 fräga
150 454 90 22 baserar
257 452 34 28 sig
307 453 29 27 pä
352 452 41 21 den
411 451 145 29 uppfattning
571 452 37 28 jag
624 458 54 21 eger
694 458 36 15 om
744 451 151 22 förhällandet

69 485 83 22 mellan
168 483 109 27 Regering
299 482 40 22 och
355 482 53 22 folk.
439 482 44 27 Jag
498 488 66 15 anser
579 481 122 28 nämligen,
719 482 35 21 att
764 481 72 22 folket
845 482 49 21 icke

70 517 24 19 är
110 514 34 22 till
159 514 34 21 för
207 512 152 28 Regeringens
376 511 65 28 skull,
458 512 56 20 utan
530 510 141 28 Regeringen
686 510 35 22 för
736 511 83 22 folkets
830 511 64 22 skull.

69 544 76 22 Under
167 543 88 22 sädana
277 541 155 22 förhällanden
453 543 25 19 är
493 540 38 22 det
547 541 153 27 Regeringens
716 541 129 29 skyldighet
860 542 35 21 att

70 582 23 14 se
110 574 40 27 till,
167 574 34 21 att
216 572 83 22 folkets
315 572 67 21 bästa
398 570 132 28 tillgodoses.
562 570 43 28 Jag
620 570 44 22 har
679 570 49 22 icke
744 571 61 22 velat
815 571 80 21 hindra

69 604 139 28 Regeringen
232 603 35 21 att
291 601 83 22 erhålla
399 600 71 22 medel
486 600 49 22 från
551 600 71 22 folket
638 600 36 22 för
690 600 205 23 tilliredställandet

70 634 24 22 af
110 634 52 22 dess
177 632 72 27 behof,
267 632 98 21 tvärtom
381 631 40 21 har
437 631 37 28 jag
489 631 77 21 ansett
581 630 41 22 och
639 632 61 26 trott,
718 632 35 20 att
768 630 127 22 Ständerna

70 667 38 19 äro
133 663 46 22 lika
195 662 76 27 villiga
288 668 48 15 som
352 660 104 30 skyldiga
472 661 34 21 att
521 660 83 28 bevilja
620 660 69 22 dessa
704 660 78 27 medel,
800 660 95 22 säframt

70 694 66 22 deras
153 692 132 27 rättmätiga
301 690 98 29 anspräk
415 692 29 27 pä
459 690 67 28 laglig
535 690 93 27 ordning
638 690 184 22 tillfredsställas.
853 690 41 22 För

71 724 67 27 öfrigt
161 724 44 20 tror
227 722 44 28 jag,
296 720 38 22 det
350 720 49 22 icke
416 720 71 22 skulle
503 720 90 22 komma
610 721 35 21 att
661 720 73 22 blifva
749 722 74 26 någon
840 722 53 20 svä-

70 754 74 27 righet
167 752 34 22 för
223 751 140 28 Regeringen
380 751 35 21 att
430 750 115 28 tillgodose
561 752 15 20 t.
594 757 33 15 ex.
644 750 166 22 folkskolornas
826 750 68 22 behof

71 784 70 21 under
157 782 26 22 de
200 782 115 22 närmaste
333 782 59 26 ären,
410 787 35 15 om
462 780 80 22 endast
557 780 143 27 Regeringen
716 780 55 28 egde
784 780 42 28 god
834 780 59 28 vilja.

72 811 221 29 Bevillningsfonden
317 810 63 22 torde
403 810 35 21 för
460 811 75 20 resten
551 810 49 21 icke
616 817 56 14 vara
689 811 27 21 sä
732 810 92 22 alldeles
840 810 53 22 obe-

70 843 72 29 tydlig
157 842 34 22 för
206 840 148 28 närvarande,
372 840 41 21 och
429 841 26 20 sä
470 839 46 22 kan
532 839 140 28 Regeringen
690 840 114 22 dessutom
820 840 73 22 öfver-

71 873 49 22 föra
136 872 50 22 frän
203 870 141 23 statsfonden
361 869 34 22 till
411 869 75 22 denna
501 869 54 22 fond
571 870 46 21 lika
632 871 79 26 gärna,
728 877 48 14 som
787 870 106 27 Regerin-

71 910 41 21 gen
138 902 88 22 skickar
251 901 34 21 till
310 900 69 28 ryska
405 899 244 22 riksskattkammaren
676 899 123 29 miljontals
825 900 68 21 mark.

71 934 43 21 För
131 932 66 27 öfrigt
212 930 75 22 kunde
305 932 33 19 ett
355 929 83 22 sädant
453 929 89 27 förslag,
560 936 47 15 som
623 929 42 21 här
680 929 136 22 framställts
832 929 24 22 af
867 936 27 15 en

74 963 78 26 talare,
170 963 35 20 att
220 960 72 22 sända
307 959 158 22 betänkandet
479 959 34 21 till
528 959 254 27 Bevillningsutskottet
792 959 7 21 i
811 959 40 22 och
861 959 34 21 för

74 991 160 28 omredigering
257 991 7 20 i
287 989 39 22 det
342 989 67 29 syfte,
426 996 46 15 som
489 989 141 26 framhållits,
647 989 73 22 hafva
735 989 33 21 till
783 989 60 28 följd,
861 990 34 20 att

72 1023 75 27 någon
164 1021 121 26 bevillning
300 1019 50 22 icke
367 1019 72 21 skulle
455 1018 91 23 komma
561 1018 34 23 till
611 1019 75 21 stånd.
720 1019 26 22 Vi
762 1018 77 28 hafva,
856 1020 38 20 sä-

72 1059 48 15 som
137 1051 71 28 sagdt,
224 1050 49 22 icke
289 1051 84 26 mänga
388 1049 91 21 timmar
493 1049 63 27 kvar,
573 1048 45 22 tills
634 1048 139 28 landtdagen
789 1048 105 28 afbläses,

74 1082 42 22 och
132 1089 35 14 om
184 1079 126 24 Ständerna
327 1080 84 20 stanna
426 1079 7 21 i
449 1078 127 29 skiljaktigt
592 1078 75 23 beslut
683 1079 41 21 och
740 1078 155 22 betänkandet

74 1113 72 20 mäste
162 1110 181 26 äterremitteras,
361 1110 26 20 sä
403 1109 46 21 kan
466 1108 38 22 det
518 1108 83 28 hända,
619 1110 35 20 att
670 1108 94 22 ärendet
780 1108 49 22 icke
844 1108 51 21 hin-

73 1149 39 15 ner
128 1139 177 26 slutbehandlas,
322 1139 41 22 och
379 1138 30 22 dä
425 1138 63 22 stode
504 1139 23 21 vi
543 1138 45 28 där,
606 1139 56 21 utan
680 1140 35 20 att
730 1138 84 29 bevilja
822 1137 73 29 Rege-

72 1173 78 26 ringen
167 1178 27 15 en
210 1170 57 22 enda
283 1169 72 29 penni.
388 1168 41 22 Om
445 1169 24 21 vi
484 1168 121 28 godkänna
621 1168 65 22 detta
700 1167 153 28 betänkande,
870 1169 25 20 sä

73 1202 29 22 ha
119 1202 22 21 vi
157 1200 93 29 beviljat
266 1198 72 23 medel
354 1198 33 22 till
404 1198 63 22 detta
483 1200 36 20 ärs
535 1198 52 28 slut,
604 1198 41 21 och
661 1198 31 22 dä
707 1198 41 22 har
756 1198 138 28 Regeringen

73 1231 63 22 alltid
160 1230 71 22 medel
255 1230 35 21 att
313 1228 167 22 sammankalla
503 1235 28 15 en
554 1227 109 28 landtdag
679 1228 35 21 för
729 1228 126 29 beviljande
872 1227 23 22 af

73 1261 72 22 medel
160 1260 33 22 för
208 1258 125 24 framtiden.

144 1320 117 22 Edusmies
283 1317 112 30 Topelius:
428 1318 43 27 Jag
494 1317 52 22 ville
571 1317 58 22 blott
652 1317 52 22 med
727 1319 70 26 några
817 1317 39 22 ord
871 1317 24 22 få

74 1351 104 28 genmäla
207 1349 150 27 landtdagsm.
385 1347 127 29 Wuolijoki.
550 1347 9 22 I
585 1347 35 22 sin
646 1347 70 29 replik
742 1347 104 22 framhöll
870 1347 26 22 hr

73 1380 127 29 Wuolijoki,
225 1380 33 21 att
280 1379 38 28 jag
341 1378 72 22 skulle
437 1378 59 21 talat
512 1385 35 14 om
564 1385 28 14 en
608 1377 83 22 urtima
707 1377 115 28 landtdag.
853 1377 43 28 Jag

73 1411 39 22 ber
128 1411 24 22 få
167 1410 61 21 fästa
243 1409 57 22 hans
316 1408 202 29 uppmärksamhet
534 1407 44 27 vid,
596 1409 34 20 att
646 1407 37 28 jag
700 1407 80 22 endast
798 1407 97 22 nämnde

74 1441 62 22 ordet
159 1439 112 28 landtdag.
302 1438 42 22 För
364 1439 75 20 resten
456 1437 39 22 vill
510 1438 37 28 jag
564 1437 95 29 upplysa
675 1438 26 21 hr
717 1437 120 29 Wuolijoki
853 1444 42 20 om,

74 1472 34 20 att
125 1471 26 21 H.
167 1470 105 28 Majestät
288 1469 52 26 kan,
358 1475 36 15 om
410 1468 46 21 han
472 1467 45 28 vill,
534 1467 77 21 lämna
626 1467 34 21 till
677 1467 83 21 urtima
775 1467 120 27 landtdags
