1020 1698
772 124 41 20 329

93 188 177 22 återkommande
290 188 134 28 landtdagar,
445 189 23 21 så
488 188 64 22 hafva
572 188 27 21 de
617 189 20 27 ej
658 188 70 28 tjenat
747 189 36 20 det
801 196 41 14 ena

93 223 54 20 eller
162 223 37 20 det
214 223 68 20 andra
296 223 103 21 intresset
413 225 52 19 utan
476 223 77 21 uttalat
563 222 85 21 landets
659 223 109 27 enhälliga
780 223 63 20 önsk-

92 256 84 28 ningar.
207 256 43 28 Jag
264 257 43 20 kan
323 257 20 27 ej
359 256 69 22 heller
443 257 66 25 finna,
525 258 32 19 att
573 256 35 21 det
619 256 70 21 skulle
700 256 60 28 ligga
770 257 72 27 någon

93 290 143 28 anstötlighet
250 290 46 21 deri
311 292 32 19 att
358 291 69 20 uttala
442 291 33 21 sin
490 291 73 21 tanke.
593 290 29 21 Vi
637 292 50 20 veta
701 290 53 21 hvar
765 290 40 21 och
815 298 28 13 en

93 324 57 20 hvad
168 324 42 21 den
225 324 64 27 afser,
305 324 110 28 nemligen
431 326 31 19 att
477 325 160 28 propositioner
652 324 68 21 måtte
735 324 108 21 framstäl-

93 358 33 21 las
144 358 33 21 till
197 358 95 28 ståndet,
309 365 35 14 om
364 360 33 20 att
416 359 104 27 landtdag
540 359 47 21 blef
599 358 74 22 hållen
688 359 29 27 på
730 358 114 22 bestämda

94 392 62 21 tider.
188 392 42 28 Jag
248 393 44 21 kan
312 394 19 26 ej
348 393 59 21 finna
421 394 32 20 att
468 394 22 20 vi
506 393 125 28 derigenom
647 393 69 21 skulle
732 393 61 21 svika
808 392 37 21 det

94 426 135 27 förtroende,
254 427 21 21 vi
302 428 37 20 äro
363 426 99 29 skyldiga
484 428 38 21 vår
547 427 98 21 monark.
679 427 43 27 Jag
741 429 45 19 tror
809 426 36 21 det

94 462 93 20 tvertom
203 468 51 14 vara
269 461 59 21 bevis
343 461 30 27 på
382 461 132 21 förtroende.
538 461 43 28 Jag
591 468 63 14 anser
665 460 117 22 ständerna
792 461 54 21 böra

95 494 108 28 offentligt
223 496 68 20 uttala
310 495 93 28 sanning
418 496 40 20 och
474 495 76 21 endast
565 495 99 27 sanning.
695 495 43 27 Jag
753 497 45 19 tror
813 496 32 19 att

95 529 21 21 vi
129 529 28 28 på
170 529 58 21 detta
242 531 64 19 sättet
317 529 48 21 bäst
377 530 47 21 visa
435 529 125 21 förtroende
572 529 34 21 för
617 529 38 21 vår
662 531 78 26 regent
748 529 40 21 och
796 530 50 20 bäst

95 562 94 28 fullgöra
204 564 37 20 vår
256 564 56 27 pligt
327 566 46 18 mot
386 564 37 20 det
433 564 57 27 land,
499 564 64 21 hvars
579 565 177 26 representanter
766 564 21 20 vi
800 565 44 19 äro.

163 597 59 21 Herr
245 597 174 29 Gripenberg,
443 598 23 20 C.
489 598 27 21 A.
538 597 36 21 E.:
593 598 124 20 Periodiskt
736 598 109 20 återkom-

95 632 78 21 mande
192 632 135 28 landtdagar,
347 632 121 21 fastställda
484 639 79 21 genom
579 632 116 28 grundlag,
711 634 23 19 är
751 632 93 21 visserli-

96 674 42 20 gen
154 668 31 19 ett
200 667 24 20 af
237 666 26 22 de
279 667 117 28 vigtigaste
412 666 171 28 önskningsmål,
594 674 46 14 som
650 666 25 21 af
687 666 85 21 landets
788 668 57 19 stän-

96 700 38 21 der
148 700 72 22 kunde
236 701 40 21 och
291 701 67 21 borde
373 701 86 21 uttalas.
489 701 51 21 Icke
561 701 49 20 dess
625 700 84 21 mindre
725 700 63 21 torde
803 700 43 21 for-

97 742 50 14 men
167 734 33 22 för
215 735 110 27 uttrycket
340 735 24 22 af
377 742 27 14 en
420 735 66 21 sådan
502 735 83 22 önskan
600 735 95 28 förtjena
711 734 41 22 den
768 736 80 20 största

96 769 202 29 uppmärksamhet,
319 770 90 21 emedan
430 770 88 28 frågans
538 769 95 29 lyckliga
654 769 88 28 lösning
764 769 34 20 till
820 776 27 14 en

97 803 123 28 väsendtlig
236 804 34 21 del
286 804 67 28 derpå
367 804 102 21 berodde.

165 838 57 21 Före
237 838 143 29 landtdagens
396 838 122 29 öppnande,
526 838 28 21 då
572 838 21 21 vi
611 840 59 19 ännu
685 838 20 27 ej
722 836 54 29 ägde
793 837 55 21 kun-

99 872 52 29 skap
171 879 36 15 om
221 873 121 21 innehållet
357 873 24 22 af
394 873 28 21 H.
437 873 73 28 Maj:ts
526 873 90 26 trontal,
631 872 56 21 hade
700 873 39 27 jag
754 871 34 22 för
802 872 46 21 min

99 907 35 21 del
152 907 71 28 aldrig
241 907 74 22 tvekat
333 909 32 20 att
380 907 110 29 tillstyrka
504 915 26 14 en
545 907 93 29 petition
652 907 8 20 i
675 907 93 20 nämnde
783 906 66 28 syfte-

98 942 52 27 mål;
166 949 50 14 men
231 949 36 20 nu,
284 942 65 21 sedan
364 942 29 21 H.
409 942 68 28 Maj:t,
494 949 45 14 som
554 943 6 20 i
578 941 23 22 så
616 941 43 28 hög
674 941 54 28 grad
743 941 59 28 gjort
816 941 33 28 sig

99 977 91 28 förtjent
210 977 23 20 af
252 977 69 21 finska
341 977 79 21 folkets
438 977 78 21 kärlek
531 977 40 20 och
586 975 125 22 förtroende
730 988 23 3 —
769 982 80 21 genom

99 1011 57 22 Dess
174 1011 114 22 löftesrika
307 1011 39 21 ord
361 1013 58 20 ännu
433 1018 61 14 mera
508 1010 111 22 bekräftat
633 1010 178 29 uppriktigheten
828 1009 24 21 af

99 1046 48 21 sina
160 1046 171 28 välönskningar
351 1046 34 21 för
404 1045 36 22 det
460 1045 56 22 folks
536 1046 74 27 lycka,
626 1052 45 13 som
687 1044 103 28 försynen
806 1044 43 20 för-

99 1082 54 20 trott
168 1081 22 21 &t
204 1081 55 20 hans
279 1087 87 22 omsorg
385 1081 39 20 och
443 1080 90 22 sälunda
552 1080 63 21 äfven
632 1079 98 28 skingrat
746 1079 39 20 allt
801 1078 49 21 tvif-

99 1115 90 22 velsmä!
215 1122 35 14 om
276 1115 189 28 grundläggandet
488 1115 24 21 af
532 1114 119 29 periodiskt
674 1113 178 21 återkommande

99 1149 135 28 landtdagar,
250 1150 71 20 säsom
336 1149 120 28 utgörande
473 1151 31 20 ett
520 1149 24 21 sä
558 1149 80 28 vigtigt
654 1148 71 21 vilkor
735 1147 33 21 för
779 1147 72 21 denna

99 1184 71 27 lycka,
184 1197 29 2 —
228 1191 36 19 nu,
280 1190 63 15 anser
355 1184 46 27 jag,
417 1196 27 2 —
460 1183 68 21 skulle
542 1184 26 27 ju
583 1190 27 14 en
625 1182 93 28 petition
734 1189 35 13 om
779 1182 72 21 denna

100 1218 61 27 fräga
177 1219 19 27 ej
213 1219 74 20 kunna
302 1217 24 22 af
339 1217 119 22 monarken
477 1219 107 26 upptagas
595 1215 135 23 annorlunda
740 1217 27 19 än
779 1216 71 20 säsom

100 1259 27 14 en
148 1252 72 28 skymt
240 1253 24 20 af
281 1252 154 27 misstroende,
456 1251 36 22 det
515 1252 42 20 han
581 1250 118 29 ingalunda
721 1249 129 28 förtjenade.

99 1286 36 21 En
150 1287 92 26 petition
259 1293 34 14 om
309 1287 36 20 det
361 1293 46 14 som
424 1286 66 21 redan
500 1286 8 20 i
519 1285 103 21 trontalet
632 1284 70 21 finnes
718 1283 133 26 omnämndt,

101 1320 69 20 skulle
188 1321 26 26 ju
234 1320 110 20 dessutom
365 1321 28 26 pä
414 1322 42 18 sätt
471 1320 41 20 och
527 1319 32 21 vis
575 1319 80 27 antyda
670 1320 31 18 ett
717 1318 57 26 slags
790 1318 61 19 miss-

100 1354 51 26 nöje
167 1353 49 20 med
232 1353 79 27 sjelfva
325 1353 111 26 trontalet,
452 1353 40 20 och
507 1353 85 20 likvisst
607 1351 99 21 helsades
722 1351 60 20 detta
792 1352 59 19 tron-

101 1387 30 21 tal
146 1386 24 21 af
184 1387 115 21 ständerna
319 1385 92 23 medelst
431 1387 25 20 de
476 1386 102 28 lifligaste
599 1385 40 21 och
656 1386 56 20 mest
727 1383 125 22 uthällande

102 1421 111 28 hurrarop.
240 1421 84 22 Genom
340 1428 27 14 en
383 1421 93 28 petition
491 1419 106 30 uppstode
613 1419 83 22 säledes
713 1426 26 14 en
754 1418 98 22 inconse-
