995 1698
751 128 39 20 107

139 190 57 23 Herr
212 191 163 23 Bruncrona:
396 192 105 21 förenade
521 192 33 28 sig
575 192 33 21 till
628 194 43 20 alla
691 193 59 21 delar
769 192 50 22 med

72 224 51 23 herr
137 233 42 14 von
195 226 163 28 Weissenberg,
372 227 64 21 hvars
455 227 111 27 yttrande,
585 227 125 28 skriftligen
724 230 97 26 uppsatt,

71 262 82 19 talaren
168 261 56 21 varit
239 262 7 20 i
262 260 86 21 tillfälle
364 262 31 19 att
411 267 109 22 genomse.

139 294 57 22 Herr
204 302 43 14 von
255 294 79 28 Born,
343 294 72 22 Johan
427 292 93 30 August,
528 294 123 22 förklarade
665 297 31 20 att
704 296 49 26 han,
763 296 56 20 hvil-

71 328 44 21 ken
131 329 65 21 redan
213 329 78 21 uttalat
306 329 32 21 sin
354 329 57 28 åsigt
425 329 7 21 i
446 330 80 25 ämnet,
543 330 20 27 ej
579 330 91 21 ämnade
682 330 52 27 ingå
741 330 32 20 uti
781 330 38 21 nå-

71 370 44 21 gon
130 364 74 21 vidare
219 363 130 28 utläggning
365 363 67 27 deraf,
447 370 49 14 men
512 363 68 28 ansåg
595 364 34 28 sig
641 364 33 21 till
687 364 135 29 upplysning

71 397 37 21 vid
123 398 128 28 tolkningen
267 398 24 20 af
303 398 14 20 4
332 398 11 27 8
359 398 7 20 i
381 398 71 28 adliga
463 398 155 28 privilegierne
630 399 40 21 och
683 399 137 21 densammas

71 432 138 28 tillämpning
224 433 13 20 å
252 432 143 21 förevarande
411 432 38 21 fall
463 432 54 21 böra
532 432 77 21 anföra
623 433 129 28 stadgandet
763 434 31 21 uti
807 434 13 20 6

71 467 12 26 8
100 467 9 19 1
127 468 40 18 art.
186 467 24 20 af
228 466 237 28 riddarhusordningen
483 466 42 22 den
547 467 26 21 10
593 468 86 27 augusti
701 468 60 27 1762,
781 468 39 20 der

72 500 67 21 orden
154 501 75 27 lydde:

140 529 43 33 Är
198 536 74 28 någon
286 536 81 20 svensk
381 536 111 21 adelsman
508 536 91 27 således,
615 543 46 14 som
676 537 85 28 adelige
775 537 46 29 pri-

71 570 121 28 vilegierne
208 570 31 21 uti
256 570 48 22 dess
319 571 14 20 :4
347 571 12 27 &
375 570 76 28 förmå,
467 572 65 27 tagen
548 570 7 21 i
567 570 68 29 tjenst
648 571 24 21 af
680 572 67 28 något
755 572 66 21 främ-

72 604 78 22 mande
166 605 112 29 herrskap,
293 605 69 28 njute,
378 605 27 21 då
419 605 44 21 han
480 605 83 22 inrikes
583 605 63 21 stadd
665 607 30 26 är,
716 606 37 21 sitt
773 608 46 19 säte

72 640 41 21 och
127 641 92 21 stämma
234 640 28 28 på
277 640 142 21 riddarhuset.
449 640 157 21 Förekommer
624 640 38 21 der
681 641 73 27 någon
774 641 46 26 sak,

72 681 46 15 som
134 681 82 15 samma
230 674 105 28 herrskap
351 674 74 28 angår,
440 674 82 22 afhålle
538 675 33 27 sig
590 675 25 21 så
633 675 64 27 länge
718 674 101 22 derifrån.

73 708 44 22 Gör
132 709 72 28 någon
218 708 51 22 med
282 709 130 27 konungens
427 709 7 20 i
450 708 93 22 sittande
564 708 38 21 råd
622 708 59 29 gifne
703 709 118 27 samtycke,

72 743 33 21 till
121 750 26 14 en
163 750 71 14 annan
251 743 99 21 öfverhet
365 744 34 20 sin
417 742 139 28 huldhetsed,
577 743 6 20 i
605 743 109 21 anseende
733 743 34 20 till
787 743 33 21 sin

71 778 69 21 under
155 784 82 14 samma
252 777 99 21 öfverhet
365 777 94 28 belägna
474 777 114 29 egendom,
604 784 51 15 vare
675 778 37 28 lag
732 785 87 20 samma,

71 812 41 21 och
126 812 29 28 på
173 812 37 21 det
230 812 63 21 säker
313 812 159 22 underrättelse
490 812 32 21 uti
542 812 142 22 förenämnde
704 812 117 22 händelser

72 848 35 20 må
122 846 100 28 erhållas,
236 846 41 22 bör
292 847 37 21 det
349 847 24 21 af
391 847 103 22 cancellie
513 846 142 29 presidenten
675 847 145 22 riddarhusdi-

71 882 115 21 rektionen
202 881 197 29 tillkännagifvas.*

140 916 66 21 Detta
221 923 51 15 vore
288 916 69 29 enligt
372 917 95 20 talarens
482 916 66 22 tanke
569 917 20 28 ej
610 917 67 28 något
697 918 48 27 nytt
763 917 57 21 stad-

72 951 70 28 gande
157 953 51 19 utan
224 959 27 14 en
268 951 121 28 förklaring
405 951 23 21 af
440 951 57 22 hvad
510 958 46 14 som
569 951 58 21 förut
640 951 78 21 funnes
730 952 7 20 i
747 953 74 20 ämnet

72 985 128 22 förordnadt
216 986 39 21 och
271 985 72 21 kunde
359 986 70 20 såsom
445 985 67 22 sådan
523 993 30 13 nu
565 986 61 27 tjena
638 985 34 21 till
682 985 89 28 ledning
784 985 37 22 vid

72 1020 158 22 bedömmande
252 1020 107 21 huruvida
381 1020 230 28 representationsrätt
629 1020 67 21 borde
716 1020 103 21 herrarne

72 1055 83 28 Uggla,
180 1061 43 14 von
252 1054 93 22 Schantz
371 1055 40 20 och
436 1055 75 21 Bruun
536 1054 116 28 rätteligen
677 1054 143 21 tillerkännas

73 1089 53 21 eller
142 1090 28 27 ej.

141 1124 101 21 Friherre
263 1131 47 14 von
330 1123 166 22 Willebrand
519 1123 51 22 fann
594 1124 50 21 herr
662 1123 157 28 Björkenheim

72 1159 49 20 icke
141 1159 64 20 hafva
225 1159 56 20 varit
300 1158 94 28 befogad
412 1161 31 18 att
461 1159 114 22 bedömma
593 1159 106 20 huruvida
716 1158 104 21 herrarne

73 1193 78 28 Uggla,
167 1199 42 14 von
225 1193 93 20 Schantz
333 1193 39 20 och
387 1193 75 21 Bruun
474 1193 71 28 ingätt
556 1193 8 20 i
575 1193 51 28 rysk
638 1193 68 28 tjenst
717 1193 34 20 för
764 1199 55 22 egen

73 1227 101 28 vinnings
190 1227 57 20 skull
262 1227 54 20 eller
332 1227 34 20 för
380 1229 33 18 att
428 1227 103 22 förskaffa
546 1227 33 28 sig
594 1227 124 28 kunskaper
734 1227 38 20 och
786 1233 33 14 er-

73 1261 99 22 farenhet
187 1261 111 21 äfvensom
313 1263 32 18 att
365 1261 76 28 afgöra
460 1268 34 14 om
514 1261 100 22 bemälde
632 1261 77 20 herrar
728 1262 37 19 äro
785 1267 34 14 ca-

73 1296 65 28 pabla
157 1297 32 19 att
208 1302 72 21 gagna
300 1295 144 20 fosterlandet
463 1295 35 21 vid
518 1295 86 28 möjligt
627 1295 84 21 inträde
734 1295 7 19 i
763 1294 56 22 finsk

74 1331 73 26 tjenst.

141 1363 57 20 Herr
214 1363 105 21 Schildt
334 1363 102 20 förenade
454 1363 32 26 sig
502 1363 50 20 med
567 1363 75 26 grefve
659 1362 84 21 Creutz.

140 1397 58 21 Herr
210 1396 177 29 Gripenberg,
400 1396 49 21 Carl
462 1397 86 27 August
560 1395 93 28 Edvard,
669 1395 127 29 ifrägasatte
812 1395 7 22 i

74 1431 68 23 likhet
158 1432 50 21 med
223 1431 92 22 friherre
330 1439 42 14 von
382 1431 138 22 Willebrand
535 1431 50 22 herr
600 1431 168 28 Björkenheims
784 1431 37 21 be-
