992 1692
745 126 40 22 223

64 192 224 28 behofsbränningen.
318 191 70 22 Desse
408 192 70 21 talare
497 191 66 22 hafva
579 192 71 21 såsom
666 192 47 21 skäl
729 192 88 21 derföre

64 226 154 28 förnämligast
237 226 120 21 framhållit
378 228 31 19 att
422 226 161 28 jordbrukaren
598 226 66 20 borde
681 226 83 20 erhålla
779 227 36 19 nå-

63 267 43 21 gon
129 261 122 27 ersättning
273 260 36 21 för
330 261 41 20 den
392 260 81 21 förlust
492 260 81 21 honom
591 260 129 28 tillskyndas
736 266 79 22 genom

64 294 267 28 husbehofsbränningens
351 294 152 28 borttagande.
537 294 42 28 Jag
599 294 64 28 gillar
683 294 134 28 fullkomligt

63 328 58 21 hvad
136 328 62 22 desse:
214 329 75 21 herrar
304 328 65 22 hafva
384 330 76 26 yttrat,
479 336 50 14 men
543 330 38 26 jag
597 328 69 21 skulle
682 328 87 21 anhålla
785 330 31 19 att

64 362 22 22 få
102 363 91 28 tillägga
208 364 68 26 några
291 363 45 21 ord.
365 356 73 28 Äfven
456 364 39 27 jag
510 370 64 14 anser
589 362 159 29 grundskatten
763 362 53 22 böra

64 397 96 27 aflyftas,
183 404 49 14 men
254 399 58 19 ännu
332 397 23 21 af
374 399 31 19 ett
420 399 66 20 annat
501 398 58 27 skäl,
579 397 91 21 emedan
686 397 67 28 derpå
766 397 50 21 hela

64 431 85 21 landets
172 431 196 22 framåtskridande
391 431 71 22 beror.
492 432 45 21 Det
559 434 23 19 är
603 439 27 13 en
649 431 59 21 känd
727 432 39 20 sak
783 433 33 19 att

64 466 70 20 finska
154 466 130 28 jordbruket
307 468 24 19 är
350 466 8 21 i
378 468 32 19 ett
428 467 62 27 långt
509 466 56 21 ifrån
585 466 148 21 blomstrande
756 466 62 21 skick

66 500 39 21 och
121 502 32 19 att
169 500 201 29 hufvudsakligaste
386 501 93 21 orsaken
494 501 73 21 dertill
577 503 24 19 är
612 503 31 19 att
656 500 161 29 jordbrukaren

66 534 39 21 har
121 535 76 21 alltför
212 536 53 20 liten
282 535 92 29 tillgång
389 536 29 28 på
432 536 115 28 kapitaler.
573 536 134 28 Derigenom
723 536 46 20 åter
785 537 32 19 att

61 569 131 27 jordbruket
213 570 56 20 varit
288 570 8 20 i
317 570 67 28 dåligt
405 570 62 21 skick
486 570 65 21 hafva
572 570 43 21 alla
630 570 69 21 andra
713 570 103 28 näringar

63 603 41 21 fått
115 604 33 20 stå
155 604 100 28 tillbaka;
267 606 22 26 ty
298 606 31 19 ett
337 604 133 28 nödvändigt
477 605 70 21 vilkor
555 604 34 22 för
597 604 74 22 dessas
681 604 135 21 framåtskri-

64 637 70 22 dande
150 640 23 19 är
184 640 32 19 att
226 639 36 21 det
272 638 69 22 finnes
357 646 27 14 en
395 639 128 29 befolkning
534 647 46 13 som
591 640 38 20 har
638 640 67 27 något
715 641 32 19 att
758 639 58 28 köpa

64 672 56 21 med.
150 672 29 22 Så
199 673 65 28 länge
284 673 27 21 de
326 674 60 27 lägre
402 674 114 21 klasserna
531 675 37 20 äro
583 674 8 20 i
607 681 26 13 en
649 674 101 28 betryckt
765 673 51 21 eko-

64 707 87 21 nomisk
166 708 114 27 ställning,
301 709 23 19 är
340 708 36 20 det
392 708 20 28 ej
428 708 87 28 möjligt
531 710 31 19 att
577 708 150 21 fabriksalster
742 708 74 21 kunna

63 740 22 22 få
107 742 72 26 någon
202 743 70 19 större
294 742 126 28 afsättning.
454 742 75 21 Skulle
544 742 98 22 deremot
653 742 162 28 jordbrukaren

64 782 77 20 genom
162 776 150 27 jordskattens
334 776 118 27 aflyftande
475 776 91 21 beredas
587 778 31 19 ett
638 778 69 19 större
722 776 93 28 kapital,

63 809 87 21 komme
174 810 57 20 först
250 810 130 28 jordbruket
401 810 39 21 och
460 810 8 21 i
488 810 59 28 följd
562 810 63 22 deraf
638 811 65 21 äfven
718 810 98 22 fabriker

64 843 39 21 och
120 843 118 22 industrier
253 845 31 20 att
299 844 28 28 gå
340 844 86 21 framåt.
456 844 43 28 Jag
514 851 71 20 anser,
601 845 70 20 såvidt
683 845 40 28 jag
738 845 77 20 åtmin-

63 879 62 20 stone
148 878 43 21 kan
215 879 64 26 fatta,
300 880 32 19 att
352 885 35 14 om
408 885 78 21 genom
501 879 268 28 husbehofsbränningens
784 879 31 21 af-

63 912 112 21 skaffande
198 919 27 14 en
248 913 115 28 möjlighet
385 913 72 21 kunde
480 913 91 21 beredas
592 913 35 21 för
646 913 169 28 grundskattens

65 947 129 28 aflyftande,
210 947 60 21 detta
284 953 52 15 vore
352 954 27 14 en
394 947 65 28 högst
474 947 109 28 väsentlig
598 948 81 21 reform
691 948 36 21 för
735 948 80 21 landet.

64 979 74 30 Några
158 981 68 21 talare
241 981 65 22 hafva
321 981 39 21 här
375 983 68 26 yttrat
458 983 32 20 att
505 988 50 15 man
571 982 70 21 skulle
657 982 100 21 försvåra
771 982 43 21 lös-

63 1015 82 28 ningen
161 1015 23 22 af
196 1015 181 28 bränvinsfrågan
393 1023 79 20 genom
488 1018 31 19 att
534 1016 8 21 i
555 1016 156 27 sammanhang
726 1016 89 21 dermed

64 1050 63 21 ställa
142 1049 76 29 frågan
234 1056 34 15 om
284 1050 170 28 grundskattens
470 1050 125 28 aflyftande.
619 1050 42 29 Jag
677 1057 63 14 anser
756 1050 60 21 detta

64 1085 20 27 ej
105 1091 52 14 vara
180 1084 68 21 fallet.
278 1084 43 27 Jag
342 1084 80 21 önskar
441 1085 28 28 på
488 1084 37 21 det
544 1085 78 28 högsta
641 1086 32 19 att
688 1084 128 21 husbehofs-

65 1119 137 28 bränningen
221 1119 67 20 måtte
307 1119 113 28 boritagas
440 1119 48 21 från
506 1119 161 28 jordbrukaren
683 1120 54 20 samt
752 1119 64 21 brän-

63 1153 219 28 vinstillverkningen
311 1153 115 21 framdeles
453 1153 90 22 beredas
573 1153 174 28 fabriksmässigt
775 1153 40 21 och

63 1187 53 28 högt
139 1187 121 27 beskattas;
283 1194 53 15 men
355 1194 35 14 om
411 1186 36 22 det
467 1189 23 19 är
511 1187 61 28 långt
586 1187 57 21 ifrån
659 1187 110 21 sannolikt
784 1189 31 19 att

63 1221 164 28 propositionen
244 1221 74 22 derom
334 1221 65 22 sådan
413 1221 42 21 den
465 1229 29 13 nu
505 1221 61 28 lyder
576 1221 79 21 blifver
666 1221 25 21 af
699 1221 117 22 ständerna

64 1258 104 25 antagen,
189 1256 23 20 så
232 1263 64 14 anser
312 1257 39 26 jag
366 1256 36 21 det
418 1257 23 20 så
456 1256 87 28 mycket
559 1256 138 21 sannolikare
713 1263 34 14 om
764 1255 51 22 den-

64 1296 82 15 samma
162 1289 88 22 ställdes
260 1290 7 21 i
278 1290 158 28 sammanhang
450 1290 50 21 med
511 1289 168 29 grundskattens
691 1290 124 27 aflyftande.

132 1355 116 30 Emottogs
271 1363 26 15 en
321 1355 127 30 deputation
468 1357 47 21 från
535 1357 172 28 presteståndet,
727 1357 89 22 hvilken

67 1390 80 23 anförd
162 1391 24 22 af
199 1391 139 29 domprosten
352 1391 60 29 Borg
422 1391 33 21 till
466 1391 151 29 ridderskapet
627 1391 40 22 och
676 1391 63 22 adeln
748 1392 69 21 öfver-

65 1425 99 23 lemnade
187 1425 79 29 utdrag
288 1432 25 15 ur
335 1425 170 29 presteståndets
527 1425 110 29 protokoll
657 1426 36 22 för
717 1426 40 22 den
777 1427 13 20 5
809 1426 8 21 i
