992 1692
749 134 41 20 259

69 200 86 28 strängt
170 199 146 28 ifrågasättes,
332 199 68 21 ehuru
416 200 54 20 hans
486 200 104 27 rättighet
606 199 53 21 eller
676 200 79 20 rättare
768 198 53 28 ålig-

70 234 78 28 gande,
164 233 130 27 sedermera,
310 234 7 20 i
332 235 32 19 ett
379 234 102 20 särskildt
496 233 45 27 fall,
557 234 69 20 erhöll
636 233 134 21 bekräftelse
781 232 40 20 och

70 268 101 21 sanktion
193 274 78 21 genom
291 267 81 28 Kongl.
388 267 74 28 Maj:ts
478 267 113 22 skrifvelse
613 268 32 20 till
661 267 86 21 riksens
763 268 57 19 stän-

69 301 40 21 der
125 301 23 21 af
162 302 41 20 den
221 302 9 19 1
248 300 56 30 april
321 302 59 20 1800.
411 301 210 21 Landtmarskalken
638 301 55 20 hade
709 301 112 26 nemligen

71 337 76 26 vägrat
167 335 134 28 proposition
322 335 31 21 uti
374 335 40 21 den
436 335 58 21 inom
515 335 86 21 ständet
616 335 77 20 väckta
708 335 62 27 fräga
786 341 34 14 om

70 369 143 28 publiciteten
234 369 23 21 af
275 369 222 28 riksgäldskontorets
517 369 144 27 förvaltning,
681 369 71 20 såsom
773 368 48 21 stri-

70 403 72 22 dande
162 405 59 19 emot
241 404 26 20 47
288 405 12 26 $
320 404 7 19 i
347 403 209 28 regeringsformen,
577 403 88 21 hvilken
685 405 93 25 vägran,
794 403 27 27 pä

72 438 52 21 flere
144 437 106 28 förnyade
270 438 112 27 yrkanden
403 438 6 20 i
431 439 82 24 ämnet,
533 437 100 21 vidhölls.
664 437 31 21 På
711 436 113 22 enahanda

71 474 43 19 sätt
133 472 55 21 hade
209 473 139 20 talemannen
368 473 8 20 i
396 471 179 29 borgareståndet
591 472 86 21 förfarit
696 472 30 20 uti
743 478 81 14 samma

71 506 90 27 ärende,
182 507 43 20 tills
245 507 102 28 slutligen
364 507 141 21 förenämnde
521 505 80 29 Kongl.
618 506 74 28 Maj:ts
707 506 116 21 skrifvelse

72 541 93 21 anlände
188 541 40 20 och
248 541 123 21 förklarade
391 540 199 22 landtmarskalken
612 541 39 20 och
672 540 151 28 borgarestån-

71 575 49 21 dets
135 575 95 21 taleman
246 575 64 21 hafva
326 575 100 28 fullgjort
442 575 30 20 sin
490 575 61 28 pligt.
580 575 70 21 Innan
669 575 39 28 jag
723 575 100 28 uppläser

71 609 74 22 denna
160 609 114 22 skrifvelse
290 610 33 21 får
336 610 39 27 jag
390 609 67 21 likväl
474 610 54 21 först
543 611 86 25 nämna,
645 611 32 19 att
692 609 66 22 bland
770 612 53 18 mot-

72 644 92 28 partiets
178 646 56 25 män,
246 644 79 21 funnos
341 646 13 19 t.
370 651 34 14 ex.
416 651 27 14 en
454 644 149 28 Adlersparre,
615 651 45 14 som
672 644 55 21 dock
737 643 86 28 yttrade

74 679 34 27 sig
122 679 49 20 icke
186 678 54 28 vilja
256 678 64 27 ,söka
336 678 69 21 förmå
420 678 199 21 landtmarskalken
635 678 33 21 till
684 686 26 13 en
726 679 97 28 proposi-

73 713 45 20 tion
134 713 7 20 i
157 713 71 20 denna
243 712 69 28 fråga,
328 713 76 22 såvida
418 714 54 20 hans
484 713 235 28 (landtmarskalkens)
732 713 91 28 öfverty-

70 747 56 28 gelse
142 755 31 13 om
190 747 44 21 dess
250 747 144 29 lagstridighet
409 748 43 20 icke
468 751 25 17 är
511 747 100 29 häfven.*

141 781 80 28 Kongl.
244 781 114 28 Majestäts
381 781 158 21 ofvannämnde
563 782 113 20 skrifvelse
699 782 24 20 af
744 781 41 21 den
813 783 9 20 1

73 816 56 27 april
147 816 55 20 1800
215 816 71 27 lyder:

141 849 80 28 Kongl.
244 850 63 27 Maj:t
330 850 38 21 har
392 857 78 21 genom
493 850 160 28 Ridderskapet
679 851 40 20 och
741 850 82 21 Adelns

73 884 194 21 Landt-Marskalk
290 884 40 21 och
352 884 97 28 Borgare
473 884 102 22 Ständets
598 885 104 21 Taleman
727 884 72 22 blifvit
817 885 6 20 i

73 918 175 27 underdänighet
263 918 147 27 underrättad,
420 919 117 21 huruledes
547 919 33 21 uti
590 919 63 21 dessa
664 921 79 19 tvänne
755 919 69 21 Ständ

75 952 61 28 fräga
156 952 56 21 varit
231 953 129 27 uppkastad,
376 954 114 26 angäende
505 960 28 14 en
548 960 59 14 mera
623 953 104 28 utvidgad
743 954 81 20 känne-

74 987 50 21 dom
146 994 34 13 om
201 986 35 20 det
260 994 44 13 som
326 987 64 21 hörer
410 988 33 20 till
464 987 94 21 Riksens
577 987 104 21 Ständers
697 988 128 27 Riksgälds-

74 1021 94 21 Contors
186 1021 134 27 förvaltning
336 1022 38 20 och
390 1021 56 21 hvad
462 1022 89 20 dermed
571 1022 132 27 gemenskap
719 1024 62 25 äger;
797 1024 27 18 än

73 1055 59 21 förut
148 1055 110 21 förmenas
272 1055 66 21 hafva
352 1056 72 20 blifvit
440 1056 119 20 meddelad.

142 1088 80 29 Kongl.
245 1089 63 28 Maj:t
330 1090 39 20 har
389 1089 64 21 äfven
476 1090 115 27 inhemtat,
615 1090 36 20 det
674 1090 50 21 med
746 1090 78 20 Rikets

74 1123 138 28 Grundlagar
228 1124 39 20 och
283 1124 73 27 gifven
372 1124 33 21 Ed
420 1124 159 21 instämmande
593 1126 49 25 sätt,
653 1124 110 22 hvarefter
776 1124 48 21 icke

74 1157 84 21 mindre
173 1158 50 20 herr
240 1158 94 21 Grefven
352 1158 40 21 och
405 1158 221 22 Landt-Marskalken
637 1161 27 19 än
675 1158 149 22 Talemannen

74 1192 7 21 i
97 1192 97 27 Borgare
210 1191 91 21 Ståndet
316 1192 115 21 handterat
447 1194 31 19 ett
493 1194 70 25 ämne,
579 1200 45 14 som
641 1195 59 18 emot
712 1192 112 22 föreskrif-

74 1233 42 14 ven
140 1226 92 28 ordning
254 1226 84 21 kunnat
359 1226 49 21 leda
431 1227 35 20 till
489 1227 166 27 öfverläggning
680 1228 31 20 uti
737 1227 86 26 sådant,

74 1261 89 20 hvarom
182 1260 209 28 Regeringsformen
407 1262 27 20 47
450 1262 11 26 8
476 1261 67 21 redan
559 1261 98 28 tydligen
673 1262 95 26 stadgat,
784 1262 39 20 och

73 1295 85 20 hvilket
173 1294 86 21 derföre
275 1295 69 20 måste
355 1295 37 20 till
408 1295 115 28 ovilkorlig
538 1295 149 21 efterrättelse
702 1297 67 26 tjena.

141 1328 35 20 Då
198 1328 79 26 Kongl.
302 1329 60 26 Maj:t
385 1328 59 21 detta
465 1329 58 20 Herr
547 1329 106 20 Grefvens
677 1329 39 20 och
743 1329 81 20 Landt-

74 1361 152 21 Marskalkens
246 1363 56 18 samt
323 1361 159 21 Talemannens
498 1362 7 20 i
521 1362 97 27 Borgare
635 1362 91 21 Ståndet
740 1363 29 26 på
782 1363 41 20 La-

74 1402 67 21 garne
157 1394 111 29 grundade
283 1395 135 21 förhållande
434 1396 50 21 med
498 1395 75 28 nådigt
588 1396 107 29 välbehag
706 1403 69 20 anser,
785 1397 39 21 har

74 1430 79 29 Kongl.
177 1429 61 28 Maj:t
261 1430 104 27 derjemte
386 1431 7 20 i
414 1431 73 21 Nåder
509 1430 52 28 godt
583 1431 60 21 aktat
666 1431 105 27 förklara,
792 1433 31 20 att

833 265 108 21 Ridderskap.

833 295 32 15 och
883 293 57 16 adelns

834 322 66 21 protok.
913 321 28 16 vid

846 350 88 21 riksdagen

848 381 47 16 1800,
905 378 30 16 sid.

881 407 26 16 97.

836 642 66 16 Samma
912 647 37 16 pro-

836 670 76 20 tokoller,
920 669 31 16 sid.

866 701 25 18 96,
905 700 26 15 97.
