992 1692
205 138 40 20 272

176 201 265 27 kompanie-egendomen
462 201 26 19 än
509 202 12 19 å
541 202 50 26 eget
611 200 123 28 torpställe,
761 203 56 18 samt
839 202 32 19 att
893 202 32 20 ut-

177 237 55 25 göra
247 234 143 28 erforderliga
409 234 197 28 öfverdagsverken
627 237 58 18 emot
703 235 112 27 betalning
833 236 13 19 å
861 242 66 20 egen-

177 269 89 26 domen,
289 268 105 21 likasåväl
415 275 45 14 som
479 268 38 21 hos
536 268 147 21 rotehållaren
703 268 53 21 eller
772 269 153 26 annorstädes,

177 303 75 20 dervid
271 303 80 21 honom
369 303 35 20 må
422 303 81 20 tillåtas
518 303 69 20 bruka
603 309 56 20 egna
673 303 148 20 bondekläder
837 303 40 20 och
893 304 32 20 så-

176 337 67 21 lunda
265 339 60 18 utom
345 337 95 27 tjensten
462 337 19 27 ej
501 337 87 21 komma
608 339 32 18 att
659 343 64 14 anses
743 337 136 21 annorlunda
899 339 26 18 än

178 372 41 20 den
234 371 125 21 nuvarande
372 371 163 28 jordbrukande
551 371 81 20 indelte
651 371 104 21 soldaten.
787 371 42 28 Jag
844 373 24 19 är
883 371 43 21 viss

178 406 58 27 uppå
251 407 31 19 att
298 405 36 21 det
350 406 19 27 ej
386 405 56 21 skall
457 407 58 19 möta
531 405 72 28 någon
619 405 110 28 svårighet
739 407 32 19 att
781 405 59 21 inom
851 405 75 28 hvarje

176 441 37 20 län
235 440 59 20 finna
316 440 24 20 så
362 440 80 27 många
463 440 127 28 lägenheter
613 446 45 14 som
682 440 69 20 skulle
772 440 118 27 erfordras,
914 440 12 21 &

178 474 74 21 hvilka
272 475 32 20 ett
322 474 24 21 så
365 474 120 21 vidsträckt
503 474 107 28 jordbruk
634 474 72 21 kunde
729 474 128 28 anbringas,
881 481 46 14 som

178 515 51 14 vore
245 508 105 28 behöfligt
365 508 34 20 för
415 510 31 18 att
462 508 50 21 föda
527 509 40 20 och
586 508 63 20 kläda
665 509 32 20 ett
707 515 39 20 par
757 509 111 20 hundrade
879 515 48 21 per-

178 549 74 20 soner;
280 542 42 20 den
344 542 105 20 kontanta
477 542 236 28 penningeaflöningen
739 543 69 20 skulle
829 543 98 20 soldaten

177 576 119 21 tillsvidare
308 576 82 21 erhålla
400 576 24 21 af
432 576 49 21 dess
497 577 141 20 rotehällare:
653 576 190 21 militärboställen
853 577 74 21 kunna

177 610 74 21 härtill
267 609 109 22 användas
392 610 54 20 eller
462 610 39 21 ock
516 610 69 21 krono
601 610 124 28 öfverlopps
738 611 56 26 jord.
825 611 103 20 Befinnes

178 644 105 27 förslaget
300 651 53 14 vara
372 644 116 27 antagligt,
509 644 24 21 sä
549 644 54 21 skall
619 645 20 26 ej
655 644 110 27 svärighet
780 646 59 19 möta
854 646 31 19 att
899 645 29 28 pä

178 680 32 19 ett
233 678 53 21 eller
308 680 67 19 annat
395 679 43 19 sätt
458 678 81 21 erhälla
559 678 63 20 dessa
642 678 125 27 föreslagna
788 679 138 27 egendomar.

178 713 34 20 De
232 712 54 27 gifta
306 712 49 21 utaf
372 712 139 27 manskapet,
535 712 39 21 och
596 712 79 21 sädane
695 719 46 14 som
762 714 37 19 äro
820 719 55 14 vane
891 713 36 20 vid

174 746 118 28 jordbruk,
308 746 70 20 skulle
393 746 151 28 förnämligast
559 746 109 27 förläggas
679 747 58 27 uppä
747 747 129 27 torpställen
887 747 40 20 och

178 781 88 26 farmer,
289 787 50 14 men
360 780 34 21 för
414 780 26 20 de
461 781 69 27 öfrige
550 781 128 26 uppbyggas
697 780 103 21 bostäder
821 781 13 20 ä
849 781 78 27 sjelfva

179 816 118 24 stommen,
324 814 38 20 der
382 815 82 26 jemväl
484 815 69 27 jemte
576 814 79 27 nödiga
678 815 250 27 ekonomiebyggnader,

177 847 198 29 slöjdeverkstäder
398 848 70 20 skulle
490 848 91 21 inrättas
600 848 40 20 och
659 848 56 21 efter
730 848 68 21 behof
811 849 116 27 uppföras;

178 884 24 25 ty
217 882 69 28 enligt
301 882 45 20 min
361 882 77 26 tanke,
458 882 23 20 sä
496 882 66 21 borde
578 882 90 21 beredas
685 882 39 21 och
739 883 119 27 befrämjas
873 884 54 26 möj-

178 916 69 28 lighet
262 916 40 20 och
318 916 87 20 tillfälle
421 916 33 20 för
470 916 51 21 hvar
537 916 40 20 och
593 924 26 12 en
635 918 31 18 att
682 916 73 21 kunna
774 916 101 21 fortsätta
891 917 36 21 det

178 950 54 27 yrke
248 950 40 20 och
303 950 41 20 den
360 950 57 28 slöjd
432 950 85 21 hvaruti
535 950 43 21 han
593 952 24 18 är
632 950 84 28 kunnig
731 950 39 21 och
786 958 42 13 van
844 950 35 21 vid
895 953 32 19 att

178 986 92 24 uträtta,
290 984 141 28 hvarigenom
450 985 42 20 han
513 984 69 21 skulle
601 984 65 21 vinna
685 984 87 21 trefnad
790 985 40 20 och
848 986 78 26 syssel-

178 1018 98 28 sättning
296 1018 32 21 till
349 1018 67 28 nödig
435 1018 106 28 binäring.
557 1031 28 2 —
600 1018 34 21 Då
649 1019 28 27 pä
693 1018 76 22 sådant
788 1021 42 19 sätt
845 1020 82 20 arbets-

180 1053 42 20 lust
245 1053 70 20 skulle
337 1053 128 27 befrämjäs,
488 1053 23 21 sä
534 1052 72 21 kunde
627 1060 78 20 genom
725 1053 139 21 soldaternes
879 1056 50 26 eget

178 1087 75 20 arbete
270 1086 39 21 och
325 1086 33 21 till
377 1087 62 20 deras
459 1087 68 21 behof
543 1087 122 26 tillverkas,
681 1087 62 27 lärft,
758 1088 67 26 läder,
844 1088 85 20 metall-

180 1120 39 21 och
242 1120 138 21 trädarbeten
403 1128 28 12 m.
448 1128 27 12 m.
489 1121 24 27 ja
528 1121 32 20 till
577 1121 40 20 och
632 1121 50 21 med
696 1121 75 27 kläde,
791 1122 84 20 hvilket
890 1122 39 21 allt

179 1161 34 13 om
230 1154 66 21 ocksä
306 1156 58 19 emot
380 1154 119 28 betalning,
511 1154 70 21 skulle
591 1155 87 21 komma
693 1157 31 19 att
739 1156 34 20 stä
788 1157 71 19 staten
870 1156 7 20 i
889 1156 40 21 och

179 1188 33 20 för
234 1191 106 25 truppens
362 1188 114 20 underhäll
499 1188 49 21 vida
571 1188 100 28 billigare
691 1191 28 19 än
740 1196 79 21 genom
839 1190 89 28 uppköp

180 1222 39 20 och
239 1222 133 26 beställning
387 1222 151 26 annorstädes,
561 1223 40 19 och
624 1223 141 27 hvarigenom
785 1224 94 20 förutom
901 1231 27 13 en

179 1255 67 20 sädan
263 1255 115 27 besparing
394 1262 26 13 en
436 1255 115 28 anständig
567 1256 40 20 och
622 1256 72 27 nyttig
713 1256 167 28 sysselsättning
895 1257 34 21 för

179 1289 98 21 soldaten
294 1288 70 21 skulle
379 1289 83 20 vinnas.
475 1301 24 3 —
511 1289 44 21 För
570 1291 32 19 att
617 1290 124 20 underlätta
755 1290 121 21 kostnaden
892 1291 37 21 vid

179 1322 171 29 uppbyggandet
368 1323 24 20 af
408 1323 128 28 torpställen
558 1324 40 20 och
614 1324 69 28 öfrige
699 1324 134 28 byggnader,
857 1325 70 21 skulle

179 1358 160 20 rotehällarena
358 1358 7 20 i
384 1357 72 21 stället
475 1358 34 21 för
524 1360 31 19 att
570 1358 13 21 &
598 1365 55 21 egna
668 1359 128 28 lägenheter
811 1360 118 28 uppbygga

180 1394 56 26 torp,
259 1392 85 21 biträda
366 1392 50 21 med
439 1393 23 20 sä
482 1394 54 20 stort
559 1393 84 28 anslag,
663 1400 46 15 som
724 1394 12 21 ä
751 1396 86 19 orterne
857 1394 70 22 skulle

178 1434 64 13 anses
255 1427 53 20 böra
322 1427 50 28 ätgä
385 1427 97 27 derföre,
498 1429 55 19 samt
568 1427 75 21 dervid
658 1429 81 20 tillätas
755 1429 91 20 afbörda
857 1429 71 22 denna
