992 1689
215 138 39 19 164

186 209 38 22 gar
240 201 94 21 ansedda
350 201 142 26 stadganden,
507 202 59 18 utom
583 200 26 20 dc
625 200 86 21 särskilt
723 201 114 20 utfärdade
847 201 87 28 privile-

186 237 81 28 gierne,
285 243 50 13 vara
351 234 117 21 afskaffade
486 234 37 21 och
541 233 134 28 förkastade;
692 235 37 20 och
745 235 64 20 redan
821 235 64 20 häraf
895 235 38 20 föl-

184 272 34 27 jer
234 271 105 26 otvunget
355 272 30 17 att
405 269 133 27 rättigheten
559 270 30 19 att
611 269 118 20 bestämma
748 269 106 21 tulltaxan
871 269 62 21 äfven

187 306 68 27 enligt
282 304 54 21 1772
364 303 34 20 åvs
421 302 169 27 regeringsform
615 304 24 18 är
661 304 105 25 regenten
792 303 142 20 förbehållen.

187 341 51 20 Men
254 337 132 28 riktigheten
403 337 23 20 af
440 337 69 20 denna
525 337 56 26 åsigt
595 336 100 21 framstår
706 338 27 19 än
743 337 86 20 klarare
841 344 34 14 om
886 344 48 13 man

185 374 80 29 jemför
281 372 116 27 ordalagen
415 371 29 20 uti
466 371 39 20 den
527 371 24 20 af
566 371 51 20 herr
638 370 134 21 Silfversvan
795 371 70 21 såsom
889 371 47 21 stöd

186 410 34 20 för
236 408 49 20 dess
300 405 118 29 påstående
434 405 121 27 åberopade
571 406 12 26 $
599 405 26 20 45
637 405 6 19 i
654 405 93 20 nämnde
758 405 177 27 regeringsform,

189 450 45 14 som
250 441 68 27 angår
337 440 127 20 ständernas
482 439 206 27 beskattningsrätt,
709 439 50 21 med
777 440 56 20 hvad
852 440 7 20 i
877 440 59 20 detta

188 475 124 23 hänseende
328 481 37 14 var
382 474 68 20 under
465 473 137 21 frihetstiden
619 473 106 28 stadgadt.

257 509 71 21 Sedan
345 508 37 20 det
397 508 23 20 af
433 508 90 28 konung
538 507 49 21 Carl
603 507 33 20 XI
656 507 86 21 införda
761 508 100 20 enväldet
881 508 56 21 ofter

188 546 90 25 konung
301 542 50 22 Carl
373 542 63 20 XII:s
458 542 42 20 död
519 541 123 27 afskaffats,
663 542 141 20 tillerkändes
827 538 108 36 nemligen

190 586 77 21 genom
283 576 78 22 Ulrika
375 576 120 21 Eleonoras
511 576 38 21 och
565 576 93 20 Fredrik
672 576 63 21 I:stes
746 576 189 28 regentförsäkran

192 614 39 20 och
255 611 198 28 regeringsformen
479 610 24 21 af
527 610 41 20 den
592 611 13 19 2
628 611 42 27 maj
693 610 54 20 1720
766 611 117 20 ständerna
904 616 32 16 ut-

189 646 122 29 tryckligen
332 645 104 27 rättighet
455 646 31 19 att
503 644 86 28 reglera
607 644 116 27 tulltaxan;
744 644 89 22 hvarom
849 645 31 20 uti
896 646 11 26 $
923 646 12 20 5

189 682 23 21 af
228 681 72 21 denna
319 678 169 29 regeringsform
509 678 86 28 stadgas
613 680 31 18 att
665 677 90 29 ,Kongl.
778 678 62 28 Maj:t
860 680 35 20 må
916 680 19 27 ej

190 717 56 25 ,mot
260 715 44 27 lag,
314 712 159 28 konungaeden
490 712 39 22 och
543 712 154 28 försäkringen
704 712 97 30 pålägga
811 713 124 22 undersäta-

190 757 62 21 yrene
270 750 69 26 några
359 748 146 28 krigshjelper,
519 747 87 29 gärder,
627 747 74 27 tullar,
722 748 159 28 utskrifningar
901 748 36 20 och

189 802 9 10 ,
204 784 69 22 andra
293 782 98 30 afgifter,
414 785 52 17 utan
490 782 81 21 riksens
593 782 96 20 ständers
709 782 97 28 vetskap,
817 782 50 28 fria
882 782 54 28 vilja

191 819 49 26 ,0ch
262 818 114 27 samtycke,
400 816 72 21 vidare
494 818 27 18 än
544 815 146 28 nästföljande
713 816 69 28 punkt
804 816 132 28 medgifvor*

190 852 28 28 (d.
238 859 19 13 v.
279 858 16 13 s.
316 851 7 20 i
343 850 37 21 fall
400 850 24 20 af
442 850 107 28 fiendtligt
569 849 120 27 öfverfall);
710 850 11 27 &
737 851 26 20 45
779 850 31 20 uti
827 850 54 21 1772
902 850 34 21 års

190 885 170 29 regeringsform
376 885 46 20 åter
436 884 122 21 innehåller
573 886 32 18 att
620 884 117 28 konungen
753 885 21 26 ej
789 884 36 20 mä
838 887 46 18 mot
894 885 43 27 lag,

190 919 130 27 konungaed
332 919 39 20 och
383 918 113 21 försäkran
505 917 106 28 ,pälägga
619 918 164 21 undersätarene
791 920 69 25 några
871 919 64 27 krigs-

190 954 102 28 yhjelper,
318 961 57 20 nya
400 953 86 26 gärder,
506 951 159 28 utskrifningar
687 952 36 20 och
745 951 70 21 andra
837 952 98 29 afgifter,

190 990 63 24 utan
273 987 85 21 riksens
377 987 98 20 ständers
496 985 99 28 vetskap,
611 985 40 20 fria
677 985 52 28 vilja
752 985 39 21 och
814 986 122 28 samtycke"

190 1022 39 21 och
245 1023 23 19 är
284 1020 84 22 säledes
383 1020 33 21 för
432 1020 65 28 öfrigt
513 1019 131 28 ordagrannt
659 1019 138 28 likalydande
812 1020 51 21 med
876 1027 60 22 nyss-

189 1057 58 20 förut
262 1055 122 28 åberopade
400 1056 11 26 $
428 1055 6 20 i
452 1055 52 20 1720
520 1054 33 21 års
569 1053 177 28 regeringsform,
757 1056 60 19 utom
833 1056 31 19 att
875 1055 61 20 ordet

189 1099 43 20 nya
247 1090 83 27 tillagts
346 1089 90 20 framför
450 1089 77 27 gärder
543 1090 56 19 samt
613 1089 32 19 att
661 1088 62 21 ordet
742 1089 66 21 tullar
825 1089 110 21 uteslutits

189 1125 48 20 från
253 1125 26 20 de
295 1123 141 29 uppräknade
452 1123 93 28 afgifter,
560 1123 34 20 till
609 1122 84 21 hvilkas
703 1123 139 28 påbjudande
852 1123 83 21 konun-

188 1166 42 21 gen
247 1165 50 15 vore
313 1158 79 28 pligtig
407 1157 63 21 hafva
486 1157 126 22 ständernas
628 1157 120 28 samtycke;
765 1158 39 20 och
819 1157 65 21 häraf
891 1158 44 21 må-

188 1195 32 18 ste
236 1192 162 28 öfvertygelsen
418 1193 31 19 att
469 1191 208 28 tullbeskattningen
699 1191 68 28 enligt
784 1192 38 20 vår
845 1199 29 13 nu
890 1193 45 26 gäl-

187 1227 63 19 lande
266 1226 170 27 regeringsform
451 1225 74 20 tillhör
540 1226 105 25 regenten
662 1232 81 18 onsam,
759 1226 63 20 vinna
835 1225 100 21 fullkom-

188 1260 30 27 lig
233 1259 83 27 stadga,
331 1259 57 20 helst
403 1259 41 20 den
460 1258 55 28 äsigt
531 1260 32 19 att
577 1257 69 21 under
659 1257 66 21 orden
735 1274 9 11 ,
749 1259 69 20 andra
832 1258 102 28 afgifter"

188 1293 30 21 uti
236 1294 54 20 1772
305 1293 35 20 års
355 1291 169 29 regeringsform
541 1291 70 21 skulle
631 1292 125 28 inbogripas
773 1292 83 27 jemväl
876 1293 58 20 stora

186 1328 111 27 sjötullen,
313 1329 23 19 är
352 1326 90 29 omöjlig
458 1327 31 20 att
503 1325 122 29 godkänna,
641 1326 26 21 då
683 1333 50 14 man
749 1326 67 21 fäster
830 1326 104 29 tillbörlig

188 1362 191 29 uppmärksamhet
394 1361 75 21 dervid
484 1363 31 19 att
531 1361 62 20 dessa
609 1361 38 20 ord
662 1361 84 28 ,andra
757 1361 103 29 afgifter"
871 1361 61 21 äfven

186 1397 121 28 igenfinnas
323 1397 6 20 i
347 1397 53 20 1720
416 1396 35 20 års
467 1395 177 29 regeringsform,
661 1395 38 22 och
717 1395 71 22 dertill
800 1397 56 19 ännu
873 1396 61 21 ordet

189 1432 101 25 tullar",
314 1431 82 21 hvilket
420 1430 132 21 sistnämnde
576 1430 83 21 således
682 1431 118 27 ingalunda
826 1431 108 20 uteslutits
