992 1698
747 117 41 22 213

68 181 38 22 vid
121 181 53 22 sista
188 182 89 28 plenum
291 181 132 29 föredragna
438 183 107 22 särskilda
558 183 144 27 memorialer,
713 185 53 20 utan
779 184 41 21 ock

69 216 136 22 öfverlemna
227 217 78 28 utdrag
327 217 24 21 af
370 217 37 22 det
430 217 76 22 dervid
528 217 61 22 förda
611 217 115 28 protokoll.
756 218 64 21 Efter

69 251 73 27 någon
162 251 64 20 stund
245 251 118 21 återvände
382 251 156 28 deputationen
554 252 40 23 och
609 252 95 23 anmälte
720 254 31 21 att
766 259 53 23 upp-

69 284 77 29 draget
160 291 39 15 var
213 285 121 29 behörigen
348 285 111 29 fullgjord.

136 353 28 21 H.
180 353 28 21 K.
223 353 74 28 Maj:ts
312 353 80 28 nådiga
406 354 135 28 proposition
554 354 113 29 angående
678 355 142 29 tillverkning

68 387 40 22 och
123 387 132 28 försäljning
269 387 25 22 af
307 387 91 22 bränvin
413 388 8 21 i
436 388 101 28 Finland,
552 387 88 23 hvilken
654 388 42 23 den
707 390 13 20 5
730 389 8 21 i
748 389 72 22 denna

67 422 80 22 månad
166 422 111 28 bordlagts
297 423 28 27 på
343 423 13 20 8
371 422 77 29 dagar,
464 423 115 29 föredrogs
594 424 64 27 ånyo,
673 423 90 22 hvarvid
778 424 41 21 föl-

66 456 66 29 jande
147 457 70 20 talare
232 457 86 27 yttrade
334 457 42 28 sig:

136 491 59 21 Herr
209 491 196 28 Björkenheim,
416 491 39 22 R.:
465 491 45 22 Vid
519 492 162 29 ridderskapets
692 493 41 21 och
743 493 75 21 adelns

66 526 90 28 plenum
171 525 43 22 den
229 526 12 21 5
257 526 8 21 i
280 525 71 22 denna
366 526 79 22 månad
460 526 55 22 hade
528 527 40 28 jag
583 529 52 19 äran
650 527 34 21 för
696 527 122 21 ridderska-

67 562 38 27 pet
120 561 41 20 och
177 560 63 21 adeln
260 560 122 29 framlägga
397 562 32 21 ett
444 561 84 29 förslag
542 561 50 22 med
608 561 118 29 anledning
740 561 25 22 af
776 562 42 21 den

67 595 81 28 nådiga
166 595 136 28 proposition
321 602 35 15 om
370 596 274 28 bränvinstillverkningen
660 597 7 20 i
682 596 75 21 landet
772 603 46 14 som

67 630 27 22 då
108 629 50 22 blef
170 630 85 21 ståndet
271 630 95 21 föreläst.
397 630 43 29 Jag
454 630 75 22 leddes
545 630 75 21 dervid
634 630 184 29 hufvudsakligen

66 664 24 21 af
103 666 33 19 tre
151 663 99 22 motiver.
279 664 45 21 Det
339 665 69 21 första
422 671 39 14 var
474 672 27 15 en
515 664 83 22 önskan
611 667 32 19 att
655 665 34 21 för
700 665 45 21 min
755 665 64 28 ringa

67 699 35 22 del
122 698 118 22 medverka
259 699 34 20 till
313 705 28 15 en
360 699 67 22 sådan
447 699 88 29 lösning
549 699 25 22 af
586 699 232 29 bränvinsbrännings-

67 734 78 29 frågan
170 739 46 16 som
236 734 7 21 i
263 733 94 22 nämnde
377 733 81 29 nådiga
477 734 137 29 proposition
634 735 58 21 afses
712 734 41 22 och
773 741 46 14 som

64 769 40 28 jag
119 769 35 21 för
169 768 45 22 min
231 768 34 22 del
280 768 8 21 i
303 768 122 22 hufvudsak
440 769 70 28 gillar.
541 769 44 22 Det
600 769 67 22 andra
676 769 92 22 motivet
780 776 39 15 var

66 805 32 20 att
118 803 37 21 vid
175 803 42 22 den
237 803 81 22 reform
338 810 47 15 som
405 803 71 22 skulle
495 804 158 29 åvägabringas
673 804 89 21 försöka
777 805 41 25 att,

68 838 70 22 såvidt
159 838 34 28 sig
213 839 53 27 göra
285 837 65 29 låter,
365 838 84 29 skydda
467 839 142 28 jordbrukets
629 839 115 21 intressen.
774 838 45 22 Det

67 872 71 29 tredje
153 872 92 22 motivet
260 879 38 14 var
308 874 32 20 att
350 873 20 27 ej
381 872 45 22 låta
436 874 31 20 ett
478 872 94 27 tillfälle,
584 879 46 15 som
642 872 40 29 jag
692 873 69 28 ansåg
770 872 48 22 der-

66 907 37 22 vid
118 914 52 15 vara
183 906 130 28 förhanden,
326 908 32 20 att
370 906 137 29 undanrödja
519 906 27 22 de
557 907 201 29 hufvudsakligaste
772 907 46 21 svå-

66 942 127 29 righeterna
208 948 46 14 som
269 943 68 20 mötte
352 948 27 15 en
394 941 29 21 fri
439 942 40 21 och
495 941 189 29 oreglementerad
695 941 123 29 jordstyck-

66 976 54 28 ning
135 977 28 27 gå
178 975 109 22 oanvändt
301 975 112 22 förloradt.
443 976 51 21 Alla
509 975 64 22 dessa
587 976 93 20 motiver
695 976 63 21 ledde
773 976 45 28 mig

66 1012 32 20 att
117 1010 84 29 påyrka
220 1010 149 29 upptagandet
387 1010 24 21 af
424 1010 77 28 frågan
517 1016 35 15 om
568 1010 169 28 grundskattens
757 1010 62 28 aflyf-

66 1045 65 22 tande
154 1045 49 22 från
221 1044 80 29 jorden
322 1045 7 21 i
349 1045 157 28 sammanhang
526 1044 50 22 med
598 1045 164 28 propositionen
784 1052 34 14 om

66 1080 283 28 bränvinslagstiftningens
363 1079 136 29 förändring.

135 1115 45 21 Vid
199 1114 168 28 tillämpningen
385 1114 24 22 af
426 1114 60 21 detta
502 1114 83 29 förslag
600 1121 35 14 om
651 1114 169 28 grundskattens

68 1149 120 29 aflyftande
208 1151 59 19 möta
287 1149 56 21 dock
361 1149 80 28 många
461 1148 141 29 svårigheter.
632 1148 43 29 Jag
694 1149 40 21 har
750 1149 20 28 ej
786 1149 35 21 för

67 1184 67 29 afsigt
153 1185 33 20 att
206 1184 40 21 här
266 1183 53 22 söka
339 1183 113 29 uppräkna
472 1183 50 22 dem
542 1183 52 27 alla,
612 1184 59 20 ännu
689 1183 84 21 mindre
788 1185 32 20 att

67 1219 54 21 söka
140 1218 105 28 uppgifva
263 1217 88 22 medlen
371 1219 32 20 att
424 1217 128 22 öfvervinna
568 1217 56 21 dem.
653 1217 81 21 Dertill
749 1217 70 21 skulle

66 1253 85 21 fordras
171 1253 125 27 kunskaper
315 1252 41 20 och
375 1251 84 22 krafter
479 1251 23 21 af
520 1251 47 22 helt
582 1258 72 15 annan
669 1251 152 21 beskaffenhet

66 1289 28 19 än
116 1287 49 20 dem
183 1287 39 28 jag
241 1286 81 21 tilltror
341 1286 46 29 mig
402 1287 47 27 äga.
479 1285 75 29 Några
570 1285 24 21 af
607 1285 63 22 dessa
685 1285 136 28 svårigheter

68 1322 37 19 äro
126 1320 56 20 dock
202 1321 23 19 så
246 1320 117 27 sjelffallna
383 1321 32 19 att
435 1320 26 20 de
481 1320 99 27 tydligen
599 1320 57 20 trädt
670 1319 91 21 framför
776 1321 45 26 mig

68 1355 40 20 och
129 1354 37 20 det
186 1355 23 19 är
231 1361 34 14 om
286 1353 49 21 dem
353 1354 40 27 jag
412 1353 100 21 anhåller
532 1355 32 19 att
582 1353 22 21 få
619 1355 58 26 yttra
692 1353 68 28 några
776 1353 44 22 ord.

67 1389 43 28 Jag
126 1388 40 21 har
180 1388 71 28 utgått
267 1387 48 22 från
331 1388 42 21 den
388 1387 111 28 synpunkt
514 1388 32 21 att
561 1387 241 29 bränvinsbränningen
814 1388 7 21 i

66 1423 43 24 den
124 1423 57 23 form
198 1423 42 23 den
254 1422 81 24 hittills
349 1422 57 22 varit
417 1421 162 33 jordbrukaren
594 1422 118 23 tillerkänd
727 1429 52 16 vore
794 1429 28 20 en
