992 1695
212 132 41 21 206

250 196 103 22 Friherre
374 196 140 28 Carpelan:
535 197 43 28 Jag
593 197 70 21 skulle
679 196 115 22 hemställa
810 204 35 14 om
861 196 37 22 det
913 197 20 28 ej

182 237 52 15 vore
253 230 77 28 nödigt
349 232 32 20 att
400 230 152 29 ridderskapet
573 231 39 21 och
633 231 63 22 adeln
715 231 69 21 skulle
803 231 69 21 uttala
891 231 43 21 den

183 265 57 28 åsigt
256 267 38 25 att,
311 272 35 14 om
361 264 106 28 förslaget
482 272 73 14 vunne
571 266 96 21 ståndets
688 265 61 21 bifall
765 266 40 20 och
822 266 26 20 de
864 265 70 28 öfriga

183 300 92 21 stånden
287 306 52 15 vore
352 299 74 28 villige
438 301 31 19 att
482 299 86 29 deltaga
580 300 31 21 uti
623 300 26 21 de
661 300 124 28 föreslagne
799 300 135 27 adresserne,

183 334 86 21 ståndet
288 334 33 21 för
342 334 33 21 sin
391 333 34 21 del
441 341 51 14 vore
508 334 95 28 benäget
618 336 31 19 att
665 336 48 20 utse
729 334 141 22 medlemmar
883 334 8 20 i
907 341 27 14 en

182 368 83 22 komité
281 368 33 21 för
330 368 139 21 adressernes
485 368 151 28 uppsättande.

250 402 58 22 Herr
324 402 124 29 Pipping,
463 403 25 21 F.
501 403 32 21 J.:
550 403 45 21 Mot
611 403 92 21 friherre
718 403 120 28 Carpelans
853 403 82 28 förslag

183 437 69 20 skulle
272 437 40 28 jag
336 437 64 28 bedja
420 437 21 20 få
462 437 105 21 anmärka
583 439 32 19 att
631 437 26 21 då
673 437 37 21 det
725 437 65 21 redan
813 437 70 22 finnes
903 439 32 19 ett

182 471 232 28 expeditionsutskott,
431 471 22 21 så
474 471 61 22 torde
557 471 76 28 frågan
652 472 88 21 tillhöra
759 472 59 21 detta
841 472 94 21 utskotts

181 505 140 28 behandling.

251 539 58 22 Herr
327 539 104 27 Munck,
451 540 24 21 C.
494 540 47 21 Fr.:
558 540 42 28 Jag
616 540 69 21 skulle
701 540 24 21 så
740 540 86 28 mycket
841 547 47 14 mer
903 541 32 20 in-

184 575 92 20 stämma
289 574 8 21 i
312 575 50 20 herr
378 574 106 29 Pippings
501 574 94 28 mening,
613 581 44 14 som
674 576 31 19 ett
721 576 67 20 annat
799 574 136 22 förhållande

184 609 70 21 skulle
270 609 75 28 tyckas
361 609 45 28 mig
421 609 105 21 innebära
541 610 32 19 ett
587 609 145 21 misstroende
743 609 33 21 till
789 609 146 29 expeditions-

182 644 117 21 utskottets
318 643 98 28 förmåga
435 645 31 19 att
485 643 63 22 äfven
569 643 6 21 i
596 643 59 22 detta
671 643 102 22 afseende
789 644 94 27 fullgöra
897 644 38 20 sitt

183 678 123 28 åliggande.

250 712 104 21 Friherre
373 712 142 28 Carpelan:
535 712 44 22 För
599 713 45 21 min
663 713 35 21 del
714 719 64 14 anser
791 713 38 27 jag
845 713 91 21 ärendet

182 746 48 21 icke
246 746 125 28 egentligen
383 748 79 26 utgöra
473 747 67 21 sådan
553 746 178 29 landtdagsfråga
742 748 31 20 att
788 746 147 29 expeditions-

182 781 107 21 utskottet
303 788 52 14 vore
370 781 88 28 pligtigt
466 783 32 19 att
513 780 49 22 med
575 781 139 21 adressernas
727 781 146 29 uppsättande
884 783 51 26 taga

182 816 133 27 befattning,
332 818 53 18 utan
405 817 31 19 att
452 816 40 28 jag
510 816 86 21 derföre
616 816 37 21 vill
672 816 7 20 i
698 816 72 28 någon
789 816 67 21 måtto
879 818 57 19 sätta

182 849 49 22 dess
247 850 100 27 förmåga
361 849 73 22 dertill
449 850 6 21 i
472 850 68 28 fråga.

250 885 58 20 Herr
330 891 42 14 von
395 884 92 21 Essen:
509 885 34 20 Då
562 885 39 27 jag
619 885 6 20 i
641 885 48 21 mitt
709 885 112 21 memorial
840 885 96 28 föreslog

183 918 112 22 bildandet
317 919 24 20 af
362 925 26 15 en
411 919 220 27 redaktionskomité,
653 920 50 20 kom
719 920 40 27 jag
778 920 19 27 ej
817 921 32 20 att
869 919 67 21 tänka

183 954 29 28 på
234 955 32 20 att
286 953 91 21 ärendet
399 953 73 21 kunde
494 953 119 22 behandlas
637 954 23 21 af
681 954 254 28 expeditionsutskottet,

183 988 99 21 hvarföre
300 988 40 28 jag
360 995 28 14 nu
408 987 38 22 ber
462 988 34 21 för
511 989 45 20 min
573 988 34 21 del
623 988 22 21 få
660 988 76 21 förena
751 989 46 27 mig
811 989 50 20 med
876 988 59 27 dem,

184 1029 46 14 som
246 1023 80 20 önskar
341 1024 31 19 att
389 1022 76 28 frågan
480 1023 37 20 må
532 1023 23 20 af
569 1023 58 20 detta
644 1023 83 21 utskott
742 1023 125 21 behandlas.

252 1057 12 20 I
279 1056 119 29 anledning
413 1056 65 22 häraf
490 1057 129 21 hemställde
630 1057 50 21 herr
691 1057 201 22 landtmarskalken
902 1057 35 21 till

183 1091 151 29 ridderskapet
350 1091 39 21 och
405 1091 64 20 adeln
484 1091 107 21 huruvida
606 1091 86 21 ståndet
708 1092 96 21 önskade
815 1099 79 21 genom
905 1091 31 21 af-

184 1125 84 28 gående
284 1125 100 22 adresser
399 1125 33 21 till
447 1125 121 28 Rysslands
584 1125 39 22 och
641 1125 102 28 Sveriges
759 1126 46 21 folk
821 1127 68 20 uttala
900 1126 36 21 det

183 1160 70 21 finska
268 1160 80 22 folkets
364 1160 136 21 tacksamhet
515 1160 34 21 för
565 1160 26 21 de
607 1159 48 22 från
671 1160 49 21 dess
731 1160 99 21 bemälda
841 1167 94 22 grannar

183 1195 69 21 under
272 1202 52 21 nyss
343 1194 153 22 öfverståndne
516 1195 122 28 hungersår
653 1195 98 21 erhållne
767 1195 115 28 frikostiga
898 1201 38 15 un-

184 1229 87 21 derstöd
292 1230 39 20 och
352 1229 32 20 till
406 1229 130 20 ständernes
557 1229 222 27 expeditionsutskott
801 1229 135 20 öfverlemna

183 1265 32 18 att
234 1263 53 27 ingå
307 1263 7 20 i
334 1262 131 26 författning
484 1269 35 13 om
535 1262 110 20 adressers
661 1263 144 27 uppsättande
821 1263 7 19 i
844 1262 92 21 berörde

183 1296 135 28 hänseende;
333 1296 87 21 hvartill
437 1296 106 28 enhälligt
558 1296 84 27 bifölls;
658 1296 41 21 och
715 1296 69 21 skulle
797 1296 37 22 det
845 1296 91 21 sålunda

183 1330 81 22 fattade
280 1330 96 22 beslutet
396 1329 111 22 meddelas
523 1330 141 21 medstånden
681 1331 6 21 i
702 1330 36 22 det
749 1331 31 20 uti
793 1330 142 22 omförmälda

182 1365 114 22 memorial
312 1364 94 29 antydda
421 1364 107 21 ändamål.

251 1399 35 22 Då
301 1399 51 22 herr
366 1399 201 22 landtmarskalken
586 1399 139 28 hemställde,
741 1399 106 23 huruvida
863 1400 26 21 de
905 1401 32 21 öf-

183 1435 48 28 riga
251 1434 92 22 stånden
364 1436 77 26 genast
462 1433 69 22 skulle
549 1441 34 14 om
599 1434 36 21 det
651 1435 82 22 fattade
748 1435 95 22 beslutet
858 1435 79 22 under-
