992 1695
218 141 39 23 126

256 208 43 21 Till
321 205 73 23 vidare
415 207 76 29 åtgärd
510 208 96 28 företogs
621 205 262 23 riddarhusdirektionens
899 206 34 22 till

187 242 151 28 ridderskapet
354 242 39 20 och
409 242 63 21 adeln
489 242 118 22 aflemnade
623 242 117 21 berättelse
756 249 34 14 om
804 242 47 20 sina
861 242 72 28 tillgö-

187 276 82 22 randen
284 277 32 21 uti
331 276 137 22 riddarhuset
483 277 91 21 rörande
591 277 91 21 ärender
697 279 55 19 samt
768 276 111 29 angående
891 277 42 20 rid-

187 311 88 21 darhus-
290 312 40 20 och
343 312 275 28 jungfrustifts-kassornas
634 312 143 28 förvaltning;
792 312 89 20 hvilken
896 312 37 20 be-

187 346 95 27 rättelse,
295 346 88 28 jemlikt
398 346 159 28 ridderskapets
574 347 39 21 och
627 346 74 21 adelns
712 346 72 21 beslut
794 346 41 21 den
847 346 26 21 22
885 346 48 21 sist-

187 380 64 22 vikne
267 380 129 28 september,
410 381 73 21 hållits
498 381 120 28 bordlaggd
632 381 31 20 uti
680 381 44 21 åtta
740 381 72 28 dagar.

255 415 138 21 Berättelsen
409 416 70 21 skulle
495 415 145 21 öfverlemnas
661 416 32 19 till
715 415 219 21 riddarhusutskottet

188 456 45 14 som
249 449 56 28 ägde
325 449 49 21 med
394 449 136 22 betänkande
551 450 99 21 deröfver
671 450 33 20 till
724 449 150 29 ridderskapet
893 449 40 22 och

187 484 63 21 adeln
266 484 116 21 inkomma.

253 554 118 29 Upplästes
386 553 78 30 utdrag
479 561 25 14 ur
523 554 233 21 riddarhusutskottets
771 554 35 21 vid
826 561 105 14 samman-

186 589 61 21 träde
261 589 93 21 förlidne
369 589 82 28 gårdag
465 589 61 21 förda
540 589 116 28 protokoll,
667 589 79 21 hvaraf
754 589 136 21 inhemtades
901 591 31 19 att

185 624 36 21 vid
236 623 130 29 pröfningen
383 623 24 20 af
420 623 41 21 den
477 623 47 22 utaf
543 625 97 26 majoren
655 624 56 21 Axel
726 624 104 28 Henning
845 623 87 22 Krabbe

186 659 38 20 hos
239 658 221 21 riddarhusutskottet
479 658 75 29 gjorda
575 658 100 21 anhållan
696 665 34 14 om
751 659 180 20 utbekommande

187 693 23 21 af
218 693 77 28 pollett
305 693 34 20 för
355 694 31 19 att
401 693 68 21 under
482 693 118 28 påstående
612 693 103 28 landtdag
728 694 12 20 &
752 693 136 22 riddarhuset
899 693 32 21 in-

185 729 51 26 taga
256 729 45 18 säte
322 727 39 20 och
383 727 81 21 erhålla
487 729 89 19 stämma
597 727 33 21 för
650 727 86 28 adeliga
755 729 59 19 ätten
835 735 34 13 n:o
892 729 39 19 159

185 761 100 27 Krabbe,
300 761 55 21 hade
370 761 231 27 riddarhusutskottet,
622 762 56 20 efter
698 762 68 21 skedd
786 762 145 28 omröstning,

185 796 34 21 väl
235 798 71 18 ansett
321 796 98 27 majoren
435 796 94 27 Krabbe,
545 796 88 21 hvilken
648 796 34 21 för
698 796 33 20 sin
747 797 66 27 tjenst
825 798 22 19 är
861 796 70 22 bosatt

185 833 59 18 utom
259 830 93 21 Finland
368 830 39 21 och
423 830 75 21 endast
511 830 137 28 tillfälligtvis
659 830 113 21 härstädes
784 831 73 27 vistas,
871 831 57 28 förty

184 865 48 20 icke
248 872 51 14 vara
314 865 33 20 till
363 865 124 21 erhållande
502 865 24 21 af
539 865 173 28 inträdespollett
733 865 128 29 berättigad,
882 872 48 15 men

185 899 90 27 ändock,
291 899 92 20 emedan
399 899 42 20 slik
456 899 84 21 förmån
557 899 23 21 af
593 899 117 28 höglofliga
725 899 151 29 ridderskapet
891 901 39 20 och

185 933 62 22 adeln
263 933 34 21 för
312 933 71 21 denna
393 933 103 28 landtdag
509 934 101 27 beviljats
621 934 222 27 ståndsmedlemmar,
855 935 26 20 de
893 935 39 20 der

184 968 7 21 i
207 968 69 21 likhet
291 968 50 21 med
356 968 98 27 majoren
469 968 87 21 Krabbe
568 968 48 21 icke
629 969 55 20 varit
696 969 59 20 inom
766 969 73 20 landet
851 969 80 28 stadigt

184 1003 93 26 bosatte,
293 1003 71 20 funnit
378 1003 33 27 sig
426 1003 52 20 böra
489 1003 32 20 till
532 1002 151 29 ridderskapet
695 1003 39 20 och
746 1003 63 21 adeln
822 1003 109 21 vördsamt

185 1037 133 21 öfverlemna
333 1039 31 19 att
379 1037 92 21 rörande
487 1038 96 27 majoren
599 1037 99 21 Krabbes
714 1037 164 28 ifrågavarande
894 1045 37 14 an-

184 1071 73 22 hållan
272 1071 109 22 förordna.

251 1107 35 20 Då
301 1107 100 28 votering
413 1106 7 21 i
434 1106 88 22 ärendet
531 1108 77 27 genast
617 1106 23 21 af
649 1107 70 28 någon
729 1106 96 22 ståndets
836 1106 94 23 ledamot

183 1141 121 29 påyrkades
319 1141 112 21 anmärkte
448 1141 49 21 herr
506 1141 99 21 Aminoff
613 1143 31 19 att
656 1142 65 21 sådan
731 1149 51 14 vore
796 1142 133 29 öfverflödig,

185 1176 26 21 då
226 1176 111 28 utgången
353 1176 62 21 deraf
429 1176 48 21 med
496 1176 100 21 säkerhet
617 1177 71 20 kunde
709 1184 63 13 anses
792 1177 68 21 blifva
880 1184 49 14 ena-

184 1211 77 26 handa,
278 1217 46 14 som
339 1211 7 20 i
362 1211 102 20 afseende
479 1211 13 20 å
507 1211 26 21 de
549 1214 32 18 tre
592 1218 110 21 personer,
719 1218 45 14 som
778 1211 67 21 under
857 1211 73 29 dylika

184 1245 191 26 omständigheter,
392 1251 45 13 som
453 1245 49 20 med
517 1246 98 25 majoren
631 1245 88 20 Krabbe
734 1245 55 27 ägde
805 1252 54 19 rum,
878 1247 51 19 alla-

183 1277 66 21 redan
270 1278 101 26 beviljats
392 1279 46 19 säte
459 1278 39 20 och
518 1280 92 18 stämma
628 1278 13 20 å
659 1278 136 21 riddarhuset
810 1278 33 21 för
859 1278 70 22 denna

183 1311 109 29 landtdag.

250 1346 58 21 Herr
323 1346 96 22 Munck
434 1346 80 28 yrkade
530 1348 28 27 på
573 1347 100 29 votering
688 1347 91 22 emedan
792 1348 41 22 den
846 1348 23 22 af
878 1349 50 21 herr

182 1380 98 22 Aminoff
294 1381 129 21 omnämnde
434 1382 99 28 votering
545 1381 76 22 endast
633 1384 45 19 rört
687 1385 32 18 tre
728 1383 27 20 då
763 1383 165 28 ifrågavarande

183 1423 104 22 personer
298 1423 50 14 men
360 1416 47 21 icke
421 1415 65 22 afsett
498 1419 30 18 att
536 1417 106 21 fastställa
656 1425 27 14 en
696 1418 84 28 princip
794 1418 33 21 för
839 1419 42 20 alla
889 1425 38 14 un-

183 1451 37 20 der
233 1451 132 28 landtdagen
378 1451 176 22 förekommande
568 1451 38 22 fall
618 1451 24 22 af
650 1453 112 21 enahanda
771 1453 156 22 beskaffenhet.
