1014 1698
776 134 25 21 21

81 196 34 21 till
131 197 53 28 följe
199 197 79 22 hvaraf
296 198 175 28 propositionen,
493 199 69 21 såsom
576 198 95 29 jakande
686 199 106 21 besvarad
808 199 26 21 af

81 232 80 20 tvänne
177 231 90 28 klasser,
282 239 39 14 var
336 232 23 21 af
373 233 86 20 ståndet
474 233 97 20 bifallen.

150 299 124 28 Föredrogs
290 300 40 21 och
344 300 112 28 upplästes
467 300 266 21 riddarhusdirektionens
744 301 34 20 till
788 301 46 20 rid-

82 333 127 29 derskapets
221 335 40 20 och
272 334 75 21 adelns
362 334 90 29 plenum
466 335 105 21 inkomna
584 334 211 29 protokolls-utdrag
810 335 27 20 af

81 366 42 23 dén
141 369 25 20 16
182 368 8 21 i
205 368 72 21 denna
295 368 79 21 månad
388 369 162 27 innehållande,
566 371 31 19 att
612 369 221 22 riddarhusdirektio-

81 409 44 14 nen
147 402 37 21 vid
205 403 133 28 pröfningen
361 402 23 21 af
405 402 26 23 de
453 403 49 22 utaf
519 403 51 21 herr
588 403 79 28 Uggla,
683 403 72 22 Johan
771 403 63 21 Knut

81 436 134 28 Waldemar,
231 437 51 21 herr
303 443 42 15 von
368 437 101 28 Schantz,
492 437 73 22 Johan
585 437 120 28 Eberhard,
726 437 40 22 och
781 437 52 22 herr

81 471 84 27 Bruun,
179 471 106 27 Theodor,
297 471 74 21 hvilka
385 471 49 22 icke
450 479 51 14 voro
515 472 59 21 inom
589 471 95 22 Finland
699 472 80 27 stadigt
794 472 40 21 bo-

83 507 62 25 satte,
160 506 37 21 vid
211 505 64 22 skedt
290 512 85 22 upprop
391 506 78 28 gjorda
484 505 95 29 anspråk
593 507 33 20 att
635 506 141 21 utbekomma
786 506 47 28 pol-

81 539 66 22 letter
165 540 34 21 för
219 542 32 19 att
266 541 13 20 å
293 539 138 22 riddarhuset
450 541 75 27 intaga
540 541 45 20 säte
601 541 40 20 och
657 542 92 19 stämma
763 540 71 21 under

81 574 119 27 påstående
216 574 111 28 landtdag,
341 574 51 21 herr
407 574 74 28 Uggla
495 575 34 20 för
545 575 59 20 ätten
619 581 35 14 n:o
665 576 14 20 4
688 575 81 28 Uggla,
781 575 53 20 herr

81 615 43 14 von
141 609 93 21 Schantz
249 609 34 20 för
299 610 60 19 ätten
374 616 35 14 n:o
425 609 27 20 95
467 616 43 13 von
526 608 93 22 Schantz
635 609 40 21 och
690 609 51 21 herr
755 609 78 21 Bruun

81 642 35 21 för
135 645 59 19 ätten
213 650 34 14 n:o
264 643 41 20 234
321 643 83 27 Bruun,
419 643 72 21 funnit
507 643 101 28 gällande
623 643 212 28 riddarhusordning

82 677 24 21 af
119 677 42 22 den
177 678 12 20 6
203 677 49 28 juni
272 678 54 20 1626
345 677 40 22 och
401 678 106 27 tilläggen
523 677 73 22 dertill
611 677 34 21 för
660 677 42 21 den
717 678 12 20 3
744 683 90 15 novem-

81 711 40 21 ber
137 712 55 20 1778
207 711 49 21 icke
270 711 74 21 lemna
358 711 41 21 full
413 711 91 28 ledning
519 711 34 21 för
569 711 157 22 bedömmande
737 711 24 21 af
769 711 66 22 dessa

81 745 75 28 frägor
177 746 40 20 och
237 745 87 22 derföre
343 747 73 19 ansett
435 746 34 27 sig
483 745 54 21 böra
553 745 135 22 öfverlemna
702 745 34 21 till
750 745 84 21 ridder-

83 779 77 28 skapet
175 779 40 21 och
230 779 65 21 adeln
308 779 23 21 in
345 779 66 28 pleno
427 781 32 19 att
474 779 75 21 derom
565 779 109 21 förordna.

150 813 59 22 Herr
229 813 116 22 Pinello:
366 813 71 21 Innan
459 814 39 27 jag
521 814 39 27 går
580 815 32 19 att
631 815 58 26 yttra
707 813 46 28 mig
771 813 63 21 öfver

83 848 36 21 det
135 849 70 26 ämne,
220 848 89 21 hvartill
321 848 40 28 jag
376 848 87 21 erhållit
477 847 68 28 ordet,
556 848 98 21 anhåller
661 848 40 27 jag
711 847 23 22 få
744 847 88 22 anföra:

82 882 44 21 Det
145 882 36 21 mä
197 889 53 14 vara
265 884 32 20 att
311 882 105 28 landtdag
431 884 23 19 är
470 888 27 15 en
512 882 110 28 rättighet,
638 888 46 15 som
699 882 136 21 tillkommer

83 917 36 21 det
134 916 71 21 finska
219 916 70 22 folket
303 928 28 4 —
343 918 40 26 jag
397 916 39 21 vill
449 917 132 21 ätminstone
591 916 71 28 aldrig
671 916 97 21 bestrida
778 916 56 21 eller

79 951 62 29 jäfva
156 953 31 19 ett
203 950 77 22 sädant
294 950 126 29 pästäende.
448 950 52 22 Men
515 950 28 22 dä
558 950 72 22 denna
644 950 105 30 rättighet
763 951 7 20 i
785 957 50 14 mer

82 987 28 19 än
131 985 75 21 femtio
226 985 35 21 ärs
279 985 33 21 tid
330 985 48 21 icke
393 985 24 21 af
431 992 34 14 oss
480 985 42 21 fätt
537 985 102 28 ätnjutas,
656 984 24 22 sä
694 985 36 21 mä
744 992 51 14 man
811 985 22 27 ej

82 1020 105 21 förundra
207 1020 34 28 sig
256 1026 35 14 om
303 1020 50 28 jag,
369 1026 46 14 som
430 1026 28 15 en
472 1020 77 28 längre
563 1019 32 21 tid
609 1019 57 21 varit
680 1021 156 27 representant

81 1054 8 20 i
105 1055 32 19 ett
151 1053 26 21 af
189 1053 104 21 Finlands
312 1053 49 28 fyra
376 1054 72 26 ständ,
463 1061 40 19 nu,
519 1054 27 20 dä
558 1054 40 27 jag
612 1053 69 21 första
695 1054 87 27 gängen
797 1060 38 14 ser

81 1087 86 21 landets
182 1088 89 21 ständer
285 1087 142 27 församlade,
443 1088 70 21 skulle
528 1087 64 21 lifvas
608 1087 24 21 af
645 1094 28 14 en
687 1087 102 28 innerlig,
804 1094 30 14 en

83 1122 168 28 oemotständlig
271 1121 73 29 glädje
365 1122 41 20 och
422 1122 134 27 hänförelse;
573 1122 40 20 och
628 1121 49 21 icke
691 1121 70 21 heller
776 1121 59 21 skall

82 1156 37 21 det
140 1156 69 21 väcka
231 1156 116 27 förvåning
366 1162 35 14 om
419 1157 40 27 jag
478 1156 37 21 vid
535 1157 31 20 ett
585 1155 88 22 tillfälle
693 1156 77 21 sådant
785 1162 48 14 som

82 1190 60 21 detta
161 1190 90 21 hembär
269 1190 46 21 min
329 1190 150 29 underdäniga
495 1202 26 4 —
537 1190 47 28 nej!
600 1190 45 21 min
660 1190 42 21 fria
717 1190 40 21 och
773 1189 63 28 sjelf-

83 1224 109 28 ständiga,
211 1225 45 20 min
270 1220 30 37 ur
306 1224 101 28 hjertats
423 1225 53 28 djup
491 1224 85 29 gående
591 1224 136 21 tacksamhet
742 1224 33 21 för
790 1224 44 20 den

82 1258 49 22 ädle
147 1259 68 20 furste
231 1259 41 20 och
287 1264 60 21 man,
363 1265 46 14 som
425 1259 50 21 med
490 1259 33 20 sin
538 1258 45 21 staf
593 1258 58 21 delat
665 1259 36 20 det
711 1258 64 21 Röda
785 1258 49 21 haf-

81 1294 48 20 vets
152 1293 67 28 vägor
240 1293 40 20 och
299 1299 26 14 ur
345 1292 42 22 den
403 1293 115 28 egyptiska
532 1292 122 21 träldomen
669 1292 44 21 fört
726 1291 109 22 Finlands

81 1327 55 20 barn
156 1327 34 20 till
209 1327 37 19 det
263 1326 123 21 förlofvade
401 1327 84 26 landet,
500 1327 33 19 till
549 1326 37 20 det
600 1326 105 27 länge
678 1322 27 35 af
717 1333 36 13 oss
767 1326 67 20 efter-

81 1360 102 27 längtade
207 1360 40 20 och
269 1360 126 21 emotsedda
415 1359 98 21 Kanaan.
529 1371 28 4 —
571 1360 53 20 Post
643 1359 74 21 nubila
736 1359 99 21 Phoebus

82 1394 63 28 säger
161 1393 97 27 skalden,
270 1393 40 22 och
321 1393 64 22 dessa
399 1393 54 22 hans
469 1393 39 22 ord
519 1393 75 22 kunna
603 1393 8 21 i
621 1392 136 22 närvarande
768 1393 67 20 stund

80 1435 48 15 mer
143 1430 26 19 än
186 1429 35 20 väl
231 1429 83 28 lämpas
325 1429 29 28 pä
365 1428 175 21 förhällanderne
548 1428 59 21 inom
616 1428 48 21 värt
671 1427 162 22 fädernesland.
