<?xml version="1.0" encoding="UTF-8"?>
<alto xmlns="http://www.loc.gov/standards/alto/ns-v3#" xmlns:xlink="http://www.w3.org/1999/xlink" xmlns:xsi="http://www.w3.org/2001/XMLSchema-instance" xsi:schemaLocation="http://www.loc.gov/standards/alto/ns-v3# http://www.loc.gov/alto/v3/alto-3-0.xsd">
	<Description>
		<MeasurementUnit>pixel</MeasurementUnit>
		<sourceImageInformation>
			<fileName>/tmp/tess_b1qha9m4_input.PNG</fileName>
		</sourceImageInformation>
		<OCRProcessing ID="OCR_0">
			<ocrProcessingStep>
				<processingSoftware>
					<softwareName>tesseract 5.3.4</softwareName>
				</processingSoftware>
			</ocrProcessingStep>
		</OCRProcessing>
	</Description>
	<Layout>
		<Page WIDTH="992" HEIGHT="1700" PHYSICAL_IMG_NR="0" ID="page_0">
			<PrintSpace HPOS="0" VPOS="0" WIDTH="992" HEIGHT="1700">
				<ComposedBlock ID="cblock_0" HPOS="213" VPOS="132" WIDTH="41" HEIGHT="23">
					<TextBlock ID="block_0" HPOS="213" VPOS="132" WIDTH="41" HEIGHT="23">
						<TextLine ID="line_0" HPOS="213" VPOS="132" WIDTH="41" HEIGHT="23">
							<String ID="string_0" HPOS="213" VPOS="132" WIDTH="41" HEIGHT="23" WC="0.95" CONTENT="286"/>
						</TextLine>
					</TextBlock>
				</ComposedBlock>
				<ComposedBlock ID="cblock_1" HPOS="181" VPOS="198" WIDTH="758" HEIGHT="1276">
					<TextBlock ID="block_1" HPOS="181" VPOS="191" WIDTH="758" HEIGHT="1283">
						<TextLine ID="line_1" HPOS="253" VPOS="198" WIDTH="680" HEIGHT="29">
							<String ID="string_1" HPOS="253" VPOS="200" WIDTH="59" HEIGHT="22" WC="0.96" CONTENT="Herr"/><SP WIDTH="19" VPOS="200" HPOS="312"/>
							<String ID="string_2" HPOS="331" VPOS="199" WIDTH="128" HEIGHT="27" WC="0.93" CONTENT="Aminoff,"/><SP WIDTH="22" VPOS="199" HPOS="459"/>
							<String ID="string_3" HPOS="481" VPOS="199" WIDTH="25" HEIGHT="22" WC="0.91" CONTENT="G."/><SP WIDTH="21" VPOS="199" HPOS="506"/>
							<String ID="string_4" HPOS="527" VPOS="191" WIDTH="37" HEIGHT="30" WC="0.91" CONTENT="G.:"/><SP WIDTH="16" VPOS="191" HPOS="564"/>
							<String ID="string_5" HPOS="580" VPOS="198" WIDTH="76" HEIGHT="23" WC="0.96" CONTENT="Såsom"/><SP WIDTH="20" VPOS="198" HPOS="656"/>
							<String ID="string_6" HPOS="676" VPOS="206" WIDTH="28" HEIGHT="14" WC="0.96" CONTENT="en"/><SP WIDTH="14" VPOS="206" HPOS="704"/>
							<String ID="string_7" HPOS="718" VPOS="198" WIDTH="131" HEIGHT="29" WC="0.96" CONTENT="föregående"/><SP WIDTH="16" VPOS="198" HPOS="849"/>
							<String ID="string_8" HPOS="865" VPOS="198" WIDTH="68" HEIGHT="22" WC="0.96" CONTENT="talare"/>
						</TextLine>
						<TextLine ID="line_2" HPOS="185" VPOS="233" WIDTH="749" HEIGHT="29">
							<String ID="string_9" HPOS="185" VPOS="234" WIDTH="100" HEIGHT="22" WC="0.96" CONTENT="anmärkt"/><SP WIDTH="14" VPOS="234" HPOS="285"/>
							<String ID="string_10" HPOS="299" VPOS="234" WIDTH="40" HEIGHT="20" WC="0.96" CONTENT="bör"/><SP WIDTH="15" VPOS="234" HPOS="339"/>
							<String ID="string_11" HPOS="354" VPOS="233" WIDTH="71" HEIGHT="21" WC="0.95" CONTENT="denna"/><SP WIDTH="16" VPOS="233" HPOS="425"/>
							<String ID="string_12" HPOS="441" VPOS="233" WIDTH="61" HEIGHT="29" WC="0.96" CONTENT="fråga"/><SP WIDTH="15" VPOS="233" HPOS="502"/>
							<String ID="string_13" HPOS="517" VPOS="234" WIDTH="48" HEIGHT="21" WC="0.96" CONTENT="icke"/><SP WIDTH="17" VPOS="234" HPOS="565"/>
							<String ID="string_14" HPOS="582" VPOS="235" WIDTH="84" HEIGHT="19" WC="0.93" CONTENT="ensamt"/><SP WIDTH="15" VPOS="235" HPOS="666"/>
							<String ID="string_15" HPOS="681" VPOS="233" WIDTH="129" HEIGHT="22" WC="0.91" CONTENT="skärskådas"/><SP WIDTH="15" VPOS="233" HPOS="810"/>
							<String ID="string_16" HPOS="825" VPOS="240" WIDTH="26" HEIGHT="14" WC="0.93" CONTENT="ur"/><SP WIDTH="14" VPOS="240" HPOS="851"/>
							<String ID="string_17" HPOS="865" VPOS="234" WIDTH="69" HEIGHT="20" WC="0.92" CONTENT="mate-"/>
						</TextLine>
						<TextLine ID="line_3" HPOS="184" VPOS="268" WIDTH="751" HEIGHT="28">
							<String ID="string_18" HPOS="184" VPOS="269" WIDTH="54" HEIGHT="22" WC="0.92" CONTENT="riela"/><SP WIDTH="15" VPOS="269" HPOS="238"/>
							<String ID="string_19" HPOS="253" VPOS="268" WIDTH="141" HEIGHT="28" WC="0.96" CONTENT="synpunkter."/><SP WIDTH="29" VPOS="268" HPOS="394"/>
							<String ID="string_20" HPOS="423" VPOS="268" WIDTH="44" HEIGHT="20" WC="0.93" CONTENT="Det"/><SP WIDTH="16" VPOS="268" HPOS="467"/>
							<String ID="string_21" HPOS="483" VPOS="268" WIDTH="71" HEIGHT="28" WC="0.91" CONTENT="gifves"/><SP WIDTH="16" VPOS="268" HPOS="554"/>
							<String ID="string_22" HPOS="570" VPOS="268" WIDTH="67" HEIGHT="21" WC="0.96" CONTENT="andra"/><SP WIDTH="17" VPOS="268" HPOS="637"/>
							<String ID="string_23" HPOS="654" VPOS="268" WIDTH="75" HEIGHT="28" WC="0.93" CONTENT="högre."/><SP WIDTH="30" VPOS="268" HPOS="729"/>
							<String ID="string_24" HPOS="759" VPOS="268" WIDTH="176" HEIGHT="28" WC="0.90" CONTENT="Indelningsver-"/>
						</TextLine>
						<TextLine ID="line_4" HPOS="185" VPOS="302" WIDTH="749" HEIGHT="29">
							<String ID="string_25" HPOS="185" VPOS="304" WIDTH="48" HEIGHT="21" WC="0.92" CONTENT="kets"/><SP WIDTH="16" VPOS="304" HPOS="233"/>
							<String ID="string_26" HPOS="249" VPOS="303" WIDTH="128" HEIGHT="28" WC="0.93" CONTENT="förtjenster"/><SP WIDTH="16" VPOS="303" HPOS="377"/>
							<String ID="string_27" HPOS="393" VPOS="309" WIDTH="64" HEIGHT="21" WC="0.96" CONTENT="synas"/><SP WIDTH="15" VPOS="309" HPOS="457"/>
							<String ID="string_28" HPOS="472" VPOS="303" WIDTH="45" HEIGHT="27" WC="0.96" CONTENT="mig"/><SP WIDTH="16" VPOS="303" HPOS="517"/>
							<String ID="string_29" HPOS="533" VPOS="310" WIDTH="51" HEIGHT="14" WC="0.96" CONTENT="vara"/><SP WIDTH="16" VPOS="310" HPOS="584"/>
							<String ID="string_30" HPOS="600" VPOS="302" WIDTH="24" HEIGHT="21" WC="0.96" CONTENT="af"/><SP WIDTH="13" VPOS="302" HPOS="624"/>
							<String ID="string_31" HPOS="637" VPOS="302" WIDTH="103" HEIGHT="28" WC="0.96" CONTENT="trefaldig"/><SP WIDTH="16" VPOS="302" HPOS="740"/>
							<String ID="string_32" HPOS="756" VPOS="304" WIDTH="44" HEIGHT="19" WC="0.93" CONTENT="art:"/><SP WIDTH="17" VPOS="304" HPOS="800"/>
							<String ID="string_33" HPOS="817" VPOS="303" WIDTH="32" HEIGHT="20" WC="0.85" CONTENT="1:o"/><SP WIDTH="16" VPOS="303" HPOS="849"/>
							<String ID="string_34" HPOS="865" VPOS="302" WIDTH="69" HEIGHT="22" WC="0.93" CONTENT="solda-"/>
						</TextLine>
						<TextLine ID="line_5" HPOS="185" VPOS="336" WIDTH="749" HEIGHT="30">
							<String ID="string_35" HPOS="185" VPOS="340" WIDTH="48" HEIGHT="19" WC="0.96" CONTENT="tens"/><SP WIDTH="15" VPOS="340" HPOS="233"/>
							<String ID="string_36" HPOS="248" VPOS="336" WIDTH="146" HEIGHT="28" WC="0.96" CONTENT="verksamhet,"/><SP WIDTH="16" VPOS="336" HPOS="394"/>
							<String ID="string_37" HPOS="410" VPOS="336" WIDTH="27" HEIGHT="22" WC="0.96" CONTENT="då"/><SP WIDTH="14" VPOS="336" HPOS="437"/>
							<String ID="string_38" HPOS="451" VPOS="336" WIDTH="43" HEIGHT="22" WC="0.96" CONTENT="han"/><SP WIDTH="16" VPOS="336" HPOS="494"/>
							<String ID="string_39" HPOS="510" VPOS="339" WIDTH="24" HEIGHT="19" WC="0.96" CONTENT="är"/><SP WIDTH="14" VPOS="339" HPOS="534"/>
							<String ID="string_40" HPOS="548" VPOS="336" WIDTH="60" HEIGHT="28" WC="0.96" CONTENT="ledig"/><SP WIDTH="15" VPOS="336" HPOS="608"/>
							<String ID="string_41" HPOS="623" VPOS="336" WIDTH="47" HEIGHT="22" WC="0.93" CONTENT="från"/><SP WIDTH="10" VPOS="336" HPOS="670"/>
							<String ID="string_42" HPOS="680" VPOS="337" WIDTH="182" HEIGHT="29" WC="0.91" CONTENT="vapenöfningar,"/><SP WIDTH="11" VPOS="337" HPOS="862"/>
							<String ID="string_43" HPOS="873" VPOS="338" WIDTH="61" HEIGHT="27" WC="0.96" CONTENT="tages"/>
						</TextLine>
						<TextLine ID="line_6" HPOS="185" VPOS="371" WIDTH="750" HEIGHT="30">
							<String ID="string_44" HPOS="185" VPOS="373" WIDTH="7" HEIGHT="21" WC="0.96" CONTENT="i"/><SP WIDTH="16" VPOS="373" HPOS="192"/>
							<String ID="string_45" HPOS="208" VPOS="372" WIDTH="95" HEIGHT="29" WC="0.96" CONTENT="anspråk"/><SP WIDTH="14" VPOS="372" HPOS="303"/>
							<String ID="string_46" HPOS="317" VPOS="372" WIDTH="34" HEIGHT="20" WC="0.96" CONTENT="för"/><SP WIDTH="13" VPOS="372" HPOS="351"/>
							<String ID="string_47" HPOS="364" VPOS="371" WIDTH="91" HEIGHT="29" WC="0.96" CONTENT="jordens"/><SP WIDTH="16" VPOS="371" HPOS="455"/>
							<String ID="string_48" HPOS="471" VPOS="372" WIDTH="80" HEIGHT="28" WC="0.92" CONTENT="odling,"/><SP WIDTH="11" VPOS="372" HPOS="551"/>
							<String ID="string_49" HPOS="562" VPOS="372" WIDTH="33" HEIGHT="20" WC="0.92" CONTENT="2:o"/><SP WIDTH="17" VPOS="372" HPOS="595"/>
							<String ID="string_50" HPOS="612" VPOS="378" WIDTH="78" HEIGHT="21" WC="0.92" CONTENT="genom"/><SP WIDTH="17" VPOS="378" HPOS="690"/>
							<String ID="string_51" HPOS="707" VPOS="371" WIDTH="113" HEIGHT="29" WC="0.90" CONTENT="familjelif"/><SP WIDTH="13" VPOS="371" HPOS="820"/>
							<String ID="string_52" HPOS="833" VPOS="371" WIDTH="41" HEIGHT="21" WC="0.96" CONTENT="och"/><SP WIDTH="11" VPOS="371" HPOS="874"/>
							<String ID="string_53" HPOS="885" VPOS="373" WIDTH="50" HEIGHT="27" WC="0.96" CONTENT="eget"/>
						</TextLine>
						<TextLine ID="line_7" HPOS="181" VPOS="406" WIDTH="754" HEIGHT="31">
							<String ID="string_54" HPOS="181" VPOS="407" WIDTH="109" HEIGHT="30" WC="0.93" CONTENT="jordbruk"/><SP WIDTH="20" VPOS="407" HPOS="290"/>
							<String ID="string_55" HPOS="310" VPOS="406" WIDTH="91" HEIGHT="22" WC="0.91" CONTENT="afhålles"/><SP WIDTH="16" VPOS="406" HPOS="401"/>
							<String ID="string_56" HPOS="417" VPOS="406" WIDTH="43" HEIGHT="22" WC="0.96" CONTENT="han"/><SP WIDTH="15" VPOS="406" HPOS="460"/>
							<String ID="string_57" HPOS="475" VPOS="407" WIDTH="48" HEIGHT="21" WC="0.96" CONTENT="från"/><SP WIDTH="15" VPOS="407" HPOS="523"/>
							<String ID="string_58" HPOS="538" VPOS="407" WIDTH="63" HEIGHT="28" WC="0.96" CONTENT="lättja"/><SP WIDTH="16" VPOS="407" HPOS="601"/>
							<String ID="string_59" HPOS="617" VPOS="406" WIDTH="40" HEIGHT="21" WC="0.93" CONTENT="och"/><SP WIDTH="15" VPOS="406" HPOS="657"/>
							<String ID="string_60" HPOS="672" VPOS="406" WIDTH="156" HEIGHT="29" WC="0.93" CONTENT="utsväfningar,"/><SP WIDTH="15" VPOS="406" HPOS="828"/>
							<String ID="string_61" HPOS="843" VPOS="407" WIDTH="34" HEIGHT="20" WC="0.69" CONTENT="3:o"/><SP WIDTH="16" VPOS="407" HPOS="877"/>
							<String ID="string_62" HPOS="893" VPOS="406" WIDTH="42" HEIGHT="21" WC="0.93" CONTENT="sol-"/>
						</TextLine>
						<TextLine ID="line_8" HPOS="185" VPOS="441" WIDTH="750" HEIGHT="28">
							<String ID="string_63" HPOS="185" VPOS="443" WIDTH="65" HEIGHT="22" WC="0.92" CONTENT="daten"/><SP WIDTH="18" VPOS="443" HPOS="250"/>
							<String ID="string_64" HPOS="268" VPOS="441" WIDTH="114" HEIGHT="22" WC="0.91" CONTENT="förblifver"/><SP WIDTH="15" VPOS="441" HPOS="382"/>
							<String ID="string_65" HPOS="397" VPOS="441" WIDTH="153" HEIGHT="28" WC="0.93" CONTENT="medborgare,"/><SP WIDTH="15" VPOS="441" HPOS="550"/>
							<String ID="string_66" HPOS="565" VPOS="441" WIDTH="87" HEIGHT="28" WC="0.90" CONTENT="väpnad"/><SP WIDTH="14" VPOS="441" HPOS="652"/>
							<String ID="string_67" HPOS="666" VPOS="441" WIDTH="76" HEIGHT="21" WC="0.96" CONTENT="endast"/><SP WIDTH="16" VPOS="441" HPOS="742"/>
							<String ID="string_68" HPOS="758" VPOS="441" WIDTH="33" HEIGHT="21" WC="0.95" CONTENT="till"/><SP WIDTH="15" VPOS="441" HPOS="791"/>
							<String ID="string_69" HPOS="806" VPOS="441" WIDTH="37" HEIGHT="21" WC="0.93" CONTENT="sitt"/><SP WIDTH="15" VPOS="441" HPOS="843"/>
							<String ID="string_70" HPOS="858" VPOS="441" WIDTH="77" HEIGHT="22" WC="0.92" CONTENT="foster-"/>
						</TextLine>
						<TextLine ID="line_9" HPOS="184" VPOS="475" WIDTH="751" HEIGHT="28">
							<String ID="string_71" HPOS="184" VPOS="477" WIDTH="61" HEIGHT="22" WC="0.92" CONTENT="lands"/><SP WIDTH="16" VPOS="477" HPOS="245"/>
							<String ID="string_72" HPOS="261" VPOS="477" WIDTH="90" HEIGHT="20" WC="0.92" CONTENT="försvar."/><SP WIDTH="32" VPOS="477" HPOS="351"/>
							<String ID="string_73" HPOS="383" VPOS="475" WIDTH="30" HEIGHT="22" WC="0.95" CONTENT="Ur"/><SP WIDTH="15" VPOS="475" HPOS="413"/>
							<String ID="string_74" HPOS="428" VPOS="476" WIDTH="63" HEIGHT="21" WC="0.93" CONTENT="dessa"/><SP WIDTH="15" VPOS="476" HPOS="491"/>
							<String ID="string_75" HPOS="506" VPOS="475" WIDTH="246" HEIGHT="28" WC="0.91" CONTENT="nationalekonomiska,"/><SP WIDTH="16" VPOS="475" HPOS="752"/>
							<String ID="string_76" HPOS="768" VPOS="475" WIDTH="117" HEIGHT="22" WC="0.92" CONTENT="moraliska"/><SP WIDTH="10" VPOS="475" HPOS="885"/>
							<String ID="string_77" HPOS="895" VPOS="476" WIDTH="40" HEIGHT="21" WC="0.96" CONTENT="och"/>
						</TextLine>
						<TextLine ID="line_10" HPOS="185" VPOS="510" WIDTH="750" HEIGHT="31">
							<String ID="string_78" HPOS="185" VPOS="511" WIDTH="104" HEIGHT="30" WC="0.93" CONTENT="politiska"/><SP WIDTH="20" VPOS="511" HPOS="289"/>
							<String ID="string_79" HPOS="309" VPOS="510" WIDTH="134" HEIGHT="28" WC="0.96" CONTENT="synpunkter"/><SP WIDTH="20" VPOS="510" HPOS="443"/>
							<String ID="string_80" HPOS="463" VPOS="512" WIDTH="23" HEIGHT="19" WC="0.96" CONTENT="är"/><SP WIDTH="20" VPOS="512" HPOS="486"/>
							<String ID="string_81" HPOS="506" VPOS="511" WIDTH="36" HEIGHT="20" WC="0.96" CONTENT="det"/><SP WIDTH="19" VPOS="511" HPOS="542"/>
							<String ID="string_82" HPOS="561" VPOS="510" WIDTH="24" HEIGHT="21" WC="0.96" CONTENT="af"/><SP WIDTH="18" VPOS="510" HPOS="585"/>
							<String ID="string_83" HPOS="603" VPOS="511" WIDTH="45" HEIGHT="20" WC="0.93" CONTENT="stor"/><SP WIDTH="20" VPOS="511" HPOS="648"/>
							<String ID="string_84" HPOS="668" VPOS="510" WIDTH="56" HEIGHT="28" WC="0.90" CONTENT="vigt,"/><SP WIDTH="20" VPOS="510" HPOS="724"/>
							<String ID="string_85" HPOS="744" VPOS="512" WIDTH="32" HEIGHT="19" WC="0.96" CONTENT="att"/><SP WIDTH="20" VPOS="512" HPOS="776"/>
							<String ID="string_86" HPOS="796" VPOS="510" WIDTH="41" HEIGHT="21" WC="0.93" CONTENT="den"/><SP WIDTH="16" VPOS="510" HPOS="837"/>
							<String ID="string_87" HPOS="853" VPOS="510" WIDTH="82" HEIGHT="21" WC="0.93" CONTENT="indelta"/>
						</TextLine>
						<TextLine ID="line_11" HPOS="184" VPOS="545" WIDTH="751" HEIGHT="29">
							<String ID="string_88" HPOS="184" VPOS="547" WIDTH="104" HEIGHT="27" WC="0.92" CONTENT="krigaren"/><SP WIDTH="15" VPOS="547" HPOS="288"/>
							<String ID="string_89" HPOS="303" VPOS="545" WIDTH="70" HEIGHT="21" WC="0.92" CONTENT="förses"/><SP WIDTH="14" VPOS="545" HPOS="373"/>
							<String ID="string_90" HPOS="387" VPOS="545" WIDTH="50" HEIGHT="21" WC="0.96" CONTENT="med"/><SP WIDTH="13" VPOS="545" HPOS="437"/>
							<String ID="string_91" HPOS="450" VPOS="545" WIDTH="113" HEIGHT="28" WC="0.96" CONTENT="jordbruk."/><SP WIDTH="30" VPOS="545" HPOS="563"/>
							<String ID="string_92" HPOS="593" VPOS="545" WIDTH="44" HEIGHT="21" WC="0.96" CONTENT="Det"/><SP WIDTH="15" VPOS="545" HPOS="637"/>
							<String ID="string_93" HPOS="652" VPOS="547" WIDTH="25" HEIGHT="19" WC="0.96" CONTENT="är"/><SP WIDTH="15" VPOS="547" HPOS="677"/>
							<String ID="string_94" HPOS="692" VPOS="547" WIDTH="32" HEIGHT="19" WC="0.92" CONTENT="att"/><SP WIDTH="15" VPOS="547" HPOS="724"/>
							<String ID="string_95" HPOS="739" VPOS="545" WIDTH="100" HEIGHT="28" WC="0.91" CONTENT="beklaga,"/><SP WIDTH="13" VPOS="545" HPOS="839"/>
							<String ID="string_96" HPOS="852" VPOS="547" WIDTH="32" HEIGHT="19" WC="0.93" CONTENT="att"/><SP WIDTH="14" VPOS="547" HPOS="884"/>
							<String ID="string_97" HPOS="898" VPOS="545" WIDTH="37" HEIGHT="20" WC="0.93" CONTENT="be-"/>
						</TextLine>
						<TextLine ID="line_12" HPOS="185" VPOS="579" WIDTH="750" HEIGHT="28">
							<String ID="string_98" HPOS="185" VPOS="582" WIDTH="53" HEIGHT="21" WC="0.92" CONTENT="fälet"/><SP WIDTH="15" VPOS="582" HPOS="238"/>
							<String ID="string_99" HPOS="253" VPOS="580" WIDTH="37" HEIGHT="22" WC="0.96" CONTENT="vid"/><SP WIDTH="15" VPOS="580" HPOS="290"/>
							<String ID="string_100" HPOS="305" VPOS="580" WIDTH="38" HEIGHT="21" WC="0.93" CONTENT="vär"/><SP WIDTH="14" VPOS="580" HPOS="343"/>
							<String ID="string_101" HPOS="357" VPOS="580" WIDTH="83" HEIGHT="21" WC="0.93" CONTENT="indelta"/><SP WIDTH="15" VPOS="580" HPOS="440"/>
							<String ID="string_102" HPOS="455" VPOS="580" WIDTH="80" HEIGHT="21" WC="0.92" CONTENT="militär"/><SP WIDTH="15" VPOS="580" HPOS="535"/>
							<String ID="string_103" HPOS="550" VPOS="580" WIDTH="48" HEIGHT="20" WC="0.92" CONTENT="icke"/><SP WIDTH="14" VPOS="580" HPOS="598"/>
							<String ID="string_104" HPOS="612" VPOS="580" WIDTH="41" HEIGHT="21" WC="0.93" CONTENT="fätt"/><SP WIDTH="10" VPOS="580" HPOS="653"/>
							<String ID="string_105" HPOS="663" VPOS="580" WIDTH="108" HEIGHT="21" WC="0.92" CONTENT="boställen"/><SP WIDTH="11" VPOS="580" HPOS="771"/>
							<String ID="string_106" HPOS="782" VPOS="579" WIDTH="34" HEIGHT="28" WC="0.93" CONTENT="sig"/><SP WIDTH="10" VPOS="579" HPOS="816"/>
							<String ID="string_107" HPOS="826" VPOS="579" WIDTH="109" HEIGHT="22" WC="0.93" CONTENT="anvisade."/>
						</TextLine>
						<TextLine ID="line_13" HPOS="186" VPOS="614" WIDTH="753" HEIGHT="28">
							<String ID="string_108" HPOS="186" VPOS="616" WIDTH="75" HEIGHT="21" WC="0.92" CONTENT="Skulle"/><SP WIDTH="21" VPOS="616" HPOS="261"/>
							<String ID="string_109" HPOS="282" VPOS="614" WIDTH="73" HEIGHT="21" WC="0.90" CONTENT="dertill"/><SP WIDTH="20" VPOS="614" HPOS="355"/>
							<String ID="string_110" HPOS="375" VPOS="614" WIDTH="99" HEIGHT="21" WC="0.92" CONTENT="soldaten"/><SP WIDTH="20" VPOS="614" HPOS="474"/>
							<String ID="string_111" HPOS="494" VPOS="614" WIDTH="152" HEIGHT="28" WC="0.92" CONTENT="undandragas"/><SP WIDTH="20" VPOS="614" HPOS="646"/>
							<String ID="string_112" HPOS="666" VPOS="614" WIDTH="38" HEIGHT="22" WC="0.93" CONTENT="sitt"/><SP WIDTH="20" VPOS="614" HPOS="704"/>
							<String ID="string_113" HPOS="724" VPOS="616" WIDTH="58" HEIGHT="26" WC="0.91" CONTENT="torp,"/><SP WIDTH="20" VPOS="616" HPOS="782"/>
							<String ID="string_114" HPOS="802" VPOS="614" WIDTH="93" HEIGHT="21" WC="0.91" CONTENT="äterstär"/><SP WIDTH="20" VPOS="614" HPOS="895"/>
							<String ID="string_115" HPOS="915" VPOS="614" WIDTH="24" HEIGHT="21" WC="0.96" CONTENT="af"/>
						</TextLine>
						<TextLine ID="line_14" HPOS="185" VPOS="648" WIDTH="751" HEIGHT="29">
							<String ID="string_116" HPOS="185" VPOS="650" WIDTH="42" HEIGHT="22" WC="0.92" CONTENT="den"/><SP WIDTH="20" VPOS="650" HPOS="227"/>
							<String ID="string_117" HPOS="247" VPOS="648" WIDTH="134" HEIGHT="29" WC="0.91" CONTENT="förträffliga"/><SP WIDTH="18" VPOS="648" HPOS="381"/>
							<String ID="string_118" HPOS="399" VPOS="649" WIDTH="152" HEIGHT="21" WC="0.93" CONTENT="institutionen"/><SP WIDTH="16" VPOS="649" HPOS="551"/>
							<String ID="string_119" HPOS="567" VPOS="650" WIDTH="19" HEIGHT="27" WC="0.93" CONTENT="ej"/><SP WIDTH="18" VPOS="650" HPOS="586"/>
							<String ID="string_120" HPOS="604" VPOS="651" WIDTH="66" HEIGHT="19" WC="0.96" CONTENT="annat"/><SP WIDTH="15" VPOS="651" HPOS="670"/>
							<String ID="string_121" HPOS="685" VPOS="650" WIDTH="27" HEIGHT="20" WC="0.93" CONTENT="än"/><SP WIDTH="16" VPOS="650" HPOS="712"/>
							<String ID="string_122" HPOS="728" VPOS="650" WIDTH="83" HEIGHT="26" WC="0.92" CONTENT="tungan"/><SP WIDTH="15" VPOS="650" HPOS="811"/>
							<String ID="string_123" HPOS="826" VPOS="648" WIDTH="63" HEIGHT="22" WC="0.93" CONTENT="deraf"/><SP WIDTH="13" VPOS="648" HPOS="889"/>
							<String ID="string_124" HPOS="902" VPOS="648" WIDTH="34" HEIGHT="22" WC="0.96" CONTENT="för"/>
						</TextLine>
						<TextLine ID="line_15" HPOS="185" VPOS="683" WIDTH="752" HEIGHT="29">
							<String ID="string_125" HPOS="185" VPOS="684" WIDTH="26" HEIGHT="22" WC="0.93" CONTENT="de"/><SP WIDTH="16" VPOS="684" HPOS="211"/>
							<String ID="string_126" HPOS="227" VPOS="684" WIDTH="175" HEIGHT="28" WC="0.88" CONTENT="skattdragande."/><SP WIDTH="31" VPOS="684" HPOS="402"/>
							<String ID="string_127" HPOS="433" VPOS="684" WIDTH="110" HEIGHT="27" WC="0.93" CONTENT="Soldaten,"/><SP WIDTH="11" VPOS="684" HPOS="543"/>
							<String ID="string_128" HPOS="554" VPOS="684" WIDTH="82" HEIGHT="21" WC="0.92" CONTENT="blifven"/><SP WIDTH="16" VPOS="684" HPOS="636"/>
							<String ID="string_129" HPOS="652" VPOS="690" WIDTH="27" HEIGHT="15" WC="0.96" CONTENT="en"/><SP WIDTH="15" VPOS="690" HPOS="679"/>
							<String ID="string_130" HPOS="694" VPOS="690" WIDTH="79" HEIGHT="22" WC="0.96" CONTENT="person"/><SP WIDTH="16" VPOS="690" HPOS="773"/>
							<String ID="string_131" HPOS="789" VPOS="685" WIDTH="51" HEIGHT="20" WC="0.93" CONTENT="utan"/><SP WIDTH="16" VPOS="685" HPOS="840"/>
							<String ID="string_132" HPOS="856" VPOS="683" WIDTH="81" HEIGHT="29" WC="0.90" CONTENT="stadigt"/>
						</TextLine>
						<TextLine ID="line_16" HPOS="184" VPOS="718" WIDTH="751" HEIGHT="29">
							<String ID="string_133" HPOS="184" VPOS="720" WIDTH="50" HEIGHT="21" WC="0.96" CONTENT="hem"/><SP WIDTH="12" VPOS="720" HPOS="234"/>
							<String ID="string_134" HPOS="246" VPOS="719" WIDTH="40" HEIGHT="21" WC="0.93" CONTENT="och"/><SP WIDTH="10" VPOS="719" HPOS="286"/>
							<String ID="string_135" HPOS="296" VPOS="719" WIDTH="173" HEIGHT="27" WC="0.96" CONTENT="sysselsättning,"/><SP WIDTH="10" VPOS="719" HPOS="469"/>
							<String ID="string_136" HPOS="479" VPOS="720" WIDTH="23" HEIGHT="20" WC="0.96" CONTENT="är"/><SP WIDTH="10" VPOS="720" HPOS="502"/>
							<String ID="string_137" HPOS="512" VPOS="719" WIDTH="24" HEIGHT="21" WC="0.96" CONTENT="sä"/><SP WIDTH="11" VPOS="719" HPOS="536"/>
							<String ID="string_138" HPOS="547" VPOS="718" WIDTH="87" HEIGHT="29" WC="0.93" CONTENT="mycket"/><SP WIDTH="11" VPOS="718" HPOS="634"/>
							<String ID="string_139" HPOS="645" VPOS="719" WIDTH="86" HEIGHT="21" WC="0.96" CONTENT="svårare"/><SP WIDTH="11" VPOS="719" HPOS="731"/>
							<String ID="string_140" HPOS="742" VPOS="720" WIDTH="32" HEIGHT="19" WC="0.93" CONTENT="att"/><SP WIDTH="10" VPOS="720" HPOS="774"/>
							<String ID="string_141" HPOS="784" VPOS="718" WIDTH="73" HEIGHT="22" WC="0.95" CONTENT="hålla"/><SP WIDTH="-9" VPOS="718" HPOS="857"/>
							<String ID="string_142" HPOS="848" VPOS="714" WIDTH="12" HEIGHT="37" WC="0.95" CONTENT="i"/><SP WIDTH="8" VPOS="714" HPOS="860"/>
							<String ID="string_143" HPOS="868" VPOS="718" WIDTH="67" HEIGHT="29" WC="0.96" CONTENT="tygel,"/>
						</TextLine>
						<TextLine ID="line_17" HPOS="185" VPOS="753" WIDTH="752" HEIGHT="29">
							<String ID="string_144" HPOS="185" VPOS="761" WIDTH="47" HEIGHT="15" WC="0.96" CONTENT="som"/><SP WIDTH="20" VPOS="761" HPOS="232"/>
							<String ID="string_145" HPOS="252" VPOS="754" WIDTH="55" HEIGHT="20" WC="0.93" CONTENT="hans"/><SP WIDTH="18" VPOS="754" HPOS="307"/>
							<String ID="string_146" HPOS="325" VPOS="753" WIDTH="59" HEIGHT="21" WC="0.92" CONTENT="befäl"/><SP WIDTH="16" VPOS="753" HPOS="384"/>
							<String ID="string_147" HPOS="400" VPOS="753" WIDTH="66" HEIGHT="21" WC="0.91" CONTENT="oftast"/><SP WIDTH="13" VPOS="753" HPOS="466"/>
							<String ID="string_148" HPOS="479" VPOS="754" WIDTH="48" HEIGHT="20" WC="0.92" CONTENT="icke"/><SP WIDTH="16" VPOS="754" HPOS="527"/>
							<String ID="string_149" HPOS="543" VPOS="756" WIDTH="24" HEIGHT="19" WC="0.93" CONTENT="är"/><SP WIDTH="15" VPOS="756" HPOS="567"/>
							<String ID="string_150" HPOS="582" VPOS="754" WIDTH="72" HEIGHT="20" WC="0.92" CONTENT="bosatt"/><SP WIDTH="15" VPOS="754" HPOS="654"/>
							<String ID="string_151" HPOS="669" VPOS="754" WIDTH="29" HEIGHT="28" WC="0.93" CONTENT="pä"/><SP WIDTH="14" VPOS="754" HPOS="698"/>
							<String ID="string_152" HPOS="712" VPOS="755" WIDTH="62" HEIGHT="19" WC="0.93" CONTENT="orten"/><SP WIDTH="16" VPOS="755" HPOS="774"/>
							<String ID="string_153" HPOS="790" VPOS="754" WIDTH="40" HEIGHT="20" WC="0.95" CONTENT="och"/><SP WIDTH="15" VPOS="754" HPOS="830"/>
							<String ID="string_154" HPOS="845" VPOS="753" WIDTH="43" HEIGHT="21" WC="0.93" CONTENT="han"/><SP WIDTH="16" VPOS="753" HPOS="888"/>
							<String ID="string_155" HPOS="904" VPOS="753" WIDTH="33" HEIGHT="21" WC="0.93" CONTENT="sä-"/>
						</TextLine>
						<TextLine ID="line_18" HPOS="187" VPOS="788" WIDTH="750" HEIGHT="28">
							<String ID="string_156" HPOS="187" VPOS="796" WIDTH="46" HEIGHT="14" WC="0.96" CONTENT="som"/><SP WIDTH="16" VPOS="796" HPOS="233"/>
							<String ID="string_157" HPOS="249" VPOS="795" WIDTH="27" HEIGHT="14" WC="0.93" CONTENT="en"/><SP WIDTH="15" VPOS="795" HPOS="276"/>
							<String ID="string_158" HPOS="291" VPOS="788" WIDTH="95" HEIGHT="21" WC="0.92" CONTENT="kronans"/><SP WIDTH="15" VPOS="788" HPOS="386"/>
							<String ID="string_159" HPOS="401" VPOS="788" WIDTH="55" HEIGHT="27" WC="0.91" CONTENT="karl,"/><SP WIDTH="15" VPOS="788" HPOS="456"/>
							<String ID="string_160" HPOS="471" VPOS="788" WIDTH="114" HEIGHT="28" WC="0.92" CONTENT="lätteligen"/><SP WIDTH="16" VPOS="788" HPOS="585"/>
							<String ID="string_161" HPOS="601" VPOS="794" WIDTH="64" HEIGHT="15" WC="0.96" CONTENT="anser"/><SP WIDTH="16" VPOS="794" HPOS="665"/>
							<String ID="string_162" HPOS="681" VPOS="788" WIDTH="34" HEIGHT="28" WC="0.96" CONTENT="sig"/><SP WIDTH="15" VPOS="788" HPOS="715"/>
							<String ID="string_163" HPOS="730" VPOS="788" WIDTH="33" HEIGHT="22" WC="0.96" CONTENT="stä"/><SP WIDTH="15" VPOS="788" HPOS="763"/>
							<String ID="string_164" HPOS="778" VPOS="788" WIDTH="7" HEIGHT="21" WC="0.96" CONTENT="i"/><SP WIDTH="16" VPOS="788" HPOS="785"/>
							<String ID="string_165" HPOS="801" VPOS="788" WIDTH="83" HEIGHT="21" WC="0.93" CONTENT="mindre"/><SP WIDTH="16" VPOS="788" HPOS="884"/>
							<String ID="string_166" HPOS="900" VPOS="788" WIDTH="37" HEIGHT="21" WC="0.92" CONTENT="be-"/>
						</TextLine>
						<TextLine ID="line_19" HPOS="185" VPOS="822" WIDTH="752" HEIGHT="29">
							<String ID="string_167" HPOS="185" VPOS="823" WIDTH="81" HEIGHT="21" WC="0.92" CONTENT="roende"/><SP WIDTH="21" VPOS="823" HPOS="266"/>
							<String ID="string_168" HPOS="287" VPOS="823" WIDTH="24" HEIGHT="21" WC="0.93" CONTENT="af"/><SP WIDTH="17" VPOS="823" HPOS="311"/>
							<String ID="string_169" HPOS="328" VPOS="822" WIDTH="55" HEIGHT="22" WC="0.91" CONTENT="bäde"/><SP WIDTH="21" VPOS="822" HPOS="383"/>
							<String ID="string_170" HPOS="404" VPOS="822" WIDTH="34" HEIGHT="21" WC="0.93" CONTENT="sin"/><SP WIDTH="18" VPOS="822" HPOS="438"/>
							<String ID="string_171" HPOS="456" VPOS="824" WIDTH="142" HEIGHT="20" WC="0.92" CONTENT="rotemästare"/><SP WIDTH="22" VPOS="824" HPOS="598"/>
							<String ID="string_172" HPOS="620" VPOS="822" WIDTH="40" HEIGHT="22" WC="0.96" CONTENT="och"/><SP WIDTH="20" VPOS="822" HPOS="660"/>
							<String ID="string_173" HPOS="680" VPOS="822" WIDTH="26" HEIGHT="21" WC="0.93" CONTENT="de"/><SP WIDTH="21" VPOS="822" HPOS="706"/>
							<String ID="string_174" HPOS="727" VPOS="822" WIDTH="64" HEIGHT="22" WC="0.91" CONTENT="civila"/><SP WIDTH="18" VPOS="822" HPOS="791"/>
							<String ID="string_175" HPOS="809" VPOS="822" WIDTH="128" HEIGHT="29" WC="0.92" CONTENT="myndighe-"/>
						</TextLine>
						<TextLine ID="line_20" HPOS="185" VPOS="856" WIDTH="753" HEIGHT="30">
							<String ID="string_176" HPOS="185" VPOS="860" WIDTH="69" HEIGHT="19" WC="0.96" CONTENT="terna."/><SP WIDTH="31" VPOS="860" HPOS="254"/>
							<String ID="string_177" HPOS="285" VPOS="858" WIDTH="43" HEIGHT="27" WC="0.93" CONTENT="Jag"/><SP WIDTH="14" VPOS="858" HPOS="328"/>
							<String ID="string_178" HPOS="342" VPOS="859" WIDTH="45" HEIGHT="19" WC="0.96" CONTENT="tror"/><SP WIDTH="16" VPOS="859" HPOS="387"/>
							<String ID="string_179" HPOS="403" VPOS="858" WIDTH="32" HEIGHT="20" WC="0.95" CONTENT="att"/><SP WIDTH="16" VPOS="858" HPOS="435"/>
							<String ID="string_180" HPOS="451" VPOS="856" WIDTH="42" HEIGHT="22" WC="0.93" CONTENT="den"/><SP WIDTH="14" VPOS="856" HPOS="493"/>
							<String ID="string_181" HPOS="507" VPOS="865" WIDTH="73" HEIGHT="13" WC="0.96" CONTENT="vunna"/><SP WIDTH="10" VPOS="865" HPOS="580"/>
							<String ID="string_182" HPOS="590" VPOS="857" WIDTH="153" HEIGHT="21" WC="0.96" CONTENT="erfarenheten"/><SP WIDTH="10" VPOS="857" HPOS="743"/>
							<String ID="string_183" HPOS="753" VPOS="857" WIDTH="49" HEIGHT="22" WC="0.96" CONTENT="icke"/><SP WIDTH="10" VPOS="857" HPOS="802"/>
							<String ID="string_184" HPOS="812" VPOS="858" WIDTH="56" HEIGHT="20" WC="0.93" CONTENT="skall"/><SP WIDTH="7" VPOS="858" HPOS="868"/>
							<String ID="string_185" HPOS="875" VPOS="857" WIDTH="63" HEIGHT="29" WC="0.93" CONTENT="jäfva"/>
						</TextLine>
						<TextLine ID="line_21" HPOS="185" VPOS="892" WIDTH="752" HEIGHT="29">
							<String ID="string_186" HPOS="185" VPOS="892" WIDTH="60" HEIGHT="22" WC="0.92" CONTENT="detta"/><SP WIDTH="19" VPOS="892" HPOS="245"/>
							<String ID="string_187" HPOS="264" VPOS="892" WIDTH="126" HEIGHT="29" WC="0.96" CONTENT="påstående."/><SP WIDTH="30" VPOS="892" HPOS="390"/>
							<String ID="string_188" HPOS="420" VPOS="892" WIDTH="11" HEIGHT="21" WC="0.89" CONTENT="I"/><SP WIDTH="20" VPOS="892" HPOS="431"/>
							<String ID="string_189" HPOS="451" VPOS="892" WIDTH="125" HEIGHT="22" WC="0.92" CONTENT="militäriskt"/><SP WIDTH="14" VPOS="892" HPOS="576"/>
							<String ID="string_190" HPOS="590" VPOS="892" WIDTH="125" HEIGHT="21" WC="0.96" CONTENT="hänseende"/><SP WIDTH="15" VPOS="892" HPOS="715"/>
							<String ID="string_191" HPOS="730" VPOS="892" WIDTH="44" HEIGHT="22" WC="0.96" CONTENT="kan"/><SP WIDTH="15" VPOS="892" HPOS="774"/>
							<String ID="string_192" HPOS="789" VPOS="892" WIDTH="36" HEIGHT="21" WC="0.96" CONTENT="det"/><SP WIDTH="13" VPOS="892" HPOS="825"/>
							<String ID="string_193" HPOS="838" VPOS="893" WIDTH="35" HEIGHT="20" WC="0.93" CONTENT="väl"/><SP WIDTH="15" VPOS="893" HPOS="873"/>
							<String ID="string_194" HPOS="888" VPOS="892" WIDTH="49" HEIGHT="21" WC="0.96" CONTENT="icke"/>
						</TextLine>
						<TextLine ID="line_22" HPOS="185" VPOS="926" WIDTH="752" HEIGHT="29">
							<String ID="string_195" HPOS="185" VPOS="927" WIDTH="70" HEIGHT="21" WC="0.96" CONTENT="heller"/><SP WIDTH="18" VPOS="927" HPOS="255"/>
							<String ID="string_196" HPOS="273" VPOS="934" WIDTH="51" HEIGHT="14" WC="0.91" CONTENT="vara"/><SP WIDTH="21" VPOS="934" HPOS="324"/>
							<String ID="string_197" HPOS="345" VPOS="926" WIDTH="146" HEIGHT="22" WC="0.91" CONTENT="önskvärdare"/><SP WIDTH="19" VPOS="926" HPOS="491"/>
							<String ID="string_198" HPOS="510" VPOS="929" WIDTH="30" HEIGHT="19" WC="0.93" CONTENT="att"/><SP WIDTH="19" VPOS="929" HPOS="540"/>
							<String ID="string_199" HPOS="559" VPOS="926" WIDTH="99" HEIGHT="22" WC="0.92" CONTENT="soldaten"/><SP WIDTH="18" VPOS="926" HPOS="658"/>
							<String ID="string_200" HPOS="676" VPOS="928" WIDTH="24" HEIGHT="20" WC="0.95" CONTENT="är"/><SP WIDTH="19" VPOS="928" HPOS="700"/>
							<String ID="string_201" HPOS="719" VPOS="934" WIDTH="26" HEIGHT="14" WC="0.93" CONTENT="en"/><SP WIDTH="19" VPOS="934" HPOS="745"/>
							<String ID="string_202" HPOS="764" VPOS="927" WIDTH="83" HEIGHT="21" WC="0.92" CONTENT="hemlös"/><SP WIDTH="16" VPOS="927" HPOS="847"/>
							<String ID="string_203" HPOS="863" VPOS="927" WIDTH="74" HEIGHT="28" WC="0.92" CONTENT="daglö-"/>
						</TextLine>
						<TextLine ID="line_23" HPOS="186" VPOS="961" WIDTH="751" HEIGHT="28">
							<String ID="string_204" HPOS="186" VPOS="968" WIDTH="52" HEIGHT="15" WC="0.92" CONTENT="nare"/><SP WIDTH="19" VPOS="968" HPOS="238"/>
							<String ID="string_205" HPOS="257" VPOS="964" WIDTH="28" HEIGHT="19" WC="0.95" CONTENT="än"/><SP WIDTH="21" VPOS="964" HPOS="285"/>
							<String ID="string_206" HPOS="306" VPOS="963" WIDTH="31" HEIGHT="19" WC="0.95" CONTENT="att"/><SP WIDTH="18" VPOS="963" HPOS="337"/>
							<String ID="string_207" HPOS="355" VPOS="962" WIDTH="43" HEIGHT="20" WC="0.96" CONTENT="han"/><SP WIDTH="19" VPOS="962" HPOS="398"/>
							<String ID="string_208" HPOS="417" VPOS="963" WIDTH="24" HEIGHT="19" WC="0.96" CONTENT="är"/><SP WIDTH="19" VPOS="963" HPOS="441"/>
							<String ID="string_209" HPOS="460" VPOS="968" WIDTH="27" HEIGHT="14" WC="0.93" CONTENT="en"/><SP WIDTH="19" VPOS="968" HPOS="487"/>
							<String ID="string_210" HPOS="506" VPOS="962" WIDTH="108" HEIGHT="21" WC="0.92" CONTENT="arbetsam"/><SP WIDTH="13" VPOS="962" HPOS="614"/>
							<String ID="string_211" HPOS="627" VPOS="961" WIDTH="146" HEIGHT="28" WC="0.92" CONTENT="jordbrukare"/><SP WIDTH="17" VPOS="961" HPOS="773"/>
							<String ID="string_212" HPOS="790" VPOS="962" WIDTH="38" HEIGHT="20" WC="0.93" CONTENT="och"/><SP WIDTH="16" VPOS="962" HPOS="828"/>
							<String ID="string_213" HPOS="844" VPOS="961" WIDTH="93" HEIGHT="28" WC="0.92" CONTENT="familje-"/>
						</TextLine>
						<TextLine ID="line_24" HPOS="187" VPOS="996" WIDTH="751" HEIGHT="28">
							<String ID="string_214" HPOS="187" VPOS="996" WIDTH="68" HEIGHT="22" WC="0.95" CONTENT="fader."/><SP WIDTH="30" VPOS="996" HPOS="255"/>
							<String ID="string_215" HPOS="285" VPOS="996" WIDTH="37" HEIGHT="22" WC="0.96" CONTENT="Mä"/><SP WIDTH="14" VPOS="996" HPOS="322"/>
							<String ID="string_216" HPOS="336" VPOS="996" WIDTH="33" HEIGHT="27" WC="0.93" CONTENT="vi,"/><SP WIDTH="16" VPOS="996" HPOS="369"/>
							<String ID="string_217" HPOS="385" VPOS="996" WIDTH="71" HEIGHT="21" WC="0.95" CONTENT="såsom"/><SP WIDTH="19" VPOS="996" HPOS="456"/>
							<String ID="string_218" HPOS="475" VPOS="996" WIDTH="51" HEIGHT="21" WC="0.93" CONTENT="herr"/><SP WIDTH="14" VPOS="996" HPOS="526"/>
							<String ID="string_219" HPOS="540" VPOS="996" WIDTH="128" HEIGHT="28" WC="0.96" CONTENT="Furuhjelm"/><SP WIDTH="16" VPOS="996" HPOS="668"/>
							<String ID="string_220" HPOS="684" VPOS="996" WIDTH="68" HEIGHT="22" WC="0.93" CONTENT="redan"/><SP WIDTH="15" VPOS="996" HPOS="752"/>
							<String ID="string_221" HPOS="767" VPOS="996" WIDTH="99" HEIGHT="28" WC="0.93" CONTENT="vältaligt"/><SP WIDTH="15" VPOS="996" HPOS="866"/>
							<String ID="string_222" HPOS="881" VPOS="996" WIDTH="57" HEIGHT="21" WC="0.92" CONTENT="erin-"/>
						</TextLine>
						<TextLine ID="line_25" HPOS="186" VPOS="1030" WIDTH="752" HEIGHT="29">
							<String ID="string_223" HPOS="186" VPOS="1033" WIDTH="44" HEIGHT="26" WC="0.93" CONTENT="rat,"/><SP WIDTH="15" VPOS="1033" HPOS="230"/>
							<String ID="string_224" HPOS="245" VPOS="1031" WIDTH="49" HEIGHT="21" WC="0.92" CONTENT="icke"/><SP WIDTH="19" VPOS="1031" HPOS="294"/>
							<String ID="string_225" HPOS="313" VPOS="1031" WIDTH="94" HEIGHT="28" WC="0.91" CONTENT="glömma"/><SP WIDTH="19" VPOS="1031" HPOS="407"/>
							<String ID="string_226" HPOS="426" VPOS="1032" WIDTH="32" HEIGHT="20" WC="0.96" CONTENT="att"/><SP WIDTH="15" VPOS="1032" HPOS="458"/>
							<String ID="string_227" HPOS="473" VPOS="1031" WIDTH="63" HEIGHT="21" WC="0.93" CONTENT="dessa"/><SP WIDTH="13" VPOS="1031" HPOS="536"/>
							<String ID="string_228" HPOS="549" VPOS="1031" WIDTH="91" HEIGHT="27" WC="0.92" CONTENT="kämpar"/><SP WIDTH="15" VPOS="1031" HPOS="640"/>
							<String ID="string_229" HPOS="655" VPOS="1030" WIDTH="7" HEIGHT="21" WC="0.94" CONTENT="i"/><SP WIDTH="16" VPOS="1030" HPOS="662"/>
							<String ID="string_230" HPOS="678" VPOS="1031" WIDTH="105" HEIGHT="21" WC="0.93" CONTENT="Finlands"/><SP WIDTH="15" VPOS="1031" HPOS="783"/>
							<String ID="string_231" HPOS="798" VPOS="1031" WIDTH="140" HEIGHT="27" WC="0.92" CONTENT="frihetsstrid,"/>
						</TextLine>
						<TextLine ID="line_26" HPOS="186" VPOS="1064" WIDTH="753" HEIGHT="30">
							<String ID="string_232" HPOS="186" VPOS="1065" WIDTH="65" HEIGHT="29" WC="0.93" CONTENT="kring"/><SP WIDTH="20" VPOS="1065" HPOS="251"/>
							<String ID="string_233" HPOS="271" VPOS="1066" WIDTH="74" HEIGHT="21" WC="0.91" CONTENT="hvilka"/><SP WIDTH="20" VPOS="1066" HPOS="345"/>
							<String ID="string_234" HPOS="365" VPOS="1066" WIDTH="81" HEIGHT="27" WC="0.93" CONTENT="sängen"/><SP WIDTH="21" VPOS="1066" HPOS="446"/>
							<String ID="string_235" HPOS="467" VPOS="1066" WIDTH="72" HEIGHT="28" WC="0.92" CONTENT="gjuter"/><SP WIDTH="22" VPOS="1066" HPOS="539"/>
							<String ID="string_236" HPOS="561" VPOS="1064" WIDTH="135" HEIGHT="22" WC="0.91" CONTENT="heroismens"/><SP WIDTH="20" VPOS="1064" HPOS="696"/>
							<String ID="string_237" HPOS="716" VPOS="1065" WIDTH="70" HEIGHT="28" WC="0.96" CONTENT="gloria"/><SP WIDTH="19" VPOS="1065" HPOS="786"/>
							<String ID="string_238" HPOS="805" VPOS="1064" WIDTH="50" HEIGHT="22" WC="0.93" CONTENT="med"/><SP WIDTH="19" VPOS="1064" HPOS="855"/>
							<String ID="string_239" HPOS="874" VPOS="1065" WIDTH="65" HEIGHT="28" WC="0.93" CONTENT="ringa"/>
						</TextLine>
						<TextLine ID="line_27" HPOS="187" VPOS="1099" WIDTH="750" HEIGHT="29">
							<String ID="string_240" HPOS="187" VPOS="1100" WIDTH="113" HEIGHT="28" WC="0.88" CONTENT="undantag"/><SP WIDTH="15" VPOS="1100" HPOS="300"/>
							<String ID="string_241" HPOS="315" VPOS="1106" WIDTH="51" HEIGHT="15" WC="0.92" CONTENT="voro"/><SP WIDTH="16" VPOS="1106" HPOS="366"/>
							<String ID="string_242" HPOS="382" VPOS="1099" WIDTH="149" HEIGHT="29" WC="0.96" CONTENT="medborgare,"/><SP WIDTH="17" VPOS="1099" HPOS="531"/>
							<String ID="string_243" HPOS="548" VPOS="1106" WIDTH="46" HEIGHT="14" WC="0.93" CONTENT="som"/><SP WIDTH="16" VPOS="1106" HPOS="594"/>
							<String ID="string_244" HPOS="610" VPOS="1101" WIDTH="50" HEIGHT="26" WC="0.93" CONTENT="togo"/><SP WIDTH="17" VPOS="1101" HPOS="660"/>
							<String ID="string_245" HPOS="677" VPOS="1100" WIDTH="33" HEIGHT="20" WC="0.96" CONTENT="sin"/><SP WIDTH="15" VPOS="1100" HPOS="710"/>
							<String ID="string_246" HPOS="725" VPOS="1099" WIDTH="59" HEIGHT="21" WC="0.93" CONTENT="hand"/><SP WIDTH="15" VPOS="1099" HPOS="784"/>
							<String ID="string_247" HPOS="799" VPOS="1099" WIDTH="47" HEIGHT="21" WC="0.93" CONTENT="frän"/><SP WIDTH="11" VPOS="1099" HPOS="846"/>
							<String ID="string_248" HPOS="857" VPOS="1099" WIDTH="80" HEIGHT="29" WC="0.92" CONTENT="plogen"/>
						</TextLine>
						<TextLine ID="line_28" HPOS="187" VPOS="1133" WIDTH="751" HEIGHT="29">
							<String ID="string_249" HPOS="187" VPOS="1135" WIDTH="34" HEIGHT="21" WC="0.96" CONTENT="för"/><SP WIDTH="20" VPOS="1135" HPOS="221"/>
							<String ID="string_250" HPOS="241" VPOS="1137" WIDTH="31" HEIGHT="19" WC="0.93" CONTENT="att"/><SP WIDTH="20" VPOS="1137" HPOS="272"/>
							<String ID="string_251" HPOS="292" VPOS="1134" WIDTH="62" HEIGHT="28" WC="0.92" CONTENT="gripa"/><SP WIDTH="18" VPOS="1134" HPOS="354"/>
							<String ID="string_252" HPOS="372" VPOS="1134" WIDTH="33" HEIGHT="20" WC="0.93" CONTENT="till"/><SP WIDTH="16" VPOS="1134" HPOS="405"/>
							<String ID="string_253" HPOS="421" VPOS="1134" WIDTH="114" HEIGHT="21" WC="0.93" CONTENT="musköten"/><SP WIDTH="17" VPOS="1134" HPOS="535"/>
							<String ID="string_254" HPOS="552" VPOS="1134" WIDTH="34" HEIGHT="21" WC="0.93" CONTENT="för"/><SP WIDTH="15" VPOS="1134" HPOS="586"/>
							<String ID="string_255" HPOS="601" VPOS="1133" WIDTH="157" HEIGHT="29" WC="0.92" CONTENT="fosterjordens"/><SP WIDTH="15" VPOS="1133" HPOS="758"/>
							<String ID="string_256" HPOS="773" VPOS="1133" WIDTH="90" HEIGHT="22" WC="0.92" CONTENT="försvar."/><SP WIDTH="30" VPOS="1133" HPOS="863"/>
							<String ID="string_257" HPOS="893" VPOS="1134" WIDTH="45" HEIGHT="21" WC="0.96" CONTENT="Det"/>
						</TextLine>
						<TextLine ID="line_29" HPOS="186" VPOS="1168" WIDTH="751" HEIGHT="29">
							<String ID="string_258" HPOS="186" VPOS="1169" WIDTH="118" HEIGHT="28" WC="0.92" CONTENT="vigtigaste"/><SP WIDTH="20" VPOS="1169" HPOS="304"/>
							<String ID="string_259" HPOS="324" VPOS="1169" WIDTH="40" HEIGHT="20" WC="0.92" CONTENT="hos"/><SP WIDTH="20" VPOS="1169" HPOS="364"/>
							<String ID="string_260" HPOS="384" VPOS="1169" WIDTH="98" HEIGHT="21" WC="0.91" CONTENT="soldaten"/><SP WIDTH="21" VPOS="1169" HPOS="482"/>
							<String ID="string_261" HPOS="503" VPOS="1175" WIDTH="65" HEIGHT="22" WC="0.92" CONTENT="synes"/><SP WIDTH="20" VPOS="1175" HPOS="568"/>
							<String ID="string_262" HPOS="588" VPOS="1175" WIDTH="52" HEIGHT="15" WC="0.96" CONTENT="vara"/><SP WIDTH="20" VPOS="1175" HPOS="640"/>
							<String ID="string_263" HPOS="660" VPOS="1169" WIDTH="42" HEIGHT="20" WC="0.93" CONTENT="den"/><SP WIDTH="21" VPOS="1169" HPOS="702"/>
							<String ID="string_264" HPOS="723" VPOS="1168" WIDTH="65" HEIGHT="27" WC="0.92" CONTENT="anda,"/><SP WIDTH="16" VPOS="1168" HPOS="788"/>
							<String ID="string_265" HPOS="804" VPOS="1168" WIDTH="78" HEIGHT="22" WC="0.93" CONTENT="hvaraf"/><SP WIDTH="13" VPOS="1168" HPOS="882"/>
							<String ID="string_266" HPOS="895" VPOS="1169" WIDTH="42" HEIGHT="20" WC="0.91" CONTENT="han"/>
						</TextLine>
						<TextLine ID="line_30" HPOS="186" VPOS="1203" WIDTH="752" HEIGHT="28">
							<String ID="string_267" HPOS="186" VPOS="1204" WIDTH="71" HEIGHT="21" WC="0.89" CONTENT="lifvas."/><SP WIDTH="30" VPOS="1204" HPOS="257"/>
							<String ID="string_268" HPOS="287" VPOS="1203" WIDTH="143" HEIGHT="21" WC="0.94" CONTENT="Annorlunda"/><SP WIDTH="19" VPOS="1203" HPOS="430"/>
							<String ID="string_269" HPOS="449" VPOS="1203" WIDTH="91" HEIGHT="28" WC="0.96" CONTENT="kämpar"/><SP WIDTH="14" VPOS="1203" HPOS="540"/>
							<String ID="string_270" HPOS="554" VPOS="1203" WIDTH="55" HEIGHT="26" WC="0.96" CONTENT="han,"/><SP WIDTH="16" VPOS="1203" HPOS="609"/>
							<String ID="string_271" HPOS="625" VPOS="1210" WIDTH="46" HEIGHT="14" WC="0.93" CONTENT="som"/><SP WIDTH="15" VPOS="1210" HPOS="671"/>
							<String ID="string_272" HPOS="686" VPOS="1203" WIDTH="84" HEIGHT="20" WC="0.96" CONTENT="känner"/><SP WIDTH="16" VPOS="1203" HPOS="770"/>
							<String ID="string_273" HPOS="786" VPOS="1204" WIDTH="32" HEIGHT="19" WC="0.85" CONTENT="att"/><SP WIDTH="13" VPOS="1204" HPOS="818"/>
							<String ID="string_274" HPOS="831" VPOS="1203" WIDTH="43" HEIGHT="21" WC="0.93" CONTENT="han"/><SP WIDTH="15" VPOS="1203" HPOS="874"/>
							<String ID="string_275" HPOS="889" VPOS="1203" WIDTH="49" HEIGHT="21" WC="0.92" CONTENT="stri-"/>
						</TextLine>
						<TextLine ID="line_31" HPOS="187" VPOS="1237" WIDTH="751" HEIGHT="26">
							<String ID="string_276" HPOS="187" VPOS="1238" WIDTH="38" HEIGHT="21" WC="0.96" CONTENT="der"/><SP WIDTH="20" VPOS="1238" HPOS="225"/>
							<String ID="string_277" HPOS="245" VPOS="1237" WIDTH="34" HEIGHT="21" WC="0.93" CONTENT="för"/><SP WIDTH="21" VPOS="1237" HPOS="279"/>
							<String ID="string_278" HPOS="300" VPOS="1237" WIDTH="65" HEIGHT="20" WC="0.92" CONTENT="maka"/><SP WIDTH="20" VPOS="1237" HPOS="365"/>
							<String ID="string_279" HPOS="385" VPOS="1237" WIDTH="39" HEIGHT="20" WC="0.96" CONTENT="och"/><SP WIDTH="19" VPOS="1237" HPOS="424"/>
							<String ID="string_280" HPOS="443" VPOS="1237" WIDTH="64" HEIGHT="26" WC="0.95" CONTENT="barn,"/><SP WIDTH="15" VPOS="1237" HPOS="507"/>
							<String ID="string_281" HPOS="522" VPOS="1237" WIDTH="34" HEIGHT="20" WC="0.96" CONTENT="för"/><SP WIDTH="20" VPOS="1237" HPOS="556"/>
							<String ID="string_282" HPOS="576" VPOS="1237" WIDTH="40" HEIGHT="20" WC="0.96" CONTENT="hus"/><SP WIDTH="20" VPOS="1237" HPOS="616"/>
							<String ID="string_283" HPOS="636" VPOS="1237" WIDTH="40" HEIGHT="20" WC="0.96" CONTENT="och"/><SP WIDTH="14" VPOS="1237" HPOS="676"/>
							<String ID="string_284" HPOS="690" VPOS="1237" WIDTH="61" HEIGHT="26" WC="0.96" CONTENT="hem,"/><SP WIDTH="16" VPOS="1237" HPOS="751"/>
							<String ID="string_285" HPOS="767" VPOS="1237" WIDTH="35" HEIGHT="20" WC="0.96" CONTENT="för"/><SP WIDTH="14" VPOS="1237" HPOS="802"/>
							<String ID="string_286" HPOS="816" VPOS="1237" WIDTH="67" HEIGHT="20" WC="0.96" CONTENT="frihet"/><SP WIDTH="15" VPOS="1237" HPOS="883"/>
							<String ID="string_287" HPOS="898" VPOS="1237" WIDTH="40" HEIGHT="20" WC="0.96" CONTENT="och"/>
						</TextLine>
						<TextLine ID="line_32" HPOS="186" VPOS="1269" WIDTH="753" HEIGHT="29">
							<String ID="string_288" HPOS="186" VPOS="1270" WIDTH="124" HEIGHT="28" WC="0.92" CONTENT="lagbunden"/><SP WIDTH="21" VPOS="1270" HPOS="310"/>
							<String ID="string_289" HPOS="331" VPOS="1269" WIDTH="103" HEIGHT="29" WC="0.96" CONTENT="ordning,"/><SP WIDTH="16" VPOS="1269" HPOS="434"/>
							<String ID="string_290" HPOS="450" VPOS="1272" WIDTH="27" HEIGHT="19" WC="0.96" CONTENT="än"/><SP WIDTH="15" VPOS="1272" HPOS="477"/>
							<String ID="string_291" HPOS="492" VPOS="1269" WIDTH="41" HEIGHT="22" WC="0.96" CONTENT="den"/><SP WIDTH="21" VPOS="1269" HPOS="533"/>
							<String ID="string_292" HPOS="554" VPOS="1277" WIDTH="46" HEIGHT="14" WC="0.93" CONTENT="som"/><SP WIDTH="20" VPOS="1277" HPOS="600"/>
							<String ID="string_293" HPOS="620" VPOS="1270" WIDTH="63" HEIGHT="21" WC="0.92" CONTENT="fäller"/><SP WIDTH="20" VPOS="1270" HPOS="683"/>
							<String ID="string_294" HPOS="703" VPOS="1270" WIDTH="128" HEIGHT="28" WC="0.92" CONTENT="bajonetten"/><SP WIDTH="16" VPOS="1270" HPOS="831"/>
							<String ID="string_295" HPOS="847" VPOS="1271" WIDTH="24" HEIGHT="20" WC="0.93" CONTENT="af"/><SP WIDTH="12" VPOS="1271" HPOS="871"/>
							<String ID="string_296" HPOS="883" VPOS="1270" WIDTH="56" HEIGHT="21" WC="0.88" CONTENT="blott"/>
						</TextLine>
						<TextLine ID="line_33" HPOS="185" VPOS="1304" WIDTH="754" HEIGHT="29">
							<String ID="string_297" HPOS="185" VPOS="1304" WIDTH="134" HEIGHT="29" WC="0.91" CONTENT="pligtkänsla"/><SP WIDTH="15" VPOS="1304" HPOS="319"/>
							<String ID="string_298" HPOS="334" VPOS="1304" WIDTH="33" HEIGHT="21" WC="0.96" CONTENT="till"/><SP WIDTH="16" VPOS="1304" HPOS="367"/>
							<String ID="string_299" HPOS="383" VPOS="1304" WIDTH="54" HEIGHT="28" WC="0.95" CONTENT="följd"/><SP WIDTH="16" VPOS="1304" HPOS="437"/>
							<String ID="string_300" HPOS="453" VPOS="1304" WIDTH="23" HEIGHT="21" WC="0.93" CONTENT="af"/><SP WIDTH="11" VPOS="1304" HPOS="476"/>
							<String ID="string_301" HPOS="487" VPOS="1304" WIDTH="201" HEIGHT="28" WC="0.90" CONTENT="kommandoropet."/><SP WIDTH="30" VPOS="1304" HPOS="688"/>
							<String ID="string_302" HPOS="718" VPOS="1304" WIDTH="54" HEIGHT="28" WC="0.96" CONTENT="Nej!"/><SP WIDTH="21" VPOS="1304" HPOS="772"/>
							<String ID="string_303" HPOS="793" VPOS="1305" WIDTH="34" HEIGHT="20" WC="0.96" CONTENT="mä"/><SP WIDTH="20" VPOS="1305" HPOS="827"/>
							<String ID="string_304" HPOS="847" VPOS="1304" WIDTH="42" HEIGHT="22" WC="0.93" CONTENT="den"/><SP WIDTH="17" VPOS="1304" HPOS="889"/>
							<String ID="string_305" HPOS="906" VPOS="1305" WIDTH="33" HEIGHT="21" WC="0.90" CONTENT="in-"/>
						</TextLine>
						<TextLine ID="line_34" HPOS="185" VPOS="1338" WIDTH="754" HEIGHT="30">
							<String ID="string_306" HPOS="185" VPOS="1339" WIDTH="59" HEIGHT="22" WC="0.93" CONTENT="delta"/><SP WIDTH="20" VPOS="1339" HPOS="244"/>
							<String ID="string_307" HPOS="264" VPOS="1338" WIDTH="109" HEIGHT="28" WC="0.96" CONTENT="soldaten,"/><SP WIDTH="20" VPOS="1338" HPOS="373"/>
							<String ID="string_308" HPOS="393" VPOS="1338" WIDTH="38" HEIGHT="22" WC="0.93" CONTENT="der"/><SP WIDTH="19" VPOS="1338" HPOS="431"/>
							<String ID="string_309" HPOS="450" VPOS="1338" WIDTH="38" HEIGHT="21" WC="0.96" CONTENT="ske"/><SP WIDTH="15" VPOS="1338" HPOS="488"/>
							<String ID="string_310" HPOS="503" VPOS="1339" WIDTH="50" HEIGHT="27" WC="0.93" CONTENT="kan,"/><SP WIDTH="15" VPOS="1339" HPOS="553"/>
							<String ID="string_311" HPOS="568" VPOS="1338" WIDTH="121" HEIGHT="22" WC="0.96" CONTENT="bibehållas"/><SP WIDTH="14" VPOS="1338" HPOS="689"/>
							<String ID="string_312" HPOS="703" VPOS="1338" WIDTH="37" HEIGHT="22" WC="0.97" CONTENT="vid"/><SP WIDTH="15" VPOS="1338" HPOS="740"/>
							<String ID="string_313" HPOS="755" VPOS="1338" WIDTH="37" HEIGHT="21" WC="0.93" CONTENT="sitt"/><SP WIDTH="15" VPOS="1338" HPOS="792"/>
							<String ID="string_314" HPOS="807" VPOS="1340" WIDTH="58" HEIGHT="28" WC="0.96" CONTENT="torp!"/><SP WIDTH="29" VPOS="1340" HPOS="865"/>
							<String ID="string_315" HPOS="894" VPOS="1340" WIDTH="45" HEIGHT="21" WC="0.96" CONTENT="För"/>
						</TextLine>
						<TextLine ID="line_35" HPOS="187" VPOS="1373" WIDTH="752" HEIGHT="29">
							<String ID="string_316" HPOS="187" VPOS="1374" WIDTH="45" HEIGHT="21" WC="0.96" CONTENT="min"/><SP WIDTH="14" VPOS="1374" HPOS="232"/>
							<String ID="string_317" HPOS="246" VPOS="1374" WIDTH="35" HEIGHT="21" WC="0.96" CONTENT="del"/><SP WIDTH="10" VPOS="1374" HPOS="281"/>
							<String ID="string_318" HPOS="291" VPOS="1374" WIDTH="43" HEIGHT="21" WC="0.96" CONTENT="kan"/><SP WIDTH="8" VPOS="1374" HPOS="334"/>
							<String ID="string_319" HPOS="342" VPOS="1374" WIDTH="40" HEIGHT="28" WC="0.93" CONTENT="jag"/><SP WIDTH="11" VPOS="1374" HPOS="382"/>
							<String ID="string_320" HPOS="393" VPOS="1374" WIDTH="20" HEIGHT="27" WC="0.92" CONTENT="ej"/><SP WIDTH="11" VPOS="1374" HPOS="413"/>
							<String ID="string_321" HPOS="424" VPOS="1373" WIDTH="116" HEIGHT="21" WC="0.92" CONTENT="instämma"/><SP WIDTH="10" VPOS="1373" HPOS="540"/>
							<String ID="string_322" HPOS="550" VPOS="1373" WIDTH="8" HEIGHT="21" WC="0.96" CONTENT="i"/><SP WIDTH="11" VPOS="1373" HPOS="558"/>
							<String ID="string_323" HPOS="569" VPOS="1373" WIDTH="42" HEIGHT="21" WC="0.96" CONTENT="den"/><SP WIDTH="11" VPOS="1373" HPOS="611"/>
							<String ID="string_324" HPOS="622" VPOS="1373" WIDTH="24" HEIGHT="21" WC="0.93" CONTENT="af"/><SP WIDTH="7" VPOS="1373" HPOS="646"/>
							<String ID="string_325" HPOS="653" VPOS="1374" WIDTH="51" HEIGHT="20" WC="0.93" CONTENT="herr"/><SP WIDTH="10" VPOS="1374" HPOS="704"/>
							<String ID="string_326" HPOS="714" VPOS="1373" WIDTH="157" HEIGHT="28" WC="0.93" CONTENT="Björkenheim"/><SP WIDTH="11" VPOS="1373" HPOS="871"/>
							<String ID="string_327" HPOS="882" VPOS="1374" WIDTH="57" HEIGHT="22" WC="0.92" CONTENT="före-"/>
						</TextLine>
						<TextLine ID="line_36" HPOS="187" VPOS="1401" WIDTH="752" HEIGHT="37">
							<String ID="string_328" HPOS="187" VPOS="1409" WIDTH="76" HEIGHT="28" WC="0.92" CONTENT="slagna"/><SP WIDTH="15" VPOS="1409" HPOS="263"/>
							<String ID="string_329" HPOS="278" VPOS="1408" WIDTH="128" HEIGHT="28" WC="0.92" CONTENT="petitionen."/><SP WIDTH="30" VPOS="1408" HPOS="406"/>
							<String ID="string_330" HPOS="436" VPOS="1401" WIDTH="45" HEIGHT="27" WC="0.93" CONTENT="Äro"/><SP WIDTH="16" VPOS="1401" HPOS="481"/>
							<String ID="string_331" HPOS="497" VPOS="1408" WIDTH="116" HEIGHT="21" WC="0.96" CONTENT="orättvisor"/><SP WIDTH="15" VPOS="1408" HPOS="613"/>
							<String ID="string_332" HPOS="628" VPOS="1408" WIDTH="36" HEIGHT="22" WC="0.92" CONTENT="vid"/><SP WIDTH="10" VPOS="1408" HPOS="664"/>
							<String ID="string_333" HPOS="674" VPOS="1408" WIDTH="129" HEIGHT="28" WC="0.92" CONTENT="voteringen"/><SP WIDTH="11" VPOS="1408" HPOS="803"/>
							<String ID="string_334" HPOS="814" VPOS="1409" WIDTH="53" HEIGHT="21" WC="0.96" CONTENT="eller"/><SP WIDTH="13" VPOS="1409" HPOS="867"/>
							<String ID="string_335" HPOS="880" VPOS="1411" WIDTH="59" HEIGHT="27" WC="0.90" CONTENT="trup-"/>
						</TextLine>
						<TextLine ID="line_37" HPOS="186" VPOS="1442" WIDTH="753" HEIGHT="32">
							<String ID="string_336" HPOS="186" VPOS="1450" WIDTH="79" HEIGHT="23" WC="0.90" CONTENT="pernas"/><SP WIDTH="21" VPOS="1450" HPOS="265"/>
							<String ID="string_337" HPOS="286" VPOS="1442" WIDTH="130" HEIGHT="22" WC="0.90" CONTENT="dislokation"/><SP WIDTH="15" VPOS="1442" HPOS="416"/>
							<String ID="string_338" HPOS="431" VPOS="1442" WIDTH="126" HEIGHT="28" WC="0.91" CONTENT="begängne,"/><SP WIDTH="15" VPOS="1442" HPOS="557"/>
							<String ID="string_339" HPOS="572" VPOS="1443" WIDTH="84" HEIGHT="28" WC="0.93" CONTENT="hoppas"/><SP WIDTH="13" VPOS="1443" HPOS="656"/>
							<String ID="string_340" HPOS="669" VPOS="1443" WIDTH="39" HEIGHT="28" WC="0.96" CONTENT="jag"/><SP WIDTH="16" VPOS="1443" HPOS="708"/>
							<String ID="string_341" HPOS="724" VPOS="1444" WIDTH="32" HEIGHT="20" WC="0.96" CONTENT="att"/><SP WIDTH="16" VPOS="1444" HPOS="756"/>
							<String ID="string_342" HPOS="772" VPOS="1443" WIDTH="26" HEIGHT="21" WC="0.97" CONTENT="de"/><SP WIDTH="16" VPOS="1443" HPOS="798"/>
							<String ID="string_343" HPOS="814" VPOS="1443" WIDTH="73" HEIGHT="22" WC="0.93" CONTENT="kunna"/><SP WIDTH="15" VPOS="1443" HPOS="887"/>
							<String ID="string_344" HPOS="902" VPOS="1451" WIDTH="37" HEIGHT="23" WC="0.92" CONTENT="ge-"/>
						</TextLine>
					</TextBlock>
				</ComposedBlock>
			</PrintSpace>
		</Page>
	</Layout>
</alto>
