992 1698
217 128 41 22 234

309 194 63 27 Den
394 195 36 25 16
452 194 132 34 oktober,
606 194 40 26 kl.
669 195 35 26 11
727 195 17 25 f.
771 204 35 17 m.

255 261 11 20 I
288 260 103 21 afseende
414 261 13 20 &
446 261 110 27 justering
576 261 111 28 upplästes
708 261 36 20 det
762 260 36 21 vid
816 260 121 21 ridderska-

187 297 48 25 pets
255 295 40 21 och
315 295 75 21 adelns
411 295 160 22 sammanträde
586 295 42 21 den
644 296 12 20 5
672 295 7 20 i
695 295 72 21 denna
782 294 79 22 mänad
875 294 63 22 förda

187 329 116 28 protokoll.

255 398 114 20 Anmältes
392 398 40 20 och
455 400 108 26 emottogs
582 405 27 13 en
630 398 127 28 deputation
772 398 47 21 frän
836 398 101 28 borgare-

188 432 86 21 ständet
294 432 69 20 under
378 432 120 21 anförande
514 432 24 21 af
550 432 186 21 kommerserädet
752 432 112 21 Sundman
881 439 57 19 som,

183 467 70 27 jemte
268 466 37 21 det
319 466 43 21 han
379 466 161 21 öfverlemnade
556 467 80 20 tvänne
652 466 107 21 särskilda
773 466 79 28 utdrag
865 474 26 13 ur
901 466 36 20 be-

186 500 71 21 mälde
278 500 73 22 ständs
372 500 42 20 den
435 500 27 20 14
480 500 148 21 innevarande
647 500 79 21 mänad
740 500 64 22 förda
818 500 119 28 protokoll,

186 534 148 28 tillkännagaf
352 536 31 20 att
403 534 182 28 borgareständet
605 534 66 28 sagde
692 535 42 28 dag
755 534 90 22 beslutit
860 535 34 21 till
909 534 28 21 H.

185 570 62 27 Kejs.
263 570 64 28 Maj:t
341 569 52 29 ingä
408 569 50 21 med
473 569 149 28 underdäniga
636 570 119 27 petitioner
770 570 20 28 ej
806 569 85 21 mindre
902 576 35 14 om

185 604 122 28 periodiskt
327 603 178 22 återkommande
523 603 137 28 landtdagar,
683 606 27 19 än
727 605 41 20 ock
783 611 35 14 om
833 604 104 21 motions-

185 639 45 20 rätt
249 639 34 20 för
301 638 117 21 ständerne
437 640 56 19 samt
513 638 76 28 inbjöd
603 638 152 28 ridderskapet
771 639 40 20 och
826 639 64 20 adeln
906 639 32 20 att

187 673 77 20 förena
282 673 33 27 sig
335 673 50 20 med
405 673 181 28 borgareständet
606 679 34 14 om
661 673 63 20 dessa
738 673 125 28 petitioner.
894 673 43 20 De-

185 707 129 28 putationen
328 707 103 21 tackades
447 707 40 21 och
502 707 104 21 afträdde.

252 775 59 21 Herr
325 775 202 22 landtmarskalken
542 775 100 27 förmälte
658 777 32 19 att
706 775 66 21 sedan
788 775 41 21 den
845 775 34 21 för
895 775 42 20 alla

187 810 91 21 ständen
294 816 162 21 gemensamma
467 809 221 28 landtdagsklubben,
704 810 72 21 säsom
786 809 82 22 bekant
878 816 59 20 vore,

185 845 7 20 i
208 845 39 27 gär
265 844 72 21 blifvit
361 844 97 28 öppnad,
480 845 67 21 borde
567 844 151 28 ridderskapet
737 844 40 21 och
793 844 74 27 adeln,
891 851 46 14 som

183 880 69 27 jemte
269 879 81 28 öfrige,
365 879 92 21 stånden
477 879 88 21 komme
586 880 32 20 att
638 878 87 29 deltaga
743 879 8 21 i
765 878 172 22 kostnaden
894 874 45 38 för

185 913 228 28 klubbinrättningen,
429 913 67 21 bland
511 914 33 28 sig
559 915 48 20 utse
622 914 68 27 några
706 914 105 28 lämpliga
824 920 113 21 personer,

184 948 35 20 för
234 950 32 18 att
281 948 50 20 med
347 948 26 20 de
388 948 71 28 öfriga
474 948 103 21 ständens
598 948 132 28 deputerade
746 948 191 21 öfverenskomma

184 982 93 21 rörande
299 982 27 20 de
349 982 101 28 ätgärder
471 990 46 13 som
538 983 7 20 i
565 982 119 28 anledning
704 982 64 21 deraf
786 989 51 14 vore
856 982 80 28 nödige

186 1018 56 19 samt
264 1017 13 20 &
298 1016 162 28 ridderskapets
481 1018 40 20 och
542 1016 76 22 adelns
639 1016 143 22 medlemmar
797 1017 84 21 fördela
896 1017 40 20 och

184 1050 25 21 af
225 1050 49 21 dem
295 1050 98 28 uppbära
408 1050 27 21 de
451 1050 33 21 för
499 1050 93 22 berörda
606 1050 129 21 kostnaders
751 1050 135 21 betäckande
903 1058 32 13 er-

184 1084 118 28 forderliga
321 1084 83 27 medel;
427 1085 41 20 och
487 1086 89 26 utsägos
596 1085 84 27 härtill,
703 1085 28 27 pä
751 1085 83 27 förslag
849 1085 24 21 af
886 1085 50 20 herr

183 1118 201 22 landtmarskalken
407 1118 92 22 friherre
523 1119 107 21 Sackleen
652 1121 56 20 samt
730 1120 105 21 herrarne
854 1119 81 21 Schau-

183 1160 50 14 man
249 1152 65 22 Josef
326 1153 87 27 August
432 1153 39 21 och
487 1153 125 21 Ammondt.

252 1220 105 22 Härefter
373 1221 93 27 begärde
481 1222 51 21 herr
546 1229 42 13 von
604 1222 152 20 Bonsdorff
770 1222 62 21 ordet
842 1222 40 21 och
893 1224 42 26 ytt-

183 1254 62 20 rade:
261 1254 43 27 Jag
319 1254 70 20 skulle
405 1254 88 21 anhälla
508 1262 35 13 om
558 1256 32 20 att
605 1254 22 21 fä
642 1254 121 22 framställa
779 1262 26 13 en
819 1255 62 28 fräga
902 1256 34 19 till

184 1288 119 29 höglofliga
325 1287 151 29 ridderskapet
496 1288 40 21 och
556 1288 74 26 adeln,
654 1296 27 13 en
700 1289 235 27 organisationsfräga,

184 1322 115 20 föranledd
321 1322 24 20 af
365 1322 101 21 sednaste
492 1322 159 21 sammanträde
674 1323 7 20 i
704 1323 231 21 ekonomieutskottet.

251 1355 45 22 Vid
316 1355 60 22 detta
395 1357 160 20 sammanträde
576 1357 94 28 uppstod
685 1357 59 21 olika
759 1357 114 29 meningar
889 1365 45 20 om,

184 1391 55 20 huru
259 1390 75 21 adelns
353 1391 141 21 medlemmar
509 1391 70 21 skulle
594 1393 59 19 rösta
668 1392 6 20 i
691 1391 118 28 utskottet;
833 1399 26 14 en
875 1392 59 21 med-

184 1425 43 28 lem
238 1425 93 28 yrkade,
346 1427 32 19 att
389 1425 30 21 uti
430 1426 106 21 utskottet
547 1425 92 22 likasom
650 1426 6 21 i
668 1426 89 29 plenum
768 1427 166 24 omröstningen
