992 1692
197 133 42 21 278

237 197 59 21 Herr
314 197 77 21 Rein:
415 197 34 21 Då
467 197 28 28 på
512 197 128 25 1690-talet,
660 196 70 28 enligt
745 196 50 21 kon.
811 196 54 21 Karl
884 196 34 20 XI

169 231 146 22 förordnande
336 232 25 20 af
377 230 207 29 landshöfdingarne
604 230 92 21 friherre
716 230 94 21 Lorentz
829 230 90 27 Creutz,

169 266 93 20 friherre
277 266 55 21 Karl
347 265 76 22 Bonde
439 266 39 20 och
494 265 91 21 friherre
600 264 57 22 And.
671 264 127 29 Lindhjelm
815 264 104 22 kontrak-

170 302 34 19 ter
223 300 119 22 afslutades
362 300 50 21 med
432 300 108 28 allmogen
556 300 8 21 i
579 299 26 21 de
622 299 110 28 sydfinska
746 300 66 20 länen
827 300 34 21 för
876 299 44 21 till-

171 334 177 29 vägabringande
364 334 24 22 af
401 342 28 14 en
443 334 170 28 infanterikorps
629 334 28 28 på
671 334 70 21 indelt
756 334 42 27 fot,
815 334 40 22 och
865 334 7 21 i
883 341 37 14 en-

169 369 70 28 lighet
254 369 91 22 dermed
359 362 55 34 Åbo,
434 369 158 28 Björneborgs,
616 368 135 22 Tavastehus
767 368 40 22 och
822 368 98 29 Nylands

171 406 144 26 regementer,
338 404 75 28 hvarje
433 404 50 20 med
504 404 54 21 1025
578 410 63 20 man,
664 405 56 19 samt
740 403 105 29 Wiborgs
867 403 54 21 eller

173 444 46 14 som
242 438 36 21 det
301 438 91 21 sednare
414 438 98 21 kallades
530 438 106 22 Savolaks
655 438 39 20 och
710 437 98 29 Nylands
826 438 47 20 läns
888 437 33 21 in-

172 472 208 28 fanteriregemente
405 480 35 13 om
466 473 54 21 1033
545 480 51 13 man
616 474 123 26 uppsattes,
762 472 110 21 utfästade
888 471 33 28 sig

170 506 161 22 rotehållarene
346 507 147 28 uttryckligen
509 508 31 20 att
556 506 22 21 åt
592 506 97 22 knekten
704 507 73 27 bygga
792 508 55 26 torp,
863 508 56 19 samt

171 541 58 21 förse
249 541 81 21 honom
350 542 50 20 med
419 542 73 27 någon
512 540 83 22 mindre
616 541 52 21 åker
684 541 40 21 och
739 542 53 27 äng;
814 540 67 21 likväl
897 541 24 21 så

171 577 32 19 att
219 576 72 21 derest
307 576 63 21 dessa
385 576 133 21 sistnämnde
534 576 112 20 förmoner
660 576 57 20 ifrån
732 575 125 21 hemmanet
872 574 49 22 icke

172 610 73 21 kunde
259 610 113 27 umbäras,
387 610 98 21 knekten
500 610 28 22 då
543 610 70 21 skulle
628 610 82 21 erhålla
720 610 37 20 två
767 612 80 19 tunnor
859 616 62 22 span-

172 644 43 22 mål
241 645 54 21 eller
319 644 69 28 några
411 644 66 22 andra
503 645 99 21 deremot
628 644 105 21 svarande
756 644 165 22 emolumenter.

172 678 64 22 Hvad
259 678 143 28 åbyggnaden
425 679 129 27 beträffade,
578 678 24 21 så
619 678 96 22 berodde
736 678 37 21 det
788 678 24 21 af
825 678 96 21 knekten

173 712 63 29 yStod
251 712 37 21 det
303 713 7 20 i
325 712 54 30 hans
394 713 89 27 behag",
499 720 46 14 som
561 712 67 22 orden
644 713 60 28 lyda,
720 720 35 14 om
769 713 43 21 han
823 714 45 19 mot
879 714 44 20 sär-

173 746 57 22 skild
252 746 166 29 vedergällning
440 747 50 21 ville
509 748 90 20 umbära
620 754 26 14 en
667 747 73 21 sådan.
770 747 35 21 Då
826 748 53 20 1731
901 747 24 21 af

173 780 183 29 landshöfdingen
375 781 92 21 friherre
483 782 78 20 Reinh.
577 781 68 21 Wilh.
661 788 43 14 von
719 780 71 22 Essen
810 781 113 21 enahanda

173 814 104 22 kontrakt
292 815 75 21 afslöts
382 815 51 21 med
451 816 109 28 allmogen
575 816 7 20 i
598 810 153 26 Österbottens
766 816 35 20 län
818 822 34 14 om
868 822 54 22 upp-

174 849 106 22 ställande
301 850 24 21 af
343 850 54 21 1200
417 857 50 14 man
482 857 52 14 voro
550 850 98 21 vilkoren
664 850 49 21 med
728 850 64 28 ringa
806 849 117 22 afvikelser

175 884 116 21 desamma.
303 897 24 3 —
340 884 87 28 Regeln
442 885 33 20 för
491 885 36 21 det
542 885 82 21 indelta
639 884 129 29 manskapet
783 884 39 21 har
833 884 91 22 sålunda

173 919 63 21 alltid
255 919 56 20 varit
330 921 32 19 att
377 919 86 28 åtnjuta
478 922 48 26 torp
542 919 50 22 med
608 919 115 28 äbyggnad
739 919 40 22 och
791 919 58 28 jord.
879 919 44 21 En-

175 953 48 21 dast
237 953 39 20 der
291 953 77 22 sådant
383 954 56 20 varit
454 954 100 28 omöjligt
570 956 31 19 att
616 953 159 28 åstadkomma,
790 954 39 21 har
840 954 83 21 undan-

175 989 38 26 tag
231 989 38 26 ägt
287 995 54 14 rum.
373 987 46 22 Och
435 989 24 20 är
473 988 67 21 kändt
555 990 31 19 att
601 988 86 21 utöfver
704 989 36 20 det
756 988 81 21 indelta
853 988 70 21 infan-

175 1022 65 21 teriet
252 1022 83 27 jemväl
350 1022 105 21 kavalleri
471 1023 39 20 och
525 1023 155 28 båtsmanskap
695 1023 135 28 uppställdes
842 1023 40 21 och
893 1023 31 21 åt-

175 1056 48 28 njöt
239 1057 114 20 enahanda
368 1057 92 21 förmon.

243 1090 44 21 Vid
307 1091 83 27 krigets
410 1091 83 21 utbrott
512 1091 23 21 år
558 1092 52 20 1808
630 1091 114 22 underhöll
760 1091 74 22 landet
849 1091 28 29 på
892 1091 32 21 in-

176 1124 45 21 delt
239 1125 32 20 fot
288 1125 76 26 10,235
379 1132 50 14 man
446 1125 108 22 ordinarie
569 1125 106 28 beväring
690 1125 40 21 och
746 1126 56 21 4066
818 1132 105 20 reserver,

176 1160 55 19 samt
247 1159 41 21 den
305 1159 34 20 del
355 1159 23 20 af
391 1159 165 22 Westerbotten
572 1160 54 21 eller
641 1160 87 21 Torneå
743 1160 77 27 härad,
835 1160 90 21 hvilken

175 1199 79 22 genom
269 1193 77 21 freden
361 1193 7 21 i
383 1194 171 21 Fredrikshamn
569 1194 115 21 förenades
699 1194 51 21 med
763 1193 104 28 Finland,
885 1195 37 20 111

176 1234 59 20 man;
252 1228 85 19 således
353 1235 83 14 summa
453 1229 75 26 14,412
544 1229 92 25 indelta,
656 1231 61 18 utom
733 1229 54 20 7313
803 1236 50 13 man
868 1229 57 20 värf-

176 1260 51 21 vadt
240 1261 113 28 manskap.
375 1262 58 21 Hela
447 1262 71 21 finska
536 1261 74 22 armén
630 1262 102 28 utgjorde
748 1262 85 22 således
849 1263 76 26 21,614

176 1301 57 15 man.
267 1295 106 22 Finlands
388 1296 126 29 folkmängd
530 1296 79 28 belopp
629 1297 33 28 sig
678 1297 27 20 då
720 1297 34 20 till
770 1297 91 27 900,000
876 1303 49 22 per-

176 1336 70 15 soner.

244 1364 11 21 I
270 1365 52 20 våra
337 1365 67 28 dagar
419 1365 80 22 räknar
514 1365 75 22 landet
604 1372 28 15 en
647 1365 90 22 dubbelt
748 1366 23 21 så
782 1367 44 20 stor
841 1365 84 22 befolk-

176 1398 63 29 ning,
259 1399 36 21 vid
319 1406 50 21 pass
394 1401 110 26 1,800,000
523 1400 113 28 invånare;
657 1401 39 20 har
716 1401 90 28 åtnjutit
825 1402 100 20 närmare

177 1433 26 22 50
219 1433 34 22 års
269 1433 57 29 fred,
345 1435 99 20 närmare
465 1436 27 21 50
510 1435 24 21 år
549 1435 56 21 varit
620 1435 94 22 befriadt
728 1435 57 22 ifrån
801 1435 124 30 skyldighe-
