1000 1700
760 129 41 22 347

80 194 87 22 anhålla
186 194 37 22 det
242 194 120 29 lagförslag
381 201 34 15 om
431 195 120 28 periodiskt
566 195 177 22 återkommande
758 196 72 21 landt-

80 229 67 27 dagar
167 229 67 21 måtte
254 230 13 21 å
286 231 63 19 nästa
369 229 105 29 landtdag
493 230 117 21 ständerna
633 229 124 28 föreläggas
776 232 56 19 samt

80 269 80 22 genom
176 263 151 28 deputationer
343 263 91 28 inbjuda
450 263 142 22 medstånden
608 263 34 21 till
657 263 60 28 dylik
732 263 84 22 remiss.

148 297 59 22 Herr
222 297 180 22 Nordenheim
418 297 119 28 anmärkte,
553 299 32 20 att
600 299 47 19 somm
663 297 169 22 bondeståndets

80 331 72 22 beslut
170 339 52 14 vore
240 332 117 21 afvikande
376 332 49 21 från
444 333 37 20 det
498 333 25 20 af
539 332 152 28 ridderskapet
706 333 40 20 och
761 332 71 27 adeln,

80 368 56 19 samt
156 367 181 28 borgareståndet
356 367 92 28 fattade,
464 368 25 21 så
508 367 67 22 borde
599 367 66 21 orden
685 367 51 28 ,och
750 367 82 22 bonde-

79 401 98 22 ståndet"
193 409 25 14 ur
233 401 164 29 propositionen
412 402 58 28 utgå.

149 436 58 21 Herr
222 436 196 29 Björkenheim,
439 436 39 22 R.:
497 436 36 21 Då
551 436 68 21 saken
636 435 101 23 kommer
751 438 32 19 att
797 443 34 14 re-

80 471 100 22 mitteras
195 471 33 21 till
244 473 31 19 ett
289 471 92 27 utskott,
397 473 136 26 gemensamt
548 471 34 21 för
597 471 43 21 alla
655 470 70 28 stånd,
736 471 23 21 så
770 471 61 22 torde

81 505 103 23 ståndens
207 505 58 22 olika
287 505 115 29 meningar
424 505 38 22 der
484 506 88 21 komma
592 507 31 20 att
642 506 190 28 sammanjemkas.

82 541 44 28 Jag
144 547 64 15 anser
229 540 87 22 derföre
333 542 31 19 ett
384 540 139 22 uteslutande
542 540 24 21 af
585 539 77 29 orden,
683 540 52 28 ,och
753 540 80 22 bonde-

81 575 97 22 ståndet”
194 575 90 22 alldeles
300 576 20 28 ej
337 576 24 20 af
374 575 78 22 nöden.

149 610 170 29 Propositionen
342 612 78 27 antogs
442 610 50 22 med
512 610 42 22 den
574 610 24 22 af
614 610 50 22 herr
685 610 147 22 Nordenheim

81 644 125 29 föreslagna
226 645 93 28 ändring
338 645 39 21 och
397 645 111 28 upplästes
528 644 34 21 till
582 644 144 28 besvarande,
742 644 90 22 hvarvid

149 679 58 22 Herr
222 687 43 14 von
280 680 80 26 Born,
382 679 20 22 J.
422 680 34 27 A.,
477 679 81 29 yrkade
574 679 28 28 på
617 679 110 29 votering,
743 679 88 22 hvilken

81 714 54 22 härå
150 715 117 21 anställdes
283 714 40 21 och
340 714 73 21 utföll:

232 749 8 21 i
258 749 57 28 3:dje
335 749 29 21 kl.
383 749 50 21 med
452 749 26 21 43
489 751 29 27 ja
534 749 40 21 och
594 749 26 21 13
635 749 45 28 nej,

232 800 10 10 n
258 783 59 22 2:dra
348 800 8 11 »
402 800 9 10 »
452 784 58 26 19»,
550 800 10 10 »
607 784 13 20 3
650 799 9 11 n

233 835 9 10 &
260 819 53 20 DM
348 835 9 10 -
402 835 9 10 =»
452 819 60 26 119»
553 834 9 11 n
594 819 26 20 10
650 834 10 11 7

83 852 46 21 Och
150 860 46 14 som
215 853 165 28 propositionen
400 853 91 21 sälunda
510 860 38 14 var
566 853 59 21 inom
642 852 42 21 alla
699 853 83 21 klasser
800 853 32 22 bi-

82 887 77 28 fallen,
174 887 87 22 komme
279 887 77 28 frägan
371 889 31 20 att
417 888 123 21 remitteras
556 887 34 22 till
606 887 101 22 ständens
723 888 110 21 allmänna

83 921 202 22 besvärsutskottet.

150 957 102 21 Friherre
269 957 140 28 Carpelan:
425 957 43 29 Jag
482 957 34 21 fär
528 957 34 21 till
577 957 133 26 protokollet
725 958 107 28 nedlägga

82 991 46 22 min
148 992 141 21 reservation.
319 991 46 22 Min
386 993 89 27 mening
490 993 24 20 är
529 992 51 27 den,
596 993 32 19 att
642 991 78 29 frägan
735 992 49 21 bort
798 999 35 14 re-

82 1026 99 21 mitteras
197 1027 33 20 till
246 1026 97 21 ständets
358 1025 94 22 enskilta
466 1026 181 27 besvärsutskott,
659 1026 40 21 och
708 1026 7 20 i
725 1027 43 20 alla
780 1027 52 20 hän-

82 1060 71 21 delser
172 1061 20 27 ej
211 1061 34 20 till
260 1061 37 20 det
312 1060 110 21 alimänna
437 1062 52 19 utan
505 1060 27 21 dä
546 1059 76 22 heldre
638 1060 33 21 till
687 1061 145 27 expeditions-

82 1094 113 22 utskottet.
226 1094 43 28 Jag
288 1101 64 15 anser
371 1094 110 29 nemligen
500 1094 77 28 frägan
595 1101 51 14 vara
664 1094 119 29 tillräeklig
802 1095 31 21 di-

83 1129 103 22 skuterad
202 1129 39 22 och
256 1130 71 27 nägon
344 1129 74 22 vidare
433 1129 118 28 utredning
566 1128 64 23 deraf
642 1129 21 28 ej
680 1128 23 23 af
716 1129 78 22 nöden.

150 1163 39 22 Uti
208 1164 71 21 denna
294 1164 135 21 reservation
444 1164 107 21 instämde
566 1164 103 21 herrarne
689 1164 143 28 Gripenberg,

84 1198 23 21 C.
124 1198 26 21 A.
166 1198 32 27 E,
215 1199 20 21 J.
251 1199 27 20 U.
295 1199 29 26 S.,
340 1198 19 21 J.
375 1199 25 20 F.
416 1198 29 27 8.,
462 1199 39 20 och
516 1199 26 20 A.
556 1198 32 27 F.,
602 1198 174 28 Munsterhjelm,
790 1205 42 15 von

82 1233 124 27 Rehausen,
222 1233 148 21 Nordenheim
387 1233 40 21 och
443 1233 130 28 Jägerhorn,
588 1233 26 20 B.
632 1232 25 21 G.

150 1267 58 21 Herr
228 1274 43 14 von
289 1267 79 27 Born,
390 1267 20 22 J.
431 1268 36 21 A.:
485 1262 67 27 Äfven
566 1268 45 27 jag
631 1267 98 21 anhäller
749 1269 31 19 att
799 1267 34 21 till

82 1301 132 29 protokollet
233 1302 22 21 få
273 1301 108 28 nedlägga
403 1303 45 20 min
470 1302 146 27 reservation,
638 1301 142 22 förmenande
802 1303 32 20 att

82 1337 179 26 borgareståndet
276 1336 67 20 borde
358 1336 102 27 inbjudas
474 1338 33 18 att
522 1336 82 27 invälja
619 1335 120 21 ledamöter
753 1336 33 19 till
797 1336 37 20 det

81 1369 111 22 allmänna
211 1369 197 21 besvärsutskottet
427 1370 67 21 innan
514 1369 72 22 beslut
605 1369 43 21 kan
667 1369 66 21 fattas
749 1376 34 15 om
798 1376 34 15 re-

81 1403 53 23 miss
150 1403 32 23 till
198 1403 70 30 dylikt
281 1403 91 23 utskott,
