992 1703
756 115 36 20 167

76 181 47 20 icke
139 182 41 26 äga
196 180 123 28 handlägga
333 181 39 20 och
389 181 32 20 till
438 186 104 23 regenten
558 181 91 21 aflemna
670 181 152 20 framställnin-

74 223 39 20 gar
129 215 30 21 uti
177 215 68 21 andra
260 215 91 21 ärender
366 217 26 19 än
410 215 47 22 dem
469 215 121 21 Monarken
601 223 143 20 proponerar;
760 215 63 21 hvar-

74 252 58 18 emot
148 249 26 21 de
190 249 83 26 besvär,
289 257 46 13 som
351 250 57 20 inom
426 251 66 26 nägot
508 249 62 21 ständ
582 250 74 20 kunna
672 249 23 21 af
704 250 49 20 dess
764 249 58 20 med-

75 283 91 21 lemmar
181 283 112 27 andragas,
309 284 61 20 torde
385 283 62 27 böra,
464 291 34 13 om
515 284 86 21 ständet
621 284 37 20 vill
676 283 48 22 dem
745 284 78 20 under-

76 316 80 28 stödja,
173 317 23 20 af
213 316 85 21 ständet
313 321 80 17 ensamt
413 317 144 21 underställas
573 319 117 25 regentens
708 317 115 28 pröfning,

76 350 55 22 dock
146 352 33 20 att
194 350 76 22 besvär
289 350 74 27 äfven,
380 358 34 14 om
431 352 23 20 sä
469 352 100 27 begäres,
590 352 35 20 mä
644 352 49 21 med
712 352 26 20 de
755 352 68 27 öfriga

74 386 91 21 ständen
181 385 181 21 kommuniceras.

143 420 76 21 Skulle
234 420 50 21 herr
300 420 131 21 Silfversvan
444 420 48 21 med
503 420 137 22 undvikande
652 423 31 19 att
693 421 54 28 yrka
758 420 66 29 derpä

74 455 70 21 säsom
167 462 26 14 en
216 455 104 27 rättighet
343 455 68 28 enligt
427 456 52 20 vära
497 456 141 27 grundlagar,
660 455 113 28 föreslagit
792 457 32 19 att

75 490 87 28 höglofi.
184 489 150 28 ridderskapet
359 490 40 20 och
415 490 62 20 adeln
498 490 69 21 skulle
587 490 39 20 hos
645 490 121 21 Monarken
786 498 37 12 an-

74 524 58 21 hålla
148 525 31 19 att
196 524 83 21 landets
295 524 88 21 ständer
397 524 129 21 hädanefter
541 524 67 21 måtte
624 524 81 22 tillåtas
719 526 57 26 yttra
791 525 33 27 sig

75 559 61 21 öfver
152 558 124 28 grunderna
291 558 34 22 för
341 558 220 29 tullbeskattningen,
578 559 53 20 eller
646 560 41 20 ock
705 559 120 20 framställa

75 593 27 22 de
118 594 165 20 bestämmelser
298 594 7 20 i
321 600 29 14 nu
365 593 100 29 gällande
476 594 99 26 tulltaxa,
586 593 73 21 hvilka
670 594 92 27 ansåges
773 594 53 20 böra

75 629 98 27 undergå
188 629 93 27 ändring
296 628 33 21 för
345 630 31 19 att
391 630 109 19 motsvara
515 628 85 21 landets
615 628 67 21 behof
699 628 39 21 och
754 628 70 21 förde-

76 664 38 26 lar,
130 663 24 20 så
168 662 56 22 hade
237 663 40 27 jag
292 663 35 20 för
342 663 45 20 min
401 663 35 20 del
451 665 71 19 ansett
537 663 42 20 den
594 669 52 15 vara
660 663 51 20 fullt
730 662 94 28 befogad

76 698 40 20 och
131 697 91 21 framstå
238 697 67 27 riktig
320 696 32 22 till
368 696 55 22 både
439 697 97 21 innehåll
552 697 40 20 och
607 697 62 26 form,
686 698 54 19 samt
756 696 68 21 föror-

76 732 37 21 dat
128 733 32 20 att
173 732 86 21 ståndet
274 731 69 21 skulle
358 733 79 27 antaga
451 732 60 21 detta
522 732 164 28 önskningsmål
697 732 70 20 såsom
780 731 45 26 sitt;

76 774 50 14 men
142 766 71 21 såsom
228 766 51 21 herr
294 766 145 21 Silfversvans
454 766 102 21 anhållan
567 773 29 13 nu
606 766 145 26 formulerats,
762 772 64 14 anser

74 802 38 27 jag
127 801 46 27 mig
188 801 53 21 böra
259 800 38 21 hos
313 800 51 22 herr
378 800 67 21 baron
463 801 39 20 och
518 800 199 21 landtmarskalken
738 799 89 27 utbedja

76 836 67 20 sådan
162 835 135 28 proposition
317 835 32 21 till
365 834 96 27 ståndet,
481 836 32 20 att
532 834 126 21 densamma
676 834 48 21 icke
742 834 35 21 må
793 833 33 21 till

77 870 72 27 någon
164 869 77 28 åtgärd
256 869 118 21 föranleda.

145 904 60 21 Herr
220 904 163 28 Furuhjelm,
399 903 28 21 H.
443 904 38 27 V.,
498 903 50 21 sade
565 904 33 27 sig
618 904 73 20 ämnat
710 904 58 26 yttra
788 902 38 20 all-

78 939 59 21 deles
153 939 120 21 detsamma
289 946 45 14 som
350 938 133 28 föregående
498 938 76 26 talare,
590 944 49 14 men
655 937 67 28 ansåg
742 936 43 26 det,
801 936 27 20 då

79 974 42 20 han
137 973 72 21 blifvit
229 972 160 27 förekommen,
406 973 99 27 onödigt,
521 974 32 19 att
576 972 88 21 dermed
682 972 74 20 vidare
775 978 52 20 upp-

79 1013 49 23 taga
144 1008 96 21 ståndets
256 1007 37 20 tid.

146 1042 59 21 Herr
226 1041 176 22 Silfversvan:
422 1041 35 22 Då
473 1042 39 27 jag
527 1041 48 21 icke
591 1041 43 20 kan
649 1041 47 20 inse
707 1042 35 19 att
758 1040 71 20 denna

80 1077 61 28 fråga
155 1077 92 21 innebär
263 1083 26 14 en
305 1076 128 28 förändring
448 1076 5 20 i
471 1075 100 28 gällande
587 1075 113 28 grundlag,
716 1076 51 19 utan
783 1074 46 20 helt

80 1111 74 21 enkelt
169 1113 24 19 är
208 1118 27 13 en
251 1110 220 28 beskattningsfråga,
487 1110 70 21 måste
570 1110 39 27 jag
628 1109 65 21 också
712 1115 52 14 anse
785 1109 45 26 mig

82 1146 48 21 fullt
146 1145 122 28 berättigad
287 1146 31 20 att
337 1145 68 21 väcka
423 1145 133 26 densamma,
572 1143 66 22 sådan
654 1144 40 27 jag
714 1143 117 20 framställt

80 1180 48 21 den.
147 1193 24 2 —
191 1180 43 27 Jag
254 1180 43 20 kan
318 1179 110 28 nemligen
448 1179 47 20 icke
511 1179 59 20 finna
591 1178 35 20 det
649 1177 135 21 annorlunda
803 1179 27 18 än

82 1222 44 13 som
144 1221 25 14 en
187 1214 54 21 brist
256 1215 32 20 att
307 1213 211 27 tullbeskattningen
541 1212 48 21 icke
609 1212 7 20 i
639 1212 69 20 likhet
730 1211 48 20 med
802 1211 29 20 all

80 1257 73 13 annan
170 1249 121 27 bevillning
306 1248 140 21 underställts
461 1247 128 21 ständernas
604 1246 109 27 pröfning.

149 1283 58 21 Herr
223 1291 41 13 von
280 1283 60 20 Born
360 1283 39 20 har
418 1282 33 21 för
469 1282 33 21 sin
521 1289 28 13 nu
569 1281 96 20 uttalade
686 1279 145 28 öfvertygelse

81 1326 34 13 om
132 1319 117 25 regentens
265 1319 44 18 rätt
323 1319 32 18 att
370 1317 74 20 landet
459 1316 92 21 medelst
570 1315 64 21 tullar
653 1315 109 26 beskatta,
783 1313 48 21 sökt

81 1352 48 20 stöd
152 1351 5 20 i
183 1351 57 20 olika
263 1350 67 21 tiders
357 1350 178 27 lagstadganden.
566 1349 117 20 Desamma
707 1348 69 20 finnas
800 1347 33 20 till

81 1387 81 20 största
178 1385 62 21 delen
257 1384 107 28 återgifne
382 1384 28 20 uti
428 1391 27 13 on
471 1383 93 21 förliden
585 1382 71 21 vinter
672 1382 37 20 hos
730 1388 35 13 oss
786 1380 46 21 förd

82 1419 202 29 tidningspolemik.
315 1419 42 28 Jag
368 1419 68 21 måste
448 1419 54 21 dock
513 1418 91 27 beklaga
617 1419 30 20 att
660 1417 50 20 herr
722 1423 39 13 von
775 1416 57 20 Born
