1006 1695
786 129 28 21 53

161 196 113 21 Anmältes
290 195 39 21 och
346 197 106 26 emottogs
468 201 27 15 en
511 195 127 28 deputation
650 194 48 21 från
710 194 131 21 bondestän-

92 230 46 26 det,
156 230 88 21 hvilken
260 229 13 21 &
288 229 96 21 ständets
404 231 82 26 vägnar
506 228 146 28 tillkännagaf
665 230 31 19 att
710 228 130 21 bondestän-

91 263 38 21 det
144 263 6 21 i
166 264 69 20 likhet
255 263 50 21 med
324 263 151 28 ridderskapet
494 263 39 20 och
552 263 63 21 adeln
631 262 72 21 funnit
718 262 76 27 nödigt
809 263 32 20 att

91 297 53 27 ingä
158 297 8 21 i
181 297 130 28 författning
326 304 33 13 om
375 297 134 20 tillsättande
525 296 24 21 af
561 297 36 27 sju
612 296 84 21 utskott
711 296 40 21 och
767 297 30 20 att
809 297 31 20 uti

91 330 50 22 dem
161 331 79 21 invalts
260 331 83 21 hälften
363 330 24 21 sä
405 332 55 19 stort
480 330 59 21 antal
554 330 126 27 ledamöter,
696 337 46 14 som
758 330 82 21 ridder-

91 365 77 29 skapet
188 365 40 21 och
248 365 65 21 adeln
328 365 90 21 beslutit
432 365 34 20 till
481 365 49 20 dem
545 367 55 18 utse.
629 364 163 29 Deputationen
808 365 31 21 af-

90 400 82 21 trädde.

158 485 34 22 En
208 485 127 29 deputation
350 485 48 22 frän
410 485 134 28 högvördige
555 485 161 28 prestaständet
727 485 47 21 blef
783 485 56 22 efter

89 520 102 21 anmälan
210 522 125 25 emottagen
356 520 40 21 och
416 519 146 28 tillkännagaf
574 521 32 19 att
620 519 37 21 det
672 519 64 28 högv.
752 519 87 22 ständet

88 554 46 21 lika
148 554 50 21 med
213 554 151 28 ridderskapet
379 554 41 21 och
436 553 63 22 adeln
514 554 73 21 funnit
598 553 26 21 de
636 554 35 27 sju
682 553 91 27 utskott,
784 554 55 21 hvil-

88 589 40 21 kas
149 588 133 21 tillsättande
303 588 24 21 af
344 588 152 28 ridderskapet
516 588 40 21 och
576 588 64 21 adeln
658 588 111 27 beslutits,
787 595 52 15 vara

88 623 102 28 lämpligt
210 623 40 21 och
270 623 71 21 skulle
360 623 34 21 för
414 623 34 20 sin
466 623 36 21 del
516 623 34 21 till
565 622 120 21 ledamöter
700 623 7 20 i
723 622 66 29 sagde
804 625 34 19 ut-

89 657 59 22 skott
162 659 48 19 utse
225 653 85 25 hälften
324 657 24 21 af
359 657 37 21 det
409 657 59 21 antal
480 657 49 22 utaf
538 657 161 28 ridderskapets
711 657 40 21 och
763 657 75 22 adelns

88 691 149 28 medlemmar,
256 699 46 13 som
322 692 68 28 enligt
404 691 56 22 hvad
477 691 189 28 tillkännagifvits,
681 691 88 22 komme
783 693 32 20 att
830 692 8 20 i

88 733 83 14 samma
185 726 83 21 utskott
282 726 58 28 ingå.

154 817 33 22 På
208 817 162 29 framställning
392 818 24 21 af
437 818 50 22 herr
506 818 201 21 landtmarskalken
723 818 113 27 angående

86 851 103 23 behofvet
208 852 24 21 af
251 852 140 29 suppleanter
408 852 33 22 till
456 852 120 22 ledamöter
591 852 7 21 i
614 852 223 21 riddarhusutskottet

86 887 82 21 beslöts
188 889 32 19 att
237 887 34 21 till
291 887 141 28 suppleanter
447 888 31 21 uti
493 887 92 21 berörde
599 887 84 21 utskott
698 893 28 15 en
741 887 95 21 medlem

86 921 24 21 af
128 928 27 15 en
175 921 54 22 hvar
249 921 24 21 af
289 921 163 28 ridderskapets
472 922 40 21 och
528 921 74 22 adelns
618 923 32 19 tre
665 921 85 22 klasser
764 921 71 21 skulle

85 955 69 28 väljas
170 956 24 21 af
206 955 162 22 vederbörande
384 956 116 27 elektorer,
512 963 46 14 som
570 956 74 21 derom
654 955 181 28 förständigades.

154 989 175 22 Sammanträdet
343 990 113 29 upphörde
471 990 93 21 klockan
580 992 38 19 ett.

577 1031 21 16 In
610 1031 60 16 fidem:

487 1058 77 20 Victor
577 1059 25 18 de
616 1059 22 18 la
650 1058 115 24 Chapelle.

152 1209 64 27 Den
237 1209 38 27 28
296 1210 167 36 september,
484 1209 125 28 klockan
631 1211 36 26 11
689 1210 17 27 fi
728 1220 37 16 m.

152 1264 44 21 Det
216 1265 36 21 vid
272 1265 161 28 ridderskapets
449 1265 40 21 och
504 1265 75 21 adelns
594 1265 90 28 plenum
700 1265 42 21 den
758 1265 27 21 22
801 1265 32 21 in-

83 1298 124 23 nevarande
228 1298 78 22 månad
326 1299 61 21 förda
407 1300 110 27 protokoll
536 1300 112 27 upplästes
667 1300 32 20 till
715 1299 117 28 justering.

151 1332 117 27 Upplästes
288 1333 162 20 vederbörande
470 1333 119 20 elektorers
604 1333 103 21 inkomne
723 1334 107 26 protokoll

83 1366 61 21 öfver
164 1366 120 21 verkstäldt
304 1366 35 21 val
359 1366 23 21 af
400 1366 120 21 ledamöter
541 1367 39 20 och
601 1367 139 28 suppleanter
759 1367 30 20 uti
805 1366 26 21 de

82 1400 107 21 särskilda
208 1400 36 21 vid
264 1400 131 29 landtdagen
416 1400 90 22 tillsatte
526 1401 121 27 utskotten,
667 1401 113 21 utvisande
799 1402 32 19 att

82 1434 97 29 följande
194 1442 104 21 personer
314 1435 71 21 blifvit
400 1435 95 22 invalde:
