1003 1695
199 139 41 22 374

238 205 58 20 Herr
312 204 198 21 landtmarskalken
526 204 135 27 hemställde,
677 204 106 21 huruvida
797 203 122 22 ridderska-

170 241 38 26 pet
228 239 39 20 och
283 239 63 20 adeln
362 239 50 20 ville
429 239 70 20 såsom
516 239 37 20 sitt
568 239 80 27 antaga
663 238 93 21 nämnde
771 238 148 28 petitionsför-

171 273 53 28 slag,
240 273 90 21 hvarvid
345 273 111 27 åtskilliga
465 274 30 27 ja
510 272 130 29 förspordes.

239 307 58 21 Herr
315 314 42 13 von
372 307 78 26 Born,
467 307 20 21 J.
508 307 37 20 A.:
562 307 42 27 Jag
625 306 70 21 skulle
715 307 125 25 hemställa,
856 307 63 20 huru-

171 341 49 21 vida
240 341 20 27 ej
283 341 151 27 ridderskapet
454 341 40 20 och
515 341 64 20 adeln
599 340 66 21 funne
686 340 86 28 nödigt,
793 342 41 25 att,
855 341 66 20 innan

173 375 86 21 ståndet
276 375 95 21 besluter
387 375 33 28 sig
435 375 33 20 för
485 375 120 28 antagande
622 375 24 20 af
659 375 71 20 denna
741 375 99 27 petition,
852 375 69 21 öfver-

171 410 73 19 lemna
258 409 125 21 densamma
397 410 32 19 till
440 408 96 21 ständets
548 408 98 21 enskilda
656 408 184 21 besvärsutskotts
855 409 67 21 hand-

173 443 105 28 läggning
294 443 39 21 och
349 443 107 28 yttrande,
473 443 39 21 och
528 443 97 20 anhåller
641 443 72 20 derför
731 444 40 26 att,
787 443 135 28 proposition

173 479 66 20 mätte
255 479 72 27 göras,
341 478 105 20 huruvida
462 477 86 22 ständet
564 477 133 21 omedelbart
711 477 37 21 vill
760 477 34 21 till
804 477 118 29 handlägg-

173 513 53 27 ning
244 513 99 27 företaga
363 512 130 28 petitionen,
510 512 52 21 eller
583 511 151 22 dessförinnan
753 513 112 20 remittera
881 512 42 21 den

173 547 33 20 till
222 547 89 20 utskott.

241 581 102 21 Friherre
358 581 136 28 Hisinger:
511 581 74 21 Sävidt
598 581 39 27 jag
651 581 73 20 kunde
738 581 60 26 höra,
813 581 48 20 blef
873 581 50 21 herr

173 615 210 22 landtmarskalkens
398 615 142 28 proposition,
557 622 34 13 om
607 615 85 21 ständet
708 615 50 21 ville
775 617 79 26 antaga
868 615 55 28 peti-

173 650 75 21 tionen
264 651 70 20 såsom
350 650 39 27 sin,
405 650 66 21 redan
487 650 106 21 besvarad
609 649 58 21 med:
679 651 36 27 ja.

241 685 58 20 Herr
319 691 41 14 von
382 685 134 20 Schoultz:
536 684 41 21 Om
593 684 116 21 ständerne
725 684 67 21 redan
808 684 54 28 ägde
878 692 45 13 mo-

174 719 101 21 tionsrätt
294 719 39 21 och
346 720 40 27 jag
400 726 51 14 vore
468 719 128 28 öfvertygad
612 726 35 13 om
662 719 47 21 värt
725 719 150 28 berättigande
892 719 33 21 till

175 754 135 28 obegränsad
325 754 162 28 petitionering,
504 754 23 21 sä
542 753 69 21 skulle
625 754 39 27 jag
680 755 52 19 utan
747 753 76 22 tvifvel
838 754 87 21 förenat

174 789 44 27 mig
238 789 50 20 med
307 789 41 20 den
369 788 67 21 värda
455 789 153 28 petitionären.
638 788 50 21 Men
709 795 44 14 som
775 788 106 21 intetdera
901 791 23 19 är

174 823 62 20 fallet
256 823 39 22 och
315 823 133 27 proposition
471 830 34 14 om
526 823 79 20 tullens
626 823 95 20 revision
737 823 23 20 af
774 823 67 21 första
861 825 62 19 stats-

175 857 87 21 makten
282 857 46 21 icke
345 857 71 21 blifvit
431 857 117 21 ständerna
563 857 35 20 vid
614 856 71 21 denna
700 857 104 27 landtdag
819 857 105 29 förelagd,

175 892 24 20 sä
218 899 63 14 anser
299 892 39 27 jag
358 892 33 20 för
406 892 45 20 min
472 892 44 26 del,
535 893 31 19 att
584 891 51 21 hela
648 891 76 28 frågan
741 891 34 21 för
790 892 135 21 närvarande

175 926 67 20 borde
257 926 94 20 förfalla.

241 960 104 21 Härefter
368 960 112 28 upplästes
503 960 82 28 förslag
608 960 32 21 till
663 960 146 28 proposition,
835 960 89 22 hvilken

176 995 54 21 efter
245 994 120 21 verkställd
377 995 110 27 justering
503 994 69 22 erhöll
588 994 97 28 följande
701 994 93 28 lydelse:

242 1029 46 20 Vill
303 1029 86 21 ståndet
404 1031 96 25 upptaga
513 1029 51 21 herr
575 1028 119 22 Järnefelts
705 1028 165 28 ifrågavarande
882 1036 43 14 me-

175 1063 76 21 morial
267 1063 32 21 till
316 1063 124 21 omedelbar
456 1063 109 28 pröfning.

242 1097 48 21 Den
307 1104 46 14 som
369 1098 37 20 vill
422 1098 134 20 omedelbart
566 1097 77 28 pröfva
656 1097 136 21 memorialet
803 1105 74 15 svarar
889 1098 34 28 ja;

243 1132 49 20 Den
308 1138 46 14 som
369 1132 37 20 det
421 1132 47 20 icke
485 1132 36 20 vill
538 1138 73 14 svarar
628 1132 44 27 nej.

243 1166 85 20 Vinner
343 1166 44 27 nej,
402 1166 123 20 remitteras
540 1166 137 20 memorialet
693 1166 33 20 till
741 1166 89 20 utskott.

244 1200 32 20 På
296 1200 73 20 derom
385 1200 73 28 gjordt
473 1200 96 28 yrkande
585 1200 139 21 anställdes
714 1196 15 36 i
720 1245 3 3 i
743 1201 72 27 vanlig
834 1200 93 28 ordning

176 1234 110 27 votering,
301 1234 89 20 hvilken
405 1234 64 20 utföll
485 1234 100 20 sälunda:

336 1268 7 19 i
359 1267 56 27 3:dje
431 1268 29 19 kl.
475 1267 50 20 med
554 1268 12 19 8
577 1268 29 27 ja
622 1268 39 19 och
677 1268 25 20 46
720 1269 41 26 nej,

335 1317 8 10 5
360 1301 88 26 20
441 1297 22 35 0
494 1317 8 10 x
541 1301 56 26 14,
639 1317 8 10 x
692 1302 13 20 8
737 1317 9 11 5

334 1352 9 10 n
361 1336 87 26 lista
440 1332 18 34 »
494 1352 8 10 »
556 1336 187 27 Ty»
633 1332 22 35 »
674 1332 36 35 13
726 1332 22 35 ,

243 1370 60 21 Enär
328 1369 164 29 propositionen
518 1370 83 21 säledes
629 1377 37 14 var
691 1371 50 21 med
763 1371 35 28 nej
821 1371 106 22 besvarad

175 1405 87 21 komme
278 1405 89 22 ärendet
383 1406 31 21 att
430 1405 122 22 remitteras
568 1405 33 22 till
617 1405 90 22 utskott.
