992 1698
200 127 42 21 230

172 192 16 27 (i
204 193 62 20 ränta
282 191 40 21 och
338 191 203 28 ammortisement),
554 193 31 19 att
599 191 59 21 detta
673 191 131 28 lånebelopp
819 190 50 22 helt
884 190 41 22 och

173 226 68 21 hållet
255 225 108 21 inhemtas
378 226 7 19 i
402 225 75 21 silfver
493 226 54 21 eller
562 225 98 21 deremot
675 225 106 21 svarande
795 225 84 28 fullgod
889 233 37 13 va-

172 261 56 26 luta,
249 261 33 20 att
300 259 87 21 banken
403 261 57 19 emot
476 260 72 21 denna
563 259 84 27 valuta,
666 259 8 21 i
690 260 48 21 stöd
753 260 24 21 af
790 260 49 21 dess
855 260 71 27 regle-

173 296 86 25 mente,
279 295 63 26 utger
358 294 112 26 2,200,000
486 293 63 22 rubel
563 293 7 21 i
586 293 79 28 sedlar,
680 294 40 21 och
735 295 32 20 att
782 294 73 21 denna
870 301 57 13 sum-

173 335 36 15 ma
229 328 114 22 oafkortad
362 328 121 21 öfverföres
503 329 33 20 till
558 328 111 27 primitiva
684 328 81 21 fonden
781 335 46 14 som
843 327 84 28 derige-

173 370 51 13 nom
246 363 88 20 komme
354 364 33 19 att
404 364 42 26 äga
464 364 32 19 ett
514 362 85 29 kapital
620 362 24 21 af
657 363 54 20 fulla
727 363 12 20 3
754 363 110 20 millioner
879 362 47 21 rub.

174 396 71 21 Dessa
260 397 13 20 3
288 396 111 21 millioner
413 397 103 20 utlånade
531 397 24 20 åt
565 396 146 27 jordbrukare
726 396 29 28 på
765 396 161 21 ofvannämnda

175 431 78 26 vilkor,
276 430 70 21 skulle
365 431 67 20 redan
453 430 69 21 första
541 431 47 21 året
603 430 101 28 inbringa
720 430 102 28 omkring
835 431 92 26 165,000

176 465 53 27 rub.;
246 464 62 22 deraf
320 465 108 20 bestrides
439 465 127 21 annuiteten
577 465 13 20 å
600 465 61 20 lånet
671 471 47 14 som
729 464 62 21 torde
801 465 31 20 bli
848 465 79 26 55,000

176 499 47 21 rub.
244 499 40 21 och
304 499 146 22 öfverskottet
470 500 93 26 110,000
582 499 47 21 rub.
647 499 69 21 skulle
732 500 52 19 utan
799 498 128 28 afkortning

175 533 103 28 tilläggas
295 533 93 21 fondens
406 533 93 29 kapital,
519 533 84 22 hvilket
621 533 91 21 sålunda
727 539 80 22 genom
823 533 55 21 slika
894 533 33 20 år-

176 567 46 28 liga
236 567 142 28 tillökningar
393 567 67 22 redan
476 567 55 22 efter
547 569 31 20 ett
593 567 128 21 decennium
735 567 68 21 borde
813 567 51 21 fullt
875 574 53 21 upp-

177 602 53 28 fylla
248 602 85 21 landets
353 602 77 27 behof,
451 602 24 21 så
494 604 33 19 att
545 602 81 21 fonden
641 601 96 22 derefter
751 601 73 22 kunde
839 601 88 28 vidtaga

176 636 102 28 åtgärder
293 638 32 19 att
340 637 24 20 så
378 637 65 28 tidigt
458 637 39 21 ske
512 637 43 21 kan
570 637 65 20 äfven
650 636 81 21 befrias
746 636 57 21 ifrån
813 636 114 28 gravation

176 671 34 20 till
226 671 106 20 utlandet.

244 705 110 22 Måhända
373 705 116 22 instämma
507 705 48 21 icke
571 705 58 21 mina
644 704 61 21 idéer
719 704 51 21 med
785 704 43 21 den
843 712 43 21 nya
901 705 27 20 ti-

176 739 64 27 dens,
261 746 50 14 men
328 740 40 27 jag
388 741 51 25 tror,
460 741 32 20 att
508 739 21 21 vi
545 740 20 27 ej
581 739 54 21 böra
651 739 66 28 draga
732 739 34 21 för
781 740 59 19 stora
853 739 76 21 vexlar

175 774 29 28 på
225 773 129 27 framtiden,
374 775 53 19 utan
448 774 24 21 så
490 773 45 22 vidt
551 774 86 27 möjligt
653 775 23 19 är
691 773 80 21 bereda
787 779 34 15 oss
837 775 91 26 utvägar

177 809 33 20 att
224 808 35 21 stå
272 808 30 28 på
316 809 51 27 eget
381 807 76 22 botten
468 809 41 20 och
520 809 20 27 ej
552 808 65 21 tillita
627 807 136 22 fremmande
773 807 67 28 hjelp,
857 808 72 21 städse

178 842 184 29 ihågkommande
378 842 106 22 Finlands
500 849 44 21 nog
558 842 67 21 hårda
640 844 64 19 natur
715 842 40 21 och
766 841 46 22 ofta
822 842 109 22 återkom-

178 877 79 21 mande
278 877 137 21 missväxter.
449 877 60 21 Våra
531 877 104 27 framsteg
655 876 31 21 bli
706 876 35 22 väl
761 877 48 21 icke
828 877 24 21 så
866 877 63 21 bråd-

178 911 97 23 störtade
295 912 40 20 och
355 912 34 20 för
408 912 140 27 ögonblicket
563 911 24 21 så
601 910 102 29 lysande,
726 918 50 14 men
791 910 27 22 de
833 911 30 21 bli
880 912 49 20 säk-

178 953 48 14 rare
242 946 41 21 och
299 946 36 28 qui
350 953 27 13 va
392 946 65 28 piano
472 954 27 13 va
514 952 59 15 sano.

248 980 44 28 Jag
306 980 82 28 hoppas
404 981 32 20 att
450 980 70 21 finska
535 980 81 21 folkets
630 980 91 20 klokhet
737 980 41 21 och
792 980 138 21 betänksam-

180 1014 37 21 het
236 1015 48 20 icke
305 1014 55 21 skall
380 1014 70 21 tillåta
463 1016 33 20 att
510 1014 90 22 beträda
615 1014 43 21 den
675 1014 121 22 storartade
811 1014 119 22 skuldsätt-

178 1048 122 29 ningsbana
320 1049 40 21 och
380 1049 185 28 skattskyldighet
585 1049 33 21 till
638 1049 99 21 utlandet
760 1056 46 14 som
826 1056 30 14 nu
877 1051 23 19 är
924 1050 6 20 i

180 1083 70 27 fråga.

249 1117 51 21 Man
316 1116 82 29 klagar,
414 1117 137 29 (visserligen
567 1119 52 19 utan
635 1117 46 21 skäl
697 1118 40 20 och
751 1117 113 28 billighet,
880 1124 51 14 men

181 1151 55 21 dock
258 1159 44 20 nog
324 1151 54 27 ofta)
402 1152 60 20 öfver
484 1152 43 21 den
547 1152 13 21 &
577 1151 80 28 jorden
672 1152 103 20 hvilande
790 1151 141 28 grundskatt,

180 1192 46 15 som
242 1186 55 21 dock
312 1185 83 22 betalas
410 1186 35 21 för
460 1186 86 21 landets
559 1186 68 21 behof
640 1186 41 21 och
696 1187 69 20 straxt
776 1186 87 28 återgår
874 1186 7 20 i
891 1186 39 21 all-

180 1222 80 19 männa
279 1220 108 27 rörelsen;
408 1221 39 20 och
468 1221 69 20 under
557 1221 37 20 det
613 1227 50 14 man
684 1219 102 22 deröfver
800 1220 77 27 klagar
893 1221 38 20 vill

180 1259 50 15 man
248 1253 84 20 belasta
350 1253 105 20 Finlands
472 1253 51 27 jord
543 1253 50 21 med
609 1259 27 14 en
652 1253 73 26 skuld,
745 1253 68 20 hvarå
828 1254 104 19 räntorna

181 1287 56 26 stiga
256 1287 33 20 till
307 1287 68 26 högre
396 1287 78 28 belopp
491 1289 28 18 än
539 1287 50 20 hela
610 1286 158 28 grundskatten
789 1287 40 20 och
849 1287 84 20 betalas

180 1320 33 21 till
228 1320 110 27 utlandet,
354 1322 56 19 samt
425 1321 113 20 försvinna
553 1327 26 14 ur
593 1321 104 20 rörelsen.

247 1354 59 22 Herr
321 1354 192 27 Schatelovitz,
525 1355 20 21 J.
557 1355 32 21 G.:
605 1355 63 20 Hans
678 1355 127 28 Kejserliga
816 1355 115 28 Majestäts

179 1389 79 28 nådiga
266 1389 134 28 proposition
409 1390 32 21 till
457 1389 106 23 Finlands
579 1389 87 22 ständer
677 1391 32 20 att
719 1391 116 27 garantera
847 1390 36 21 det
895 1390 36 21 lån

177 1424 237 29 hypoteksföreningen
430 1426 24 19 är
469 1425 6 20 i
491 1425 68 20 behof
567 1426 32 19 att
609 1424 84 22 utrikes
707 1427 108 26 upptaga,
832 1425 98 21 innehål-
