992 1695
748 121 37 22 121

71 185 37 22 ket
122 193 59 14 mera
196 186 93 29 befogad
304 187 33 21 till
350 188 61 21 detta
425 187 135 22 vidhållande
580 194 46 15 som
646 187 115 22 ständerna
780 187 36 22 vid

72 221 54 20 1789
141 221 34 20 års
191 221 87 28 riksdag
293 222 76 23 uttalat
385 229 80 14 samma
480 222 118 28 grundsats.

138 255 57 21 Herr
210 262 50 14 von
275 256 79 27 Born,
370 256 72 21 Johan
457 256 90 27 August,
563 256 98 21 förmälte
676 258 31 19 att
723 263 34 17 om
772 256 43 21 han

69 296 51 14 vore
136 289 42 22 den
192 290 61 27 ende,
270 297 45 14 som
331 291 80 27 yrkade
427 291 27 27 på
469 291 95 28 uppskof
580 291 7 20 i
607 291 95 26 ärendet,
722 291 23 21 så
764 291 51 20 ville

70 324 42 21 han
128 324 75 28 frångå
219 324 58 22 detta
293 325 37 20 sitt
344 325 97 28 yrkande
457 325 39 21 och
510 325 120 28 framlägga
645 325 75 21 skälen
735 325 33 22 för
782 325 33 21 sin

69 359 56 28 åsigt
143 359 3 20 i
162 360 71 20 ämnet
249 361 38 20 när
303 360 88 21 ärendet
407 359 131 23 återkomme
553 360 48 21 från
616 359 40 22 den
666 360 76 23 remiss
752 360 62 22 hvar-

69 393 33 21 till
117 393 86 21 ståndet
217 393 72 21 kunde
304 394 90 21 besluta.

137 427 34 21 Då
187 428 120 21 emellertid
321 428 108 28 åtskillige
445 428 65 22 andre
526 429 23 20 af
562 427 95 22 ståndets
676 428 139 21 medlemmar

69 461 109 28 påyrkade
194 463 158 28 bordläggning
367 463 128 21 hemställde
510 463 49 20 herr
574 463 198 21 landtmarskalken
782 463 34 21 till

68 496 149 28 ridderskapet
233 497 39 21 och
288 497 63 21 adeln
365 497 105 21 huruvida
485 497 46 22 icke
547 497 49 21 herr
607 497 131 22 Silfversvan
749 497 67 21 borde

69 531 7 20 i
92 531 55 20 form
162 531 23 20 af
199 532 111 21 memorial
329 531 96 22 inlemna
445 532 36 21 sitt
500 532 149 27 ifrågakomne
668 532 146 27 andragande,

70 572 45 14 som
129 565 92 22 derefter
233 566 72 21 kunde
315 567 136 28 bordläggas,
463 566 89 21 hvarvid
562 567 71 20 tillika
644 567 66 21 borde
722 566 92 22 bestäm-

69 607 46 14 mas
130 600 55 21 huru
200 601 62 27 länge
278 601 133 21 memorialet
426 601 85 21 komme
526 603 32 19 att
572 601 100 22 förblifva
686 601 101 28 liggande
803 601 13 22 å

69 634 82 22 bordet.
182 635 45 22 Och
243 643 46 13 som
304 636 73 21 härtill
392 636 105 27 enhälligt
515 636 97 28 jakades,
632 635 46 22 blef
695 636 50 21 herr
766 636 49 21 Silf-

70 676 91 15 versvan
176 670 107 21 anmanad
299 672 30 19 att
344 671 49 20 med
407 671 111 21 memorial
533 670 7 22 i
555 671 72 21 ämnet
642 670 116 22 inkomma.

137 739 58 21 Herr
217 739 200 22 landtmarskalken
438 739 146 28 tillkännagaf
604 742 31 19 att
654 740 160 22 vederbörande

69 773 107 22 elektorer
191 774 23 21 af
226 774 160 28 ridderskapets
402 775 40 20 och
460 774 73 21 adelns
553 774 66 21 andra
640 775 58 20 klass
717 775 33 20 till
765 782 49 21 sup-

70 808 74 28 pleant
159 808 30 21 uti
205 809 218 21 riddarhusutskottet
438 809 6 21 i
466 809 70 21 stället
555 809 33 21 för
604 809 142 28 suppleanten
766 809 50 22 herr

70 842 131 27 Ehrnrooth,
217 843 80 21 Gustaf
309 843 90 27 Robert,
414 843 87 21 hvilken
516 843 81 21 inträdt
612 844 69 20 såsom
699 844 94 21 ledamot
808 844 6 20 i

69 884 82 14 samma
165 877 82 22 utskott
262 878 55 20 efter
331 877 50 21 herr
397 878 59 28 Boye
472 878 23 20 af
508 878 94 26 Gennäs,
620 878 68 20 Adolf
703 878 112 26 Wilhelm,

70 918 46 15 som
131 912 127 22 återlemnat
274 912 33 21 sin
322 912 83 28 pollett,
420 912 68 22 invalt
505 912 50 22 herr
570 912 115 27 Nassokin,
700 912 114 22 Reinhold.

139 981 78 21 Grefve
235 982 92 21 Creutz
340 982 102 20 förmälte
458 983 30 19 att
502 982 50 26 han,
567 981 88 21 hvilken
674 982 23 21 af
714 982 100 27 sjukdom

72 1016 55 21 varit
142 1016 91 21 hindrad
248 1018 31 19 att
294 1016 85 28 deltaga
394 1016 32 20 uti
442 1016 146 21 elektorernas
602 1016 34 20 val
656 1016 22 20 af
698 1016 117 21 ledamöter

70 1050 40 21 och
126 1050 137 28 suppleanter
279 1050 31 22 uti
325 1050 26 21 de
368 1050 89 27 utskott,
474 1058 45 13 som
536 1050 87 28 jemlikt
642 1050 80 21 fattade
744 1051 71 21 beslut

68 1084 68 22 borde
151 1085 33 21 för
199 1085 144 21 innevarande
358 1084 101 28 landtdag
474 1085 107 26 tillsättas,
594 1084 70 21 såsom
677 1085 89 28 grefven
776 1093 39 21 ny-

70 1120 58 27 ligen
144 1126 76 21 genom
237 1120 136 27 tidningarne
389 1119 81 27 erfarit,
485 1119 71 21 blifvit
571 1120 73 20 invald
657 1120 33 20 till
701 1120 19 27 ej
732 1121 83 21 mindre

70 1155 93 21 ledamot
185 1155 30 20 uti
237 1154 123 21 ekonomie-
380 1154 39 20 och
441 1154 162 21 statsutskotten
620 1156 30 18 än
670 1154 40 21 ock
730 1156 84 26 supple-

71 1191 37 19 ant
128 1189 31 20 uti
177 1188 163 22 bankutskottet
355 1188 112 21 hvarutom
486 1188 88 29 grefven
592 1188 86 22 erhållit
695 1189 121 28 uppdraget

70 1226 30 18 att
116 1224 111 21 öfvervara
239 1223 267 21 talmanskonferenserne.
528 1223 81 21 Dä-det
620 1223 33 21 för
664 1224 88 27 grefven
765 1231 49 15 vore

70 1258 99 28 omöjligt
184 1260 31 19 att
229 1259 24 20 sä
268 1258 121 21 handhafva
404 1258 42 21 alla
457 1258 61 21 dessa
528 1258 286 28 förtroende-befattningar,

71 1301 45 13 som
132 1293 62 22 dessa
209 1293 99 21 fordrade
324 1293 39 20 och
378 1293 89 27 -grefven
483 1292 51 29 sjelf
547 1293 101 26 önskade,
667 1293 73 22 anhöll
759 1293 55 27 gref-

70 1335 40 13 ven
126 1329 31 19 att
171 1328 79 20 honom
266 1328 66 19 måtte
347 1328 80 19 tillåtas
443 1328 73 27 afsäga
531 1327 32 26 sig
578 1327 93 20 berörde
689 1328 125 26 suppleants

69 1361 122 28 befattning
207 1362 39 20 och
261 1361 172 27 ledamotskapet
448 1361 6 20 i
469 1361 241 21 talmanskonferensen.

138 1395 57 22 Herr
208 1395 25 22 af
242 1395 140 27 Forselles,
394 1395 57 22 Pehr
459 1395 64 27 Emil,
532 1395 111 21 anmärkte
652 1397 37 25 att,
698 1403 34 13 om
741 1395 73 28 grefve

71 1431 95 22 Creutz's
182 1431 139 22 omförmälde
333 1431 99 28 "begäran
446 1430 70 23 blefve
532 1430 95 27 bifallen,
643 1430 69 23 skulle
731 1431 83 22 ståndet
