992 1698
752 137 39 20 173

72 202 39 20 och
128 201 62 21 adeln
207 201 62 27 fråga
285 208 33 14 om
335 205 30 17 att
382 201 57 21 bilda
451 203 30 19 ett
491 202 136 26 gemensamt
638 202 182 27 besvärsutskott;

73 238 81 26 prosta-
173 236 39 20 och
233 236 162 20 bondestånden
418 235 127 27 samtyckte,
568 241 49 14 men
641 236 180 26 borgareståndet

72 271 56 19 satte
144 270 33 27 sig
192 270 108 20 bestämdt
316 270 104 26 deremot,
437 270 69 20 såsom
523 268 37 22 dot
575 269 74 27 tyckes
660 269 24 21 af
696 270 56 27 goda
768 270 52 22 skäl.

72 304 10 20 I
98 304 240 20 talmanskonferensen
354 303 54 21 hade
425 303 85 21 derföre
526 302 124 28 föreslagits
666 305 31 19 att
712 304 25 21 de
752 305 70 26 stånd,

72 344 46 14 som
142 337 66 21 sedan
228 337 45 21 valt
292 338 141 20 medlemmar
456 337 33 21 till
512 338 32 19 ett
566 341 136 24 gemensamt
725 338 97 22 besvärs-

72 372 94 26 utskott,
182 372 70 21 skulle
274 372 49 20 med
341 372 152 28 upphäfvande
512 371 24 21 af
554 372 94 21 beslutet
668 373 75 21 härom
766 374 56 21 åter-

72 406 59 22 kalla
145 406 63 22 valen
227 407 40 20 och
283 406 5 20 i
306 407 72 21 stället
397 407 54 20 hvar
470 406 34 20 för
525 406 33 28 sig
577 406 137 22 konstituera
734 410 32 19 ett
786 415 36 14 en-

72 440 66 22 skildt
153 440 184 27 besvärsutskott,
352 441 88 21 hvarest
458 441 59 20 såväl
538 440 26 22 de
585 441 109 22 såkallade
715 442 105 22 enskildta

72 482 47 14 som
135 475 110 21 allmänna
260 476 105 20 besvären
381 475 70 21 skulle
466 474 126 22 behandlas.

142 509 59 21 Herr
215 509 201 21 landtmarskalken
431 509 129 21 hemställde
575 510 63 26 härä,
654 510 106 22 huruvida
775 511 47 21 icke

74 543 93 27 ståndet,
183 544 6 20 i
205 544 56 27 följd
276 544 24 20 af
312 544 57 20 hvad
384 544 43 20 han
443 551 29 13 nu
487 544 83 26 anfört,
586 544 51 21 ville
652 545 67 21 ändra
735 545 37 21 det
787 546 36 21 be-

75 578 49 25 slut,
141 584 46 14 som
202 578 7 20 i
225 578 86 21 ständet
326 578 75 21 fattats
417 578 112 28 angäende
545 578 134 22 tillsättande
695 579 23 21 af
729 580 95 21 ledamö-

74 614 34 19 ter
123 611 7 20 i
146 613 31 20 ett
193 614 136 26 gemensamt
344 612 180 27 besvärsutskott,
542 613 89 20 hvilken
651 613 128 22 hemställan
803 615 23 20 af

75 646 86 21 ständet
176 647 130 21 besvarades
322 647 49 20 med
381 648 29 27 ja
423 647 69 27 jomte
508 647 68 28 nägra
591 647 21 21 fä
628 649 40 26 nej.

142 681 59 21 Herr
217 681 155 27 Schauman,
389 681 20 21 J.
425 682 36 20 A.:
477 681 103 22 Rörande
595 681 41 22 den
652 682 63 27 äsigt,
727 683 33 20 till
770 683 54 21 hvil-

75 715 43 21 ken
146 716 240 21 talmanskonferensen
413 715 101 27 kommit,
536 716 8 20 i
568 715 62 28 fräga
657 723 34 14 om
719 717 105 28 uppkom-

75 752 48 19 sten
139 750 24 20 af
176 750 75 28 kongl.
267 750 118 21 resolution
401 750 28 27 pä
445 750 127 21 ständernas
588 751 109 20 allmänna
712 751 78 21 besvär
804 752 24 21 af

77 785 61 26 1786,
154 785 79 20 önskar
246 785 39 28 jag
300 785 23 20 fä
337 784 101 21 meddela
453 785 41 20 den
510 785 132 28 upplysning
657 787 32 18 att
699 786 94 21 nämnde
804 787 24 20 af

75 819 51 20 herr
141 819 67 20 baron
225 819 40 20 och
280 818 199 21 landtmarskalken
495 819 131 20 framhällna
641 819 57 28 äsigt
713 820 69 20 hvilar
798 821 28 27 pä

76 855 32 19 ett
126 853 133 28 fullkomligt
279 854 97 26 misstag.
412 852 42 28 Jag
472 854 40 20 har
534 853 40 21 här
597 853 90 21 framför
707 855 55 27 mig,
783 855 42 20 vis-

76 888 96 28 serligen
187 888 48 20 icke
250 887 132 28 protokollet
397 887 34 21 för
447 888 53 20 1786
516 888 34 20 års
569 887 99 29 riksdag,
687 895 49 14 men
752 888 7 20 i
776 889 50 21 stäl-

77 922 30 21 let
123 922 41 21 den
180 922 27 28 pä
223 922 80 21 officiel
318 923 41 26 väg
375 921 84 28 utgifna
475 921 215 29 riksdagstidningen
701 922 33 21 för
745 930 79 14 samma

78 958 30 26 är,
124 956 110 22 hvarifrän
247 956 40 28 jag
302 956 39 21 här
356 956 38 20 vill
409 956 91 28 uppläsa
515 956 107 28 följande:
638 956 59 27 ,Den
707 952 12 36 7
738 957 59 27 juni:

146 990 162 28 Ridderskapet
323 990 39 21 och
378 990 64 21 adeln
458 991 70 21 beslöt
543 991 7 20 i
566 990 118 28 anledning
699 991 25 20 af
735 993 32 19 ett
782 998 44 14 mc-

78 1026 77 21 morial
171 1032 46 14 som
232 1032 27 14 en
275 1025 24 21 af
311 1025 49 21 dess
376 1024 119 22 ledamöter
516 1025 98 27 ingifvit,
635 1027 32 19 att
686 1025 40 21 hos
746 1026 80 27 Kongl.

78 1060 62 28 Maj:t
158 1060 6 20 i
185 1059 175 28 underdänighet
380 1059 106 26 bönfalla,
507 1060 32 20 att
558 1059 80 27 Kongl.
658 1060 64 27 Maj:t
737 1060 6 20 i
759 1059 67 21 näder

78 1094 84 22 täektes
181 1094 32 20 till
234 1094 33 20 sin
283 1094 54 20 fulla
357 1094 82 27 lydolse
453 1094 78 27 förnya
546 1093 42 21 den
604 1093 79 28 nädiga
698 1093 129 28 förordning

78 1136 46 14 som
145 1128 79 28 Kongl.
245 1128 62 28 Maj:t
327 1127 69 21 under
412 1128 41 21 den
474 1129 26 19 26
522 1128 55 28 april
594 1128 54 21 1774
664 1128 52 27 sjelf
734 1128 93 27 behagat

78 1163 78 27 stadga
176 1163 39 20 och
235 1162 95 27 utfärda,
352 1162 113 28 angående
486 1162 166 28 tryckfriheten,
674 1164 55 18 samt
749 1164 31 18 att
801 1162 26 20 de

79 1204 83 20 senare,
175 1196 67 22 under
257 1197 51 21 åren
323 1196 53 21 1780
391 1196 39 21 och
443 1197 54 20 1785
508 1196 31 21 uti
552 1196 60 21 detta
628 1197 62 19 ämne
707 1196 120 20 tillkomme

78 1232 146 28 förklaringar
241 1232 39 20 och
294 1230 190 29 inskränkningar,
495 1231 126 27 därigenom
633 1230 65 20 mätte
710 1229 117 22 försvinna.

80 1267 40 21 Om
131 1266 88 20 hvilken
233 1265 136 28 underdänig
379 1265 83 21 önskan
477 1265 26 21 de
518 1265 69 27 öfrige
598 1264 95 22 Ständen
706 1264 70 21 skulle
792 1271 37 21 ge-

80 1308 49 14 nom
154 1300 84 28 Utdrag
263 1300 24 21 af
309 1300 132 27 protokollet
466 1300 143 20 underrättas.
648 1298 46 21 Och
714 1298 65 21 sedan
802 1298 26 20 de

80 1341 77 14 senare
181 1333 97 21 Ständen
304 1333 71 20 häruti
400 1333 48 20 med
466 1333 161 26 Ridderskapot
646 1333 40 18 och
705 1331 71 21 Adeln
796 1332 33 19 in-

81 1369 71 24 stämt,
163 1367 73 27 afgick
246 1367 33 20 till
290 1367 79 27 Kongl.
380 1367 62 26 Maj:t
457 1367 71 20 denna
543 1365 149 27 underdäniga
708 1365 122 20 skrifvelse.

218 1401 168 27 Stormäktigste
402 1400 161 27 Allernädigste
574 1399 116 28 Konung!"

150 1436 25 21 O.
192 1443 15 13 s.
224 1443 19 13 v.
260 1443 18 13 0.
295 1443 16 13 8.
328 1443 18 12 v.
