1023 1700
761 124 38 20 331

85 188 198 29 öfverläggningar,
303 188 98 22 anhåller
418 189 40 27 jag
476 188 66 22 likväl
561 190 32 19 att
608 188 7 20 i
631 188 67 28 några
713 187 65 22 enkla
794 187 39 22 ord

84 224 22 20 få
126 225 52 19 äran
196 224 69 20 uttala
283 223 45 21 min
348 223 140 28 uppfattning
508 223 24 20 af
547 223 83 27 frågan.
659 222 35 21 Då
714 222 37 21 det
765 223 68 27 gäller

84 259 31 19 ett
130 257 73 21 beslut
222 264 45 14 som
287 258 53 20 nära
359 257 64 21 berör
440 259 30 19 ett
485 257 23 21 af
521 257 49 21 vårt
588 256 115 21 samhälles
718 256 117 27 lifsvilkor,

83 292 38 20 vill
139 292 40 27 jag
198 291 48 21 icke
266 291 44 21 låta
331 290 114 22 afskräcka
464 291 45 28 mig
528 291 49 21 från
597 292 32 20 att
649 290 112 28 frimodigt
774 292 60 26 yttra

84 325 57 21 hvad
158 326 39 28 jag
217 325 84 27 tänker,
317 326 69 20 ehuru
401 326 40 27 jag
454 327 38 19 vet
507 325 46 28 mig
567 332 52 14 vara
634 325 7 21 i
657 325 82 21 saknad
755 325 23 20 af
791 325 43 21 den

84 360 146 21 framstående
245 360 170 28 talareförmåga
430 360 60 21 öfver
505 360 90 21 hvilken
610 360 24 20 så
651 360 94 27 mången
763 366 71 14 annan

84 394 40 21 har
138 394 79 28 lyckan
231 394 75 21 kunna
321 394 109 21 förordna.

152 429 40 20 Att
207 428 36 21 det
259 428 70 21 finska
343 428 70 21 folket
428 427 79 22 önskar
521 427 23 21 få
557 427 154 28 tillgodonjuta
721 427 42 21 den
774 429 60 19 ovär-

86 462 83 28 derliga
189 462 113 21 förmånen
323 462 24 21 af
363 461 121 29 periodiskt
502 461 178 22 återkommande
699 461 136 28 landtdagar,

86 497 60 21 Mina
160 497 82 26 herrar,
253 496 74 21 derom
343 499 24 18 är
381 497 38 20 vår
435 496 78 27 nådige
525 496 120 21 Storfurste
655 496 125 27 säkerligen
790 495 46 21 lika

86 531 35 20 väl
136 530 141 21 underrättad
293 537 46 14 som
354 531 72 28 någon
442 531 23 20 af
479 530 25 21 de
520 531 39 20 här
573 530 130 21 församlade
714 529 121 22 folkombu-

87 565 49 21 den.
165 565 47 28 Mig
227 572 64 21 synes
307 565 86 21 derföre
409 566 124 21 åtminstone
549 565 107 29 obehöfligt
671 566 32 19 att
718 565 7 21 i
741 571 27 14 en
783 565 53 21 alle-

87 602 49 19 nast
151 600 33 20 för
200 600 59 20 detta
274 600 99 21 ändamål
389 601 89 27 uppsatt
492 599 93 29 petition
599 599 33 21 till
642 600 80 20 honom
732 599 104 21 framföra

88 636 32 19 ett
140 634 145 21 såbeskaffadt
305 634 170 28 önskningsmål.
506 634 43 28 Jag
563 634 67 27 vågar
646 635 65 27 öppet
725 633 111 27 bekänna,

87 669 7 20 i
110 670 64 19 trotts
189 668 24 21 af
231 668 37 21 det
287 668 94 28 myckna
400 675 45 14 som
461 668 59 21 inom
536 668 138 21 riksstånden
690 668 40 20 och
745 667 91 21 hufvud-

88 703 149 27 stadspressen
252 703 68 20 redan
335 702 72 22 blifvit
422 702 39 21 och
477 703 94 27 troligen
587 702 72 21 vidare
670 702 79 20 blifver
760 708 77 14 annor-

88 737 66 21 lunda
174 736 71 29 ordat,
261 738 31 20 att
307 737 69 27 enligt
391 736 44 21 min
451 736 64 28 åsigt,
531 743 27 14 en
574 736 60 28 dylik
649 736 76 28 åtgärd
741 735 96 28 ohjelpe-

88 772 60 27 ligen
163 771 86 21 komme
265 772 32 20 att
312 779 61 13 anses
388 770 104 21 innebära
508 772 31 19 ett
554 770 129 28 visserligen
696 769 142 27 bemantladt,

89 812 51 14 men
164 806 19 27 ej
201 805 84 21 derföre
300 805 85 21 mindre
399 805 118 27 obefogadt
532 805 40 20 och
588 804 91 21 sårande
694 804 144 20 misstroende

90 840 34 23 till
139 840 38 20 vår
192 839 119 21 frisinnade
323 839 130 21 Storfurstes
464 840 102 27 upplysta
576 839 40 21 och
627 838 48 21 ädla
685 838 88 28 åsigter.
796 838 44 27 Jag

90 874 82 21 tillåter
191 874 46 28 mig
253 874 83 28 jemväl
355 875 32 19 att
402 874 39 20 här
456 874 87 28 inlägga
558 874 85 27 protest
658 874 59 20 emot
735 872 36 21 det
786 872 7 20 i
808 872 31 21 tal

91 909 40 23 och
146 908 7 21 i
168 909 63 27 tryck
246 908 78 28 gjorda
338 908 128 28 påståendet
482 910 31 19 att
529 915 28 14 en
572 908 7 20 i
595 908 56 20 form
661 907 24 21 af
693 906 147 28 tacksägelse-

90 943 85 27 adress,
191 943 53 21 eller
259 944 81 20 rättare
359 943 3 21 i
378 943 156 28 sammanhang
549 942 50 21 med
615 949 27 14 en
657 942 67 20 sådan
739 942 8 20 i
762 941 78 22 under-

91 978 104 28 dånighet
209 978 84 20 uttalad
308 978 83 20 önskan
407 984 35 14 om
457 976 182 28 tidsbestämning
654 976 35 21 för
703 977 53 20 våra
770 976 70 20 landt-

91 1013 78 27 dagars
184 1012 149 28 regelbundna
349 1012 126 26 återkomst,
492 1012 69 21 skulle
577 1008 52 24 vara
639 1013 32 18 att
681 1014 51 25 taga
738 1010 63 28 fasta
809 1012 32 26 på

90 1048 126 20 monarkens
236 1046 65 28 löften
323 1047 54 20 eller
397 1047 54 28 vilja
472 1046 64 22 binda
555 1046 29 21 H.
604 1046 66 28 Maj:t
689 1045 37 21 vid
743 1048 28 18 ett
791 1044 51 28 löfte

92 1089 43 14 som
149 1082 42 20 han
205 1082 44 20 icke
264 1085 69 17 ansett
347 1082 31 28 sig
393 1084 60 18 ännu
468 1081 51 22 böra
532 1080 93 29 afgifva.
647 1079 61 21 Mina
718 1079 82 26 herrar,
811 1080 32 19 att

92 1116 97 21 bönfalla
205 1122 35 15 om
255 1115 131 28 uppfyllelse
402 1115 24 21 af
440 1116 32 20 ett
486 1115 68 21 redan
570 1114 69 29 gifvet
650 1114 53 21 löfte
714 1120 51 14 vore
776 1114 7 20 i
794 1120 48 14 san-

92 1151 54 27 ning
161 1151 20 27 ej
197 1157 60 14 mera
272 1149 85 28 värdigt
372 1149 156 22 folkombuden
544 1151 27 19 än
587 1149 42 21 den
645 1149 57 27 höga
712 1155 86 21 person,
809 1148 34 20 till

92 1185 89 21 hvilken
197 1191 26 14 en
239 1184 60 28 dylik
314 1184 43 21 bön
373 1184 70 21 skulle
459 1184 80 21 ställas.
569 1183 52 21 Men
636 1183 39 20 här
691 1184 24 19 är
731 1182 36 21 det
778 1182 65 21 också

93 1219 77 21 endast
187 1219 63 27 fråga
271 1225 34 14 om
325 1221 31 18 att
373 1219 70 27 jemte
462 1218 112 21 uttalande
590 1217 23 22 af
627 1217 36 20 det
675 1217 73 20 finska
763 1217 80 30 folkets

93 1253 136 21 tacksamhet
243 1253 34 20 för
293 1253 36 20 det
344 1253 93 27 myckna
452 1253 56 27 goda
523 1259 47 14 som
584 1251 72 22 blifvit
666 1251 94 21 Finland
770 1250 74 28 gjordt

94 1288 40 20 och
152 1287 33 21 för
205 1287 117 21 framtiden
342 1282 114 31 utlofvadt,
471 1287 7 20 i
492 1286 173 27 underdånighet
681 1287 116 19 omnämna
816 1285 28 20 eri

94 1321 39 20 sak
148 1328 46 13 som
209 1321 7 19 i
232 1321 43 26 dag
289 1322 64 25 utgör
369 1322 31 19 ett
416 1320 24 20 af
453 1320 118 20 föremålen
587 1320 34 20 för
637 1319 35 21 det
683 1319 70 20 finska
763 1312 80 27 folkets

94 1354 102 27 lifligaste
223 1354 139 27 önskningar,
391 1353 176 21 öfverlemnande
590 1351 210 29 förhoppningsfullt
822 1350 23 22 åt

93 1389 107 27 regenten
215 1389 31 19 att
262 1388 75 21 dervid
351 1388 57 20 fästa
423 1387 36 21 det
474 1387 80 27 nådiga
569 1386 102 22 afseende
686 1386 44 22 han
741 1386 7 20 i
759 1386 33 20 sin
802 1385 42 21 vis-

95 1422 38 21 het
148 1422 39 21 och
203 1422 76 21 kärlek
294 1422 34 21 för
343 1422 52 28 godt
409 1422 40 21 och
464 1422 86 28 möjligt
565 1421 76 21 finner.
