1003 1692
771 132 27 20 59

147 194 112 22 Anmältes
275 196 39 21 och
330 198 107 27 emottogs
452 204 27 14 en
495 196 127 29 deputation
633 197 48 21 från
692 198 133 27 prestastån-

78 228 45 27 det;
144 228 88 22 hvilken
253 230 32 20 till
306 230 150 28 ridderskapet
477 232 39 20 och
537 231 63 21 adeln
616 231 161 21 öfverlemnade
793 234 34 18 ut-

78 262 53 27 drag
151 262 24 21 af
190 264 171 26 prestaståndets
377 264 41 21 den
433 265 26 20 26
475 265 7 20 i
498 265 71 20 denne
585 264 77 21 månad
677 265 62 20 förda
754 267 72 25 proto-

77 295 45 21 koll
142 296 37 20 vid
198 297 120 21 verkstäldt
336 298 35 20 val
389 297 23 21 af
429 297 225 28 utskottsledamöter;
670 298 52 21 derå
737 298 88 29 deputa-

77 329 75 21 tionen
169 330 104 21 afträdde.

145 398 72 29 Fråga
232 399 88 21 väcktes
336 399 51 21 derå
402 399 106 22 huruvida
523 400 26 21 de
565 400 89 28 nyligen
668 401 65 20 bland
744 401 81 21 ridder-

78 433 77 28 skapet
175 433 40 21 och
236 433 63 21 adeln
319 433 131 22 verkställde
469 434 63 21 valen
548 434 24 21 af
585 435 121 20 ledamöter
721 435 39 20 och
776 442 49 21 sup-

77 467 100 28 pleanter
192 467 33 21 till
241 467 111 22 utskotten
366 468 66 21 borde
446 468 26 21 de
484 468 70 28 öfriga
567 469 90 20 stånden
668 469 106 28 delgifvas
786 469 40 21 och

77 501 92 21 beslöts:
185 503 31 20 att
231 502 153 28 deputationer
399 502 7 21 i
422 503 76 20 sådant
513 503 103 20 afseende
632 503 71 21 skulle
719 503 33 20 till
767 503 58 21 med-

77 535 92 21 stånden
192 536 49 27 afgå
263 537 40 20 och
326 536 77 28 utdrag
423 537 23 20 af
463 537 142 27 protokollet,
624 537 67 21 sedan
707 537 119 21 detsamma

77 569 72 20 blifvit
161 570 118 27 justeradt,
295 570 49 21 dem
360 570 186 28 tillhandahållas;
561 571 51 20 derå
628 570 105 21 särskilde
744 571 24 20 af
776 571 51 20 herr

77 603 200 21 landtmarskalken
298 604 90 21 utsedde
408 604 152 28 deputationer
581 605 88 27 afgingo
690 605 33 20 till
743 606 82 26 presta-

78 637 40 20 och
140 637 190 28 borgareståndet,
353 645 50 14 men
425 638 160 22 bondeståndet
603 639 106 20 anmältes
728 639 48 20 icke
792 639 34 20 för

77 672 135 21 närvarande
227 672 65 21 hafva
307 672 166 21 sammanträde.

145 706 114 21 Anmältes
275 708 32 19 att
322 706 144 27 elektorerne,
479 707 69 27 enligt
557 707 91 20 erhållet
658 707 98 28 uppdrag
763 706 62 21 verk-

77 740 60 21 ställt
157 740 35 21 val
214 741 33 20 till
269 740 121 23 ledamöter
409 741 7 20 i
436 741 242 21 talmanskonferensen
697 741 40 21 och
753 740 75 21 dertill

77 774 73 21 utsedt
165 775 40 20 N:o
222 776 12 19 5
249 775 75 28 grefve
339 775 103 26 Aminoff,
454 775 72 27 Adolf,
539 777 56 19 samt
606 775 41 21 N:o
656 776 39 20 281
705 782 42 14 von
756 775 69 20 Bons-

77 809 64 27 dorff,
157 809 50 21 herr
223 809 71 21 Johan
311 809 98 27 Gabriel,
425 809 111 22 äfvensom
548 811 32 20 att
590 810 51 20 herr
650 809 128 27 Schauman,
788 809 37 21 Jo-

77 843 35 21 sef
131 843 95 28 August,
249 843 73 21 blifvit
343 843 50 21 vald
415 845 31 19 att
469 844 122 28 ombesörja
611 843 121 21 ordnandet
747 843 23 21 af
784 843 41 21 den

77 884 162 21 gemensamma
253 878 225 27 klubbinrättningen.

145 946 43 20 Till
208 946 75 21 vidare
303 946 78 28 åtgärd
400 946 97 28 företogs
513 946 41 20 den
571 946 23 20 af
606 946 219 21 riddarhusdirektio-

77 986 43 15 nen
135 980 34 20 till
183 980 151 28 ridderskapet
349 980 40 21 och
404 980 64 21 adeln
480 980 134 28 hänskjutna
624 980 77 28 frågan
714 980 112 28 angående

76 1014 110 28 kaptenen
203 1014 23 21 af
239 1014 68 21 första
325 1021 82 21 rangen
426 1014 71 21 Johan
513 1014 62 21 Knut
589 1014 127 21 Woldemar
732 1014 94 28 Ugglas,

77 1048 76 22 amiral
176 1048 72 22 Johan
270 1048 113 22 Eberhard
404 1056 43 14 von
471 1048 104 22 Schantzs
595 1049 39 20 och
649 1048 98 28 verklige
763 1051 63 18 stats-

77 1083 62 21 rådet
161 1083 102 21 Theodor
284 1083 87 21 Bruuns
392 1084 100 20 anhållan
513 1084 32 20 att
565 1082 140 22 utbekomma
724 1083 103 27 polletter

77 1117 34 21 för
126 1119 31 19 att
173 1118 74 27 intaga
263 1119 45 19 säte
324 1118 13 20 &
351 1117 137 21 riddarhuset
503 1117 69 21 under
583 1116 118 29 påstående
713 1116 113 29 landtdag;

77 1151 32 21 uti
122 1151 84 21 hvilket
221 1152 81 20 ärende:
317 1151 222 21 riddarhusutskottet
554 1151 33 21 till
602 1151 54 27 följe
669 1151 23 21 af
705 1151 121 21 ridderska-

77 1187 48 25 pets
147 1185 38 21 och
206 1186 75 20 adelns
299 1186 76 20 remiss
391 1186 24 20 af
428 1186 40 20 den
485 1186 25 20 21
528 1185 7 20 i
551 1185 71 21 denne
638 1185 88 26 månad,
743 1185 84 20 inkom-

77 1219 40 20 mit
131 1219 50 20 med
195 1220 19 26 ej
231 1220 84 20 mindre
335 1221 80 19 tvänne
432 1219 165 26 betänkanden,
612 1219 46 20 deri
674 1219 106 20 utskottet
796 1218 30 21 af-

77 1253 72 27 styrkt
163 1253 61 21 bifall
240 1254 33 20 till
288 1254 109 27 kaptenen
411 1253 81 28 Ugglas
504 1253 40 21 och
555 1253 105 21 amiralen
671 1260 42 14 von
722 1252 104 21 Schantzs

77 1286 142 21 förenämnde
239 1287 108 27 anhållan,
368 1294 50 14 men
439 1288 97 20 deremot
556 1287 106 28 tillstyrkt.
679 1288 31 20 att
728 1286 98 28 verklige

77 1321 117 19 statsrådet
209 1321 87 19 Bruuns
311 1322 113 19 enahanda
438 1322 96 26 begäran
549 1322 67 18 måtte
628 1321 34 19 för
674 1321 71 19 denna
755 1320 70 20 landt-

77 1353 42 28 dag
134 1353 101 28 beviljas,
252 1356 27 18 än
295 1354 40 20 ock
350 1354 78 28 utdrag
443 1361 25 13 ur
483 1354 37 20 det
531 1354 36 20 vid
579 1354 101 20 ärendets
692 1354 134 26 behandling

77 1387 7 21 i
99 1387 106 30 utskottet
227 1388 60 20 förda
310 1388 118 27 protokoll,
451 1388 113 21 utvisande
585 1388 41 20 den
647 1387 45 22 deri
712 1387 114 28 förelupna

79 1421 140 29 omröstning.
