1011 1692
196 134 41 22 398

168 199 121 27 detaljerne
304 200 32 19 att
350 198 126 27 bestämma,
492 197 106 23 huruvida
614 197 175 29 ombesörjandet
804 197 24 21 af
840 198 78 28 vägars

169 234 40 20 och
229 234 75 20 broars
324 232 115 22 underhåll
459 233 66 21 borde
546 233 38 20 ske
605 240 77 20 genom
706 232 212 28 kronobetjeningen

169 268 54 21 eller
244 274 79 21 genom
344 267 298 28 kommunalförvaltningen,
659 267 21 21 åt
700 266 88 22 hvilken
804 267 43 21 viss
863 266 56 22 efter

169 302 103 21 behofvet
292 302 7 21 i
319 302 75 27 hvarje
415 301 103 22 kommun
538 301 181 29 proportionerad
741 309 84 14 summa
846 301 73 21 kunde

169 337 152 26 öfverlemnas,
337 337 34 20 för
386 337 31 20 att
433 336 89 21 dermed
536 337 46 21 låta
596 337 7 20 i
619 338 31 19 ett
665 337 34 20 för
715 336 39 21 allt
763 335 157 22 vidmakthålla

169 373 66 26 vägar
254 371 40 21 och
313 371 73 26 broar;
407 370 77 21 sådant
502 371 42 20 kan
561 371 68 27 enligt
645 371 44 20 min
705 370 146 28 öfvertygelse
867 372 52 19 utan

171 407 45 18 stor
232 405 112 27 svårighet
358 405 104 28 regleras.
493 405 48 21 Den
558 405 21 21 åt
591 405 140 28 jordegaren,
747 411 78 21 genom
840 405 80 27 skjuts-

170 440 64 27 nings
257 441 55 20 samt
333 441 49 26 väg-
399 440 40 20 och
454 439 152 28 brobyggnads
623 441 94 26 tungans
732 439 143 28 borttagande
891 446 29 14 nu

170 473 120 28 föreslagne
304 469 143 37 "godtgörelse
463 473 34 20 för
508 473 369 29 bränvinsbränningsrättighetens
889 473 30 21 af-

170 508 90 21 stäende
280 508 69 21 skulle
364 507 106 22 törhända
486 508 20 27 ej
523 508 98 21 medföra
636 508 79 21 honom
731 507 49 21 fullt
796 508 101 27 vederlag
913 508 7 20 i

170 543 118 28 pekuniärt
308 543 134 26 hänseende,
463 549 49 14 men
532 543 41 20 den
594 542 83 21 lemnar
695 542 109 21 dessutom
821 550 26 13 en
863 543 58 20 vinst

172 577 88 21 dermed
280 577 210 21 incommensurabel
510 577 7 20 i
538 579 68 19 större
627 577 109 28 sedlighet
756 577 40 21 och
811 577 110 22 moralitet

172 611 39 22 och
228 611 69 21 denne
312 613 24 19 är
351 611 24 21 af
387 611 68 28 högre
470 611 72 21 värde.
573 611 51 21 Man
640 611 39 20 bör
695 611 40 21 ock
748 611 91 21 besinna
851 613 31 20 att
893 619 27 14 en

172 645 65 22 sädan
258 647 68 27 tunga
345 646 20 27 ej
386 645 8 22 i
415 645 66 22 andra
502 645 82 28 länder,
605 647 59 19 utom
685 646 6 20 i
713 645 89 28 Sverige
822 646 40 21 och
877 648 44 19 tör-

172 680 72 22 hända
260 682 57 19 ännu
332 681 7 20 i
353 680 100 28 Norrige,
469 679 96 22 vidläder
579 679 86 28 jorden.

240 714 34 21 De
290 715 23 20 af
327 715 41 20 den
384 716 86 19 senaste
486 714 65 21 värda
564 715 81 20 talaren
659 714 49 21 herr
720 715 137 28 Gripenberg
867 722 54 22 upp-

172 749 60 29 gifne
251 749 71 20 siffror
343 748 60 21 öfver
424 748 118 21 kostnader
564 749 34 20 för
620 750 77 26 vägars
720 749 114 21 underhäll
857 757 64 21 synes

172 784 129 27 visserligen
321 783 84 28 ingifva
425 783 131 21 tvifvelsmäl
579 790 34 14 om
636 783 144 28 möjligheten
803 784 24 21 af
844 785 78 20 mälets

172 818 116 27 vinnande,
303 817 26 22 de
344 817 69 21 mäste
429 817 54 21 dock
500 818 89 21 härröra
601 818 24 20 af
634 817 158 28 exceptionella
805 819 117 21 förhällan-

174 854 52 27 den,
246 854 40 20 och
304 853 22 21 fä
341 854 20 27 ej
377 853 77 21 härvid
469 854 61 27 tagas
546 853 7 20 i
569 852 122 28 beräkning
706 855 52 19 enär
774 853 63 21 äfven
853 854 70 21 blotta

174 888 142 28 möjligheten
337 889 31 19 att
387 894 26 14 en
435 887 66 21 sädan
516 887 56 28 dryg
586 887 92 21 kostnad
694 887 42 21 kan
752 888 86 20 komma
853 888 70 28 ifräga

174 930 50 14 men
240 923 36 21 det
298 922 125 28 tydligaste,
439 924 55 18 mest
513 922 6 20 i
540 924 85 25 ögonen
645 921 94 21 fallande
760 922 60 21 bevis
835 922 28 28 pä
878 923 43 21 rik-

174 958 100 27 tigheten
290 956 24 21 af
327 956 36 21 det
377 956 128 28 påstående,
526 958 32 20 att
578 956 70 21 denna
666 958 67 26 tunga
748 956 48 22 icke
811 958 23 19 är
849 957 74 21 fören-

175 992 31 27 lig
221 992 50 20 med
284 990 136 28 jordbruket,
436 992 53 19 utan
503 991 69 21 måste
588 990 96 21 derifrän
699 990 93 28 aflyftas.

242 1025 76 21 Skulle
334 1024 61 22 desse
412 1032 29 14 nu
457 1025 23 21 af
493 1026 45 27 mig
553 1025 97 20 uttalade
662 1025 81 27 äsigter
754 1032 62 14 anses
828 1026 95 28 förtjena

174 1060 101 21 afseende
290 1059 68 21 borde
374 1059 128 27 emellertid,
517 1060 29 28 pä
561 1059 36 21 det
612 1059 42 21 den
661 1059 167 28 privilegierade
837 1060 86 27 jorden,

174 1102 45 13 som
236 1102 30 13 nu
281 1094 48 20 icke
343 1094 7 20 i
367 1094 219 28 skjutsningstungan
601 1093 104 28 deltager,
722 1094 19 27 ej
762 1094 2 20 i
780 1094 84 20 mindre
879 1094 44 21 för-

174 1128 111 27 hällande,
305 1130 27 19 än
351 1128 127 28 lägenheter
497 1128 23 20 af
538 1135 72 14 annan
625 1130 70 24 natur,
712 1128 57 28 finge
784 1128 139 28 godtgörelse

174 1164 34 20 för
228 1163 40 20 den
290 1162 99 21 afstädda
409 1162 34 20 för
463 1162 28 20 all
509 1162 51 28 jord
582 1162 45 21 lika
647 1162 145 28 fördelaktiga
811 1163 112 21 bränvins-

174 1197 261 28 bränningsrättigheten,
451 1203 26 13 en
494 1197 76 28 ätgärd
585 1196 85 28 föregä,
686 1196 110 28 nemligen
811 1197 113 28 uppskatt-

174 1232 54 26 ning
243 1232 33 19 till
292 1232 53 19 visst
360 1231 65 19 värde
441 1231 24 19 af
478 1231 65 27 sagde
556 1230 62 28 jords
633 1230 66 20 frihet
715 1231 48 19 frän
779 1231 145 27 skjutsnings-

174 1266 106 24 besväret,
298 1264 59 21 detta
372 1264 77 20 värdes
464 1264 166 27 kapitalisering
646 1264 39 20 och
700 1264 117 28 kapitalets
832 1264 93 21 utbetal-

174 1300 54 26 ning
243 1298 23 21 ät
278 1298 131 28 jordägaren
425 1298 48 20 frän
489 1298 27 20 de
532 1305 77 21 genom
626 1297 190 22 bränvinsskatten
832 1298 92 21 influtne

174 1332 80 28 medel;
271 1333 142 28 hvarigenom
429 1332 43 21 alla
488 1332 80 21 skedde
584 1332 44 21 lika
643 1334 50 18 rätt.

244 1367 168 27 Otvifvelaktigt
433 1366 69 22 skulle
523 1367 24 21 af
560 1366 191 22 bränvinsskatten
767 1368 58 20 ännu
840 1367 85 29 ärligen

176 1404 58 20 stora
254 1409 95 14 summor
369 1402 90 27 äterstä,
475 1402 86 21 hvartill
582 1401 66 22 borde
669 1402 35 21 väl
725 1402 25 21 de
772 1401 153 23 företrädesvis

176 1437 123 23 användas?
331 1437 42 30 Jag
391 1437 62 21 utber
472 1436 44 29 mig
534 1439 32 19 att
582 1437 62 21 äfven
661 1437 74 21 härom
751 1437 21 21 fä
787 1437 92 22 aflemna
895 1439 31 20 ett
