998 1695
206 138 41 20 324

180 205 31 19 ett
224 202 77 22 sådant
314 200 126 21 statsskicks
452 200 185 28 ändamålsenliga
649 200 132 28 utveckling,
793 200 55 22 skall
860 202 69 20 emot-

178 240 62 25 tagas
256 235 50 22 med
321 234 42 21 den
378 235 80 20 största
472 234 102 21 erkänsla
589 234 40 21 och
645 236 57 19 ännu
717 241 60 15 mera
788 235 85 21 befästa
886 235 41 21 den

178 278 74 15 varma
266 268 148 30 tillgifvenhet
430 268 40 21 och
485 268 37 21 det
537 268 132 27 förtroende,
685 276 46 14 som
746 269 25 21 E.
786 269 51 21 M:ts
849 271 79 25 trogna

178 306 70 22 finska
262 304 128 22 undersåter
405 302 62 21 alltid
481 302 50 28 hyst
546 303 34 21 för
596 302 31 21 sin
644 303 102 21 monarks
762 303 49 21 ädla
821 303 43 21 och:
874 304 53 27 hög-

178 341 56 21 sinta
256 337 168 31 personlighet",
448 344 19 14 o.
486 344 16 14 s.
518 345 19 13 v.
555 350 23 2 —
596 338 39 20 när
655 337 51 21 herr
725 337 201 21 landtmarskalken

178 374 96 22 uttalade
295 373 63 21 dessa
378 371 48 27 ord,
447 372 23 20 så
490 371 72 21 talade
582 372 52 26 han,
653 372 86 27 värdigt
754 372 42 21 den
811 372 57 28 plats
883 372 44 20 han

176 409 38 22 vid
233 408 71 21 denna
324 406 105 27 landtdag
447 406 102 25 innehar,
570 405 85 28 värdigt
674 405 105 21 Finlands
799 406 127 28 ridderskap

178 443 40 22 och
238 441 58 27 adel,
317 440 49 26 ord,
383 439 74 21 hvilka
472 439 66 28 gingo
555 446 34 14 oss
605 439 42 21 alla
662 439 122 28 uppriktigt
800 447 25 14 ur
839 439 88 29 hjertat.

178 491 28 2 —
222 476 66 22 Skola
303 475 22 21 vi
340 474 35 21 väl
390 474 55 27 våga
460 474 117 20 förutsätta
592 475 31 19 att
637 474 103 27 kejsaren
754 474 48 21 icke
817 474 110 27 värdigats

177 513 74 27 lyssna
271 509 33 22 till
325 509 63 20 dessa
408 507 54 21 ord?
485 507 67 21 Skola
566 508 22 20 vi
603 514 53 15 anse
671 507 76 29 nödigt
762 509 32 20 att
809 507 74 22 affatta
899 515 26 13 en

178 545 93 22 särskild
290 543 84 26 adress,
394 542 33 21 för
448 543 32 20 att
498 543 59 20 ännu
572 549 27 14 en
615 542 58 28 gång
688 549 98 22 upprepa
802 542 124 21 desamma?

176 580 61 22 Eller
252 578 62 21 skola
328 577 22 21 vi
366 577 53 20 söka
434 583 99 20 sannare,
549 575 114 29 värdigare
678 576 39 21 ord
731 577 34 20 för
781 578 31 19 att
825 577 102 27 uttrycka

177 615 51 21 våra
242 612 103 23 känslor?
363 623 23 4 —
401 611 39 28 jag
454 613 46 18 tror
515 610 122 29 uppriktigt
653 612 31 20 att
699 611 21 20 vi
736 611 70 21 skulle
821 613 54 26 göra
890 611 37 21 det

177 649 91 27 fåfängt.

244 682 79 22 Redan
345 688 25 14 ur
391 681 70 20 denna
482 687 41 14 ena
543 680 110 28 synpunkt
673 687 64 14 anser
750 680 39 29 jag
804 680 84 21 formen
905 681 24 20 af

177 726 27 14 en
219 715 212 29 tacksägelseadress
446 715 34 20 för
496 715 101 27 omöjlig,
614 714 40 21 och
667 715 40 27 jag
721 715 105 21 behöfver
840 715 87 21 derföre

177 753 49 21 icke
240 753 100 19 närmare
356 748 102 22 betrakta
472 748 42 21 den
530 755 25 14 ur
570 748 72 28 någon
658 755 79 15 annan.

245 779 100 28 Återstår
360 782 84 22 således
459 783 34 21 för
509 783 45 27 mig
569 782 77 21 endast
660 783 85 20 formen
757 783 25 21 af
791 790 26 14 en
825 783 101 28 petition.

178 833 23 3 —
215 820 51 21 Man
281 818 77 28 tyckes
372 824 30 14 nu
417 817 33 21 för
466 816 58 22 tiden
540 817 29 29 på
583 817 54 21 flera
647 817 45 21 håll
702 824 52 14 vara
766 817 95 21 särdeles
873 824 54 20 upp-

177 853 87 23 skrämd
280 853 34 21 för
328 852 69 21 blotta
414 851 71 21 ordet:
501 851 99 27 petition.
629 850 52 21 Man
697 851 75 28 tyckes
787 851 101 21 betrakta
899 857 27 14 en

177 888 93 30 petition
289 888 78 21 nästan
387 892 46 15 som
454 892 27 14 en
502 884 141 29 våldsbragd,
667 892 45 14 som
733 887 32 19 ett
785 885 141 21 röfvarhand-

177 930 75 21 grepp.
282 921 48 22 Och
349 920 56 21 dock
425 921 24 19 är
466 921 26 27 ju
513 926 27 14 en
559 919 93 28 petition
671 919 7 20 i
699 919 78 28 sjelfva
795 919 77 21 verket
891 919 36 21 det

176 957 127 21 frommaste
319 955 23 21 af
356 955 47 20 allt:
420 961 26 14 en
462 953 100 28 ödmjukt
577 953 82 21 uttalad
675 953 89 22 önskan.
787 947 140 28 Åtminstone

177 993 36 20 vet
228 991 48 21 icke
289 991 46 27 jag,
351 990 31 19 att
397 989 70 26 någon
480 987 31 21 uti
524 988 71 21 denna
608 987 128 28 församling
747 988 70 21 skulle
827 988 29 21 ha
864 988 63 21 tänkt

176 1025 58 28 uppå
254 1026 32 19 att
306 1023 64 21 ställa
385 1023 42 20 den
442 1022 103 27 petition,
561 1022 89 21 hvarom
666 1029 29 14 nu
710 1024 24 19 är
749 1022 68 27 fråga,
833 1023 32 20 uti
881 1023 45 26 ord,

177 1067 46 13 som
239 1065 38 14 ens
292 1058 28 28 på
336 1057 130 27 aflägsnaste
481 1056 45 20 håll
541 1055 72 21 kunde
629 1063 64 13 anses
708 1056 35 21 för
757 1056 120 27 pockande.

245 1092 52 21 Men
313 1098 26 13 en
355 1091 92 28 petition
460 1102 26 3 —
498 1092 62 25 säger
575 1090 26 19 hr
617 1089 137 28 Gripenberg
769 1089 7 21 i
792 1090 37 20 sitt
845 1097 81 14 memo-

178 1127 47 27 rial,
238 1139 23 3 —
273 1126 56 21 huru
345 1132 50 13 man
410 1126 27 19 än
453 1123 35 21 må
503 1123 62 21 ställa
580 1123 49 27 den,
645 1123 24 20 så
683 1123 69 21 måste
763 1123 42 21 den
815 1130 48 15 mer
874 1124 53 21 eller

178 1161 84 21 mindre
281 1161 81 26 antaga
381 1158 77 27 färgen
479 1157 25 21 af
521 1165 27 13 en
568 1157 111 28 otålighet.
709 1157 36 21 Må
759 1164 62 20 vara,
834 1157 40 28 jag
888 1158 38 20 vill

177 1194 109 29 medgifva
302 1193 69 27 detta;
386 1199 51 14 men
453 1193 23 20 är
492 1192 36 21 det
544 1191 27 22 då
586 1191 20 28 ej
623 1193 70 25 sannt,
709 1193 31 19 att
755 1191 22 21 vi
787 1191 79 22 liksom
877 1192 50 21 hela

176 1229 70 20 finska
261 1228 69 20 folket
344 1227 50 26 med
410 1233 27 14 en
452 1226 33 20 till
501 1225 105 27 otålighet
621 1238 24 3 —
657 1233 50 13 men
725 1225 36 21 det
775 1225 39 21 bör
830 1226 95 21 märkas:

171 1263 60 27 finsk
246 1261 108 28 otålighet!
370 1272 24 3 —
412 1259 122 27 gränsande
549 1259 90 26 längtan
655 1260 65 19 vänta
735 1259 28 27 på
778 1259 42 20 den
835 1259 90 25 reform,

176 1302 80 22 genom
276 1294 89 22 hvilken
384 1293 22 21 vi
424 1293 7 20 i
446 1293 65 27 lagen
527 1292 69 21 skulle
612 1298 23 14 se
651 1298 35 15 oss
701 1292 128 21 försäkrade
845 1299 34 14 om
895 1294 32 19 ett

176 1329 144 29 regelbundet
342 1327 176 22 konstitutionelt
540 1326 166 22 samhällsskick
726 1326 40 22 och
785 1334 35 14 om
835 1334 28 14 en
878 1326 48 22 icke

176 1372 60 14 mera
252 1364 102 21 afbruten
369 1362 126 27 utveckling
511 1361 23 20 af
546 1361 38 21 vår
599 1361 139 28 lagstiftning
753 1361 40 21 och
809 1361 42 21 alla
865 1361 65 21 deraf

177 1398 109 23 beroende
308 1396 165 23 förhållanden?
500 1395 46 22 Och
566 1395 61 22 skola
646 1395 21 22 vi
682 1396 35 21 väl
732 1395 35 21 för
782 1395 37 21 vår
834 1395 93 22 monark

178 1434 79 27 förtiga
272 1432 74 21 detta?
362 1431 49 28 Nej,
427 1431 45 20 lika
486 1430 97 28 naturlig
598 1437 45 14 som
660 1430 77 28 sjelfva
753 1430 71 21 denna
838 1431 88 28 längtan
