1003 1695
213 142 42 21 380

184 207 42 21 den
241 207 34 20 för
290 206 349 27 bränvinsbränningskontrollen
654 206 144 27 erforderliga
807 207 95 27 utgiften
913 207 24 20 af

185 242 91 25 200,000
292 241 68 26 mark,
375 241 33 20 får
424 248 49 13 man
490 241 40 20 den
543 241 113 27 ansenliga
667 247 98 14 summan
775 241 24 20 af
808 242 126 26 11,345,240

183 283 28 14 m.
231 283 46 14 som
297 275 41 21 den
357 283 44 20 nya
415 275 313 28 bränvinsbränningsskatten
743 275 67 21 borde
825 275 108 28 inbringa.

184 311 51 20 Men
251 309 34 22 för
300 311 32 19 att
347 310 87 20 komma
450 309 32 20 till
499 309 133 22 sistnämnde
648 309 132 28 behållning,
797 310 68 21 måste
877 310 58 21 skatt

183 345 100 27 erläggas
299 344 34 21 för
348 351 46 14 mer
409 345 27 19 än
453 345 26 27 73
493 344 102 28 miljoner
605 344 84 20 kannor
700 344 98 27 bränvin,
808 357 25 2 —
842 345 91 20 emedan

184 379 68 27 högre
272 379 57 20 skatt
349 380 26 19 än
392 376 41 23 den
449 378 24 21 af
486 378 131 28 regeringen
634 374 123 32 föreslagne
774 379 53 20 eller
844 380 9 19 1
871 379 63 21 mark

185 414 27 20 50
227 413 65 27 penni
308 413 49 21 icke
373 413 96 27 skäligen
486 412 42 21 kan
544 413 114 27 påräknas,
675 419 35 13 om
722 412 37 21 det
770 413 56 20 skall
837 413 30 21 bli
878 413 55 27 möj-

183 448 41 28 ligt
238 448 34 21 för
288 447 106 27 styrelsen
412 448 31 20 att
458 446 136 22 förekomma
609 446 134 28 insmugling
757 447 23 21 af
792 450 64 19 större
867 455 65 21 qvan-

184 483 66 21 titeter
270 482 92 20 bränvin
384 481 48 21 från
454 481 151 28 angränsande
628 481 83 21 länder.
742 481 41 21 Om
802 488 50 14 man
868 482 66 21 också

183 517 48 21 icke
247 516 109 22 beräknar
371 516 42 21 den
430 516 106 28 qvantitet
551 516 92 20 bränvin
659 523 46 13 som
721 522 79 22 genom
815 516 118 22 lönnbrän-

183 552 54 28 ning
257 552 40 20 och
316 551 133 27 insmugling
470 551 6 20 i
495 551 44 20 alla
553 550 115 21 händelser
684 550 138 27 tillkommer,
838 551 32 20 till
887 558 46 14 mer

184 588 27 18 än
226 588 14 26 3
255 586 77 27 miljon
347 586 93 25 kannor,
462 586 63 27 utgör
540 584 51 22 hela
606 585 136 27 qvantiteten
759 585 89 21 bränvin
864 592 46 14 som
926 586 7 20 i

182 620 74 21 landet
277 620 90 21 sålunda
387 620 69 20 skulle
477 620 69 20 måsta
566 620 103 26 förtäras,
690 620 12 20 8
722 620 101 27 miljoner
841 620 90 21 kannor.

182 655 35 21 En
232 656 7 20 i
255 655 93 27 sanning
363 661 43 21 nog
420 654 98 28 betydlig
534 654 107 28 qvantitet
656 654 91 20 bränvin
763 654 34 20 för
811 661 27 14 en
848 654 84 22 befolk-

183 690 54 28 ning
251 689 25 21 af
289 688 84 21 mindre
389 690 27 19 än
433 689 12 20 2
460 689 102 27 miljoner
578 689 131 20 menniskor.

242 724 43 20 "Då
305 723 37 21 det
361 723 61 21 torde
443 730 52 14 vara
515 730 27 14 en
559 723 141 27 obestridelig
715 724 93 28 sanning
823 726 31 18 att
868 724 63 21 brän-

183 758 210 28 vinsproduktionen
408 757 99 21 kommer
522 759 31 19 att
569 759 56 19 rätta
641 758 33 27 sig
690 757 56 21 efter
756 758 175 27 konsumtionen,

182 793 112 21 äfvensom
311 794 32 18 att
357 792 80 20 folkets
452 792 110 20 moralitet
578 793 23 19 är
617 791 37 21 det
669 792 55 21 enda
736 792 63 21 säkra
810 793 122 21 bollverket

183 829 59 19 emot
257 826 132 21 missbruket
405 826 23 20 af
441 826 91 21 bränvin
549 826 40 21 och
604 826 67 20 andra
686 827 140 27 rusgifvande
841 827 91 28 drycker

182 861 39 21 och
237 861 28 20 då
280 861 21 21 vi
316 861 53 20 böra
382 861 74 20 kunna
471 861 83 27 hoppas
569 861 32 20 att
616 860 21 21 vi
653 860 49 21 med
718 861 101 21 afseende
829 861 12 21 å
851 861 80 22 folkets

182 895 116 26 moralitet,
315 895 38 20 allt
369 901 45 14 mer
430 895 40 20 och
485 901 47 14 mer
548 896 75 19 närma
639 901 34 14 oss
690 901 26 14 en
732 895 71 21 bättre
819 895 40 22 och
871 896 60 28 lyck-

181 930 69 27 ligare
269 929 40 26 tid,
330 936 63 20 synes
413 935 49 14 man
483 929 64 20 häraf
560 929 39 20 allt
614 929 74 20 kunna
704 929 66 28 draga
786 929 41 22 den
843 930 88 21 slutsat-

182 971 48 14 sen:
247 965 31 19 att
294 963 41 20 den
351 963 153 28 presumerade
520 963 198 27 bränvinsskatten,
734 964 24 20 år
773 964 56 21 ifrån
843 965 23 20 år
877 965 54 21 min-

182 998 56 26 skas,
254 998 44 21 tills
314 997 40 21 den
372 997 102 28 slutligen
488 997 42 21 blir
544 1004 27 13 en
587 997 156 28 obetydlighet.
764 998 75 21 Under
850 999 81 21 sådana

181 1032 152 21 förhållanden
353 1032 38 20 har
411 1039 50 13 man
481 1031 39 21 allt
539 1031 47 21 skäl
604 1033 31 19 att
650 1032 98 21 förmoda
764 1033 36 20 det
815 1034 115 21 statsmak-

181 1069 62 19 terna
257 1066 50 22 med
322 1066 92 28 mycken
430 1067 124 21 varsamhet
571 1066 50 22 böra
638 1067 27 27 gå
680 1067 33 21 till
728 1069 56 27 väga
798 1067 26 22 då
835 1067 62 29 fråga
907 1070 24 20 är

181 1103 32 19 att
229 1101 85 21 minska
329 1101 144 20 statsverkets
489 1101 123 21 nuvarande
628 1102 124 27 tillgångar.

249 1135 72 21 Sedan
335 1136 39 27 jag
389 1142 28 14 nu
434 1136 53 20 trott
502 1136 45 27 mig
562 1136 65 20 hafva
642 1136 116 28 ådagalagt
773 1139 31 18 att
819 1136 37 22 det
872 1139 58 20 ännu

181 1172 23 19 är
219 1170 34 21 för
266 1170 65 26 tidigt
347 1171 30 19 att
392 1169 48 21 från
453 1170 130 27 jordbruket
593 1170 75 27 aflyfta
679 1170 165 28 grundskatten,
856 1172 74 21 äfven-

181 1211 46 14 som
243 1206 32 19 att
288 1204 137 20 underhållet
440 1204 24 20 af
477 1204 64 21 broar
554 1204 40 21 och
605 1204 131 28 landsvägar
748 1207 55 19 samt
814 1206 115 28 hållskjut-

181 1245 38 13 sen
238 1238 48 20 icke
302 1238 52 20 bära
370 1238 110 20 åhvälfvas
497 1240 81 24 staten,
599 1239 63 19 utber
675 1240 39 26 jag
729 1240 45 26 mig
790 1241 31 18 att
835 1240 22 20 få
873 1241 57 20 fästa

179 1271 120 27 höglofliga
318 1271 162 27 riddarskapets
502 1271 39 20 och
561 1271 75 20 adelns
652 1273 192 26 uppmärksamhet
859 1273 28 28 på
903 1274 26 21 de

179 1305 80 29 många
279 1305 40 20 och
339 1304 191 29 maktpåliggande
551 1305 91 28 utgifter
662 1306 7 21 i
684 1306 41 21 och
740 1307 34 20 för
787 1307 141 28 jordbrukets

179 1339 162 30 upphjelpande
361 1340 8 19 i
388 1339 74 21 landet
477 1339 73 21 hvilka
565 1340 67 21 borde
648 1341 121 28 behjertas,
786 1342 39 21 och
841 1342 87 21 hvartill

179 1375 72 21 medel
266 1375 105 28 möjligen
387 1375 69 20 skulle
472 1375 74 20 kunna
562 1375 102 27 erhållas,
681 1383 34 14 om
726 1377 105 28 förslaget
841 1377 34 21 till
886 1378 41 21 den

179 1417 42 21 nya
239 1409 270 29 bränvinslagstiftningen
526 1409 76 22 vinner
618 1411 128 21 ständernas
762 1411 165 29 godkännande.

179 1445 33 24 En
235 1445 54 20 hvar
311 1444 24 21 af
353 1451 34 14 oss
407 1446 36 19 vet
463 1446 33 20 att
514 1445 105 21 Finlands
639 1446 121 30 inbyggare
781 1446 48 22 lidit
849 1449 78 27 ytterst
