1028 1703
201 167 25 19 16

172 231 126 22 ledamöter.
328 230 156 22 Elektorernes
508 232 58 20 antal
588 231 36 21 vid
646 231 34 21 val
703 232 24 21 af
746 232 118 21 ledamöter
887 232 34 21 till

171 266 82 21 banko-
272 265 40 22 och
328 265 93 28 hemligt
435 266 84 20 utskott
534 265 67 22 borde
617 266 211 28 författningsenligt
843 268 78 26 utgöra

171 302 45 20 fem
231 301 24 20 af
268 301 74 26 första,
358 300 35 28 sju
408 300 24 20 af
444 300 68 21 andra
526 301 39 20 och
582 300 56 21 elfva
649 301 24 20 af
681 301 70 28 tredje
764 301 95 27 klassen,
870 308 51 14 men

172 336 109 20 dessutom
302 334 136 20 erfordrades
459 335 139 27 suppleanter
617 334 34 20 för
670 335 105 27 möjligen
791 335 130 21 inträffande

169 369 36 29 jäf
218 369 39 21 och
272 368 67 21 andra
351 368 87 26 hinder;
455 368 39 21 och
508 368 133 21 framställde
657 368 50 21 herr
720 369 200 21 landtmarskalken

172 404 86 21 derföre
274 403 54 21 först
343 402 33 20 till
392 402 86 21 ständet
492 402 175 28 propositionen:
683 403 83 26 ,Anser
782 403 86 21 ständet
883 404 38 20 nö-

172 438 47 28 digt
238 439 32 19 att
284 436 58 28 välja
358 436 135 21 elektorer?*
508 436 90 22 hvilken
613 436 130 22 besvarades
759 437 50 21 med
824 437 97 22 öfvervä-

173 472 69 29 gande
252 473 36 27 ja.
663 474 4 2 ”

240 506 58 21 Herr
317 512 48 14 von
383 505 148 21 Bonsdorff
547 505 134 21 framställde
696 506 104 21 hurusom
810 506 48 21 icke
870 506 51 21 alle-

172 544 49 19 nast
240 541 36 21 val
291 540 23 21 af
328 540 109 20 elektorer
454 541 53 20 utan
523 540 65 21 äfven
602 540 143 21 förefallando
761 541 161 28 omröstningar

171 577 8 20 i
195 576 26 21 de
236 576 80 26 många
332 574 98 27 ärender,
446 581 45 14 som
507 574 33 21 till
556 574 96 21 ståndets
663 574 134 29 behandling
807 575 114 21 öfverlem-

173 612 55 25 nats,
242 609 102 28 medtoge
360 608 74 21 alltför
448 608 93 28 mycken
557 608 32 21 tid
604 608 26 21 då
645 608 77 21 sådant
736 609 70 22 måste
817 609 105 22 verkstäl-

172 645 32 20 las
219 643 99 22 klassvis.
348 643 191 28 Inskränkningen
555 643 59 21 inom
628 642 84 22 klasser
727 650 52 14 vore
794 644 64 21 äfven
873 644 48 21 hin-

172 679 70 27 derlig
256 678 38 20 vid
308 678 36 20 val
358 677 24 21 af
395 677 119 21 ledamöter
530 677 33 21 till
578 677 90 27 utskott,
683 679 52 19 enär
749 678 60 20 inom
825 684 26 15 en
862 679 60 20 klass

172 713 73 21 kunde
265 712 69 20 finnas
355 711 105 21 öfverflöd
480 711 24 21 af
522 712 103 27 lämpliga
645 718 105 20 personer
765 712 73 21 dertill
852 712 70 22 under

173 748 36 20 det
229 746 81 22 sådana
328 746 106 20 saknades
453 745 59 22 inom
528 753 27 14 en
570 753 78 13 annan.
677 746 44 21 För
737 746 132 22 ärendernas
884 747 37 21 be-

172 782 78 28 höriga
269 780 59 28 gång
347 786 51 15 vore
418 780 67 20 likväl
506 780 23 21 af
542 781 77 27 högsta
634 780 47 28 vigt
696 782 31 20 att
743 782 50 20 män
807 781 51 21 med
873 782 48 20 sak-

173 816 123 21 kännedom
317 815 39 21 och
372 814 173 29 arbetsförmåga
560 815 72 21 kunde
647 815 34 21 uti
695 816 112 20 utskotten
822 816 99 28 inväljas.

172 852 118 21 Dessutom
305 857 38 14 var
359 849 59 21 detta
433 851 43 19 sätt
491 850 35 20 för
540 850 36 21 val
592 850 39 21 och
642 850 135 28 omröstning
792 851 7 20 i
815 851 43 28 hög
868 850 54 28 grad

173 886 85 27 obilligt
273 885 40 21 och
328 884 63 21 ledde
407 884 46 28 ofta
467 884 34 20 till
517 886 31 19 ett
563 886 58 20 emot
635 885 152 27 pluralitetens
803 885 57 28 åsigt
873 885 49 21 stri-

173 920 70 22 dande
258 919 98 22 resultat.
386 911 31 28 År
434 919 54 21 1860
503 918 55 22 hade
575 919 83 21 talaren
675 919 71 21 såsom
760 920 78 20 utsedd
852 920 70 20 komi-

172 954 62 22 terad
248 954 34 21 för
298 954 86 20 ståndet
400 953 118 21 öfvervarit
533 953 41 21 den
585 953 27 21 då
622 953 158 29 försiggångna
792 954 129 27 gransknin-

173 996 43 21 gen
231 988 24 22 af
268 988 147 21 riddarhusets
431 987 185 29 angelägenheter
631 988 39 20 och
683 988 83 27 jemväl
781 988 92 28 deltagit
890 989 32 20 uti

172 1022 151 29 uppgörandet
343 1022 24 21 af
385 1023 30 20 ett
438 1022 82 27 förslag
542 1022 34 20 till
595 1022 218 28 riddarhusordning,
832 1022 89 21 hvilken

172 1057 95 22 derefter
282 1056 74 21 blifvit
371 1056 149 21 öfverlemnad
534 1056 33 21 till
582 1056 62 21 Hans
654 1056 61 28 Kejs.
726 1056 75 29 Maj:ts
811 1057 110 28 pröfning.

172 1092 68 21 Detta
259 1091 83 28 förslag
356 1091 55 20 hade
428 1091 123 21 sedermera
566 1091 73 21 sändts
655 1091 33 20 till
702 1091 220 22 riddarhusdirektio-

173 1134 42 13 nen
235 1127 69 27 jemte
327 1125 147 22 förordnande
494 1127 32 19 att
546 1125 119 22 detsamma
681 1125 70 21 skulle
767 1126 71 21 såsom
853 1125 69 22 första

173 1160 242 29 öfverläggningsämne
438 1159 151 29 ridderskapet
611 1159 40 21 och
673 1160 63 21 adeln
756 1160 37 21 vid
811 1160 111 22 blifvande

173 1195 103 28 landtdag
291 1195 133 27 föreläggas,
440 1194 35 21 för
490 1195 42 26 att,
548 1194 66 21 sedan
629 1193 106 29 förslaget
750 1194 24 21 af
787 1194 85 21 ståndet
885 1201 38 14 an-

172 1230 66 26 tagits
259 1229 39 20 och
319 1229 61 20 Hans
400 1228 61 27 Kejs.
482 1229 74 27 Maj:ts
576 1228 138 21 stadfästelse
733 1228 53 21 derå
801 1229 121 25 utverkats,

172 1264 59 19 ännu
253 1262 69 20 under
345 1269 81 13 samma
447 1261 104 28 landtdag
570 1262 61 27 tjena
651 1261 34 20 till
701 1261 153 21 efterrättelse.
884 1261 40 22 Uti

172 1296 60 21 detta
251 1295 82 29 förslag
348 1295 89 28 inginge
454 1295 118 28 stadgande
590 1295 73 21 derom
679 1297 32 19 att
724 1295 36 21 val
777 1295 39 21 och
832 1297 90 20 omröst-

172 1331 54 28 ning
244 1330 59 21 inom
324 1329 86 22 ståndet
430 1330 70 21 skulle
516 1330 38 21 ske
570 1336 39 22 per
624 1330 77 28 capita.
733 1329 47 22 Och
795 1330 68 21 ehuru
878 1331 44 21 för-

172 1365 70 28 slaget
256 1365 8 20 i
280 1365 33 20 sin
333 1365 74 20 helhet
427 1365 83 27 knappt
525 1364 61 21 torde
601 1364 69 21 under
685 1364 120 28 påstående
819 1365 105 28 landtdag

171 1399 68 21 hinna
258 1399 88 21 komma
360 1399 35 20 till
410 1399 140 26 efterlefnad,
565 1399 76 21 trodde
657 1399 86 21 talaren
759 1399 56 22 dock
830 1401 40 26 att,
887 1407 35 14 om

172 1434 119 21 detsamma
311 1435 78 26 genast
407 1435 62 27 toges
485 1434 69 21 under
567 1433 134 29 behandling
716 1433 40 22 och
771 1434 152 29 ridderskapet

173 1469 39 20 och
228 1469 62 20 adeln
306 1469 51 20 ville
368 1469 87 20 komma
468 1469 99 20 öfverens
581 1470 31 19 att
623 1468 92 21 afskaffa
725 1469 41 20 den
778 1469 72 28 gamla
859 1471 65 26 tröga
