992 1695
739 137 40 23 125

66 200 76 25 saknas
158 204 27 21 då
200 201 88 24 ärendet
302 205 28 27 på
345 206 47 27 nytt
408 203 119 30 förelägges
543 205 120 21 ständerna.
681 205 38 21 Ett
734 206 75 20 sådant

64 239 77 20 hinder
156 240 23 19 är
195 239 54 21 dock
264 239 66 21 redan
345 239 27 28 på
387 239 91 22 förhand
493 240 39 20 lätt
547 241 31 20 att
593 240 87 26 förutse,
693 240 40 21 och
747 247 61 14 anser

61 274 39 27 jag
115 273 85 21 derföre
215 274 35 20 det
261 280 51 15 vara
324 273 125 22 ständernas
460 274 55 28 pligt
526 276 31 19 att
567 275 7 20 i
585 274 32 21 tid
628 274 53 21 söka
691 274 118 21 detsamma

62 308 125 28 förebygga.

131 342 61 22 Hans
207 342 108 29 Majestät,
330 343 37 21 vår
383 343 77 29 nådige
476 343 119 27 storfurste,
610 342 39 23 har
664 343 36 22 vid
712 343 96 22 landtda-

62 384 53 21 gens
131 378 112 28 öppnande
259 378 62 28 gifvit
336 378 114 22 ständerna
465 379 36 21 sitt
516 379 79 27 nådiga
609 378 53 22 löfte
677 380 31 20 att
723 379 28 27 på
767 380 41 19 sätt

62 412 134 28 grundlagen
215 412 93 28 stadgar,
326 413 33 20 till
382 413 125 21 ständernas
526 413 133 28 granskning
677 413 44 20 låta
739 414 69 20 öfver-

62 447 72 20 lemna
148 447 139 21 statsverkets
298 447 153 28 räkenskaper.
470 447 61 22 Hans
541 448 102 27 Majestät
653 447 39 22 har
704 447 103 28 derjemte

62 481 31 20 uti
108 481 66 21 redan
190 481 6 21 i
213 481 84 22 ståndet
312 482 86 27 uppläst
413 482 65 28 nådig
493 482 135 28 proposition
643 482 34 21 för
693 482 114 21 ständerna

62 515 47 21 låtit
124 515 119 22 framställa
257 516 103 21 behofvet
375 517 23 20 af
410 524 27 14 en
453 518 68 20 större
532 517 119 28 bevillning
662 516 33 21 för
706 517 57 21 vissa
771 518 36 19 än-

62 550 81 27 damål,
156 553 54 19 samt
224 551 31 20 till
268 551 114 22 ständerna
393 552 49 21 låtit
454 552 131 21 öfverlemna
596 551 66 28 nådig
673 552 134 27 proposition

62 592 35 13 om
112 585 94 21 revision
226 586 23 21 af
266 585 181 29 författningarne
468 586 109 29 angående
598 586 209 28 charta-sigillataaf-

62 619 75 28 giften.
166 619 51 22 Men
232 620 7 21 i
255 620 139 21 statsverkets
405 621 146 28 räkenskaper
562 621 62 27 ingår
636 627 90 15 numera
737 621 70 21 såsom

62 653 40 22 den
120 654 116 28 vigtigaste
254 655 87 21 faktorn
359 655 141 28 tullafgiften,
518 655 89 22 hvilken
625 657 64 26 utgör
707 656 100 27 omkring

61 689 82 20 hälften
159 689 23 20 af
195 689 206 22 statsinkomsterna.
424 689 44 22 Det
482 690 42 21 kan
540 690 83 21 således
638 690 48 21 icke
701 690 105 21 bestridas

61 725 31 19 att
112 723 188 22 tullinkomsterna
320 726 36 19 äro
376 724 135 28 nödvändiga
531 725 33 20 för
583 724 139 21 statsverkets
741 725 67 20 behof

61 758 39 21 och
116 758 136 28 följaktligen
268 759 68 21 måste
351 759 115 21 ständerna
481 759 66 28 enligt
563 759 144 28 uttryckeliga
723 759 82 28 ordaly-

60 793 74 20 delsen
149 793 7 20 i
172 793 41 21 5:te
228 793 97 28 punkten
341 794 23 21 af
377 794 120 27 förenings-
513 793 40 22 och
569 793 178 21 säkerhetsakten
766 795 40 26 äga

60 829 30 18 att
106 827 73 21 derom
195 828 48 21 med
258 827 118 22 monarken
389 828 80 28 jemka,
485 828 76 27 rådslå,
577 828 54 21 afslå
647 828 39 21 och
698 828 107 21 öfverens-

60 860 92 23 komma.
182 861 78 22 Denna
274 863 56 27 åsigt
344 863 40 20 har
399 862 62 21 äfven
477 863 36 20 sitt
529 862 47 21 stöd
591 863 31 20 uti
637 863 27 20 45
679 863 12 27 8
709 863 23 20 af
751 863 54 20 1772

59 897 35 20 års
109 896 175 29 regeringsform,
300 903 45 14 som
364 897 33 20 för
419 896 143 29 påläggandet
580 897 23 20 af
616 897 77 28 gärder
712 897 40 22 och
775 897 30 21 af-

59 931 65 28 gifter
139 931 83 21 fordrar
238 931 125 21 ständernas
382 931 96 28 vetskap,
496 932 43 21 fria
555 931 54 28 vilja
628 931 39 21 och
686 932 119 28 samtycke,

60 965 70 21 derest
141 965 47 27 icke
200 966 91 28 olyckan
303 966 23 21 af
336 968 30 19 ett
376 966 50 28 krig
437 968 39 26 gör
489 965 109 29 undantag
609 966 46 21 häri
667 967 138 28 nödvändigt.

128 1000 42 28 Jag
184 1001 39 20 har
239 1001 85 21 derföre
339 1001 47 21 icke
402 1001 83 21 kunnat
499 1008 52 14 anse
570 1001 36 21 det
625 1001 134 21 annorlunda
777 1003 28 20 än

59 1040 46 15 som
120 1034 64 29 högst
200 1035 95 28 önskligt
314 1037 30 19 att
362 1036 93 21 revision
474 1036 23 21 af
513 1035 182 28 författningarne
714 1037 91 20 rörande

59 1069 68 21 tullen
142 1069 55 22 hade
212 1070 40 21 fått
266 1070 52 28 ingå
336 1070 65 21 bland
420 1070 24 21 de
464 1071 77 28 nådiga
563 1071 188 27 propositionerna
771 1071 34 20 för

58 1104 70 21 denna
143 1104 109 29 landtdag.

126 1139 12 20 I
152 1139 52 28 följe
220 1139 64 21 häraf
296 1141 61 26 tager
373 1140 39 28 jag
430 1139 44 29 mig
495 1140 94 21 friheten
611 1139 39 22 hos
669 1139 50 22 herr
736 1139 68 22 baron

59 1173 39 21 och
113 1173 199 22 landtmarskalken
328 1176 54 19 samt
397 1173 117 30 höglofliga
528 1175 149 28 ridderskapet
689 1176 39 20 och
741 1176 63 20 adeln

59 1208 122 28 ödmjukast
196 1215 130 22 proponera:
342 1211 30 19 att
387 1209 148 28 ridderskapet
551 1209 39 21 och
605 1209 63 22 adeln
683 1210 50 21 ville
749 1210 55 21 före-

58 1243 32 21 slå
105 1243 25 21 de
146 1245 75 20 trenne
237 1243 67 22 andra
319 1244 90 21 stånden
425 1246 31 19 att
470 1243 142 22 tillsammans
623 1245 49 20 med
683 1244 120 22 ridderska-

58 1279 36 26 pet
110 1278 39 21 och
165 1277 62 22 adeln
246 1278 39 21 hos
303 1278 61 22 Hans
383 1278 101 29 Majestät
501 1279 156 28 underdånigst
675 1280 129 26 petitionera

58 1314 30 19 att
103 1312 63 21 äfven
182 1312 61 22 dessa
258 1313 152 27 författningar
425 1314 65 21 måtte
505 1314 33 21 till
550 1314 125 21 ständernas
686 1314 117 27 handlägg-

57 1346 53 27 ning
125 1346 66 21 redan
206 1346 67 21 under
288 1347 144 21 innevarande
449 1346 100 28 landtdag
564 1347 85 28 nådigst
665 1347 119 21 öfverlätas.

125 1380 135 22 Memorialet
275 1379 113 24 bordlades
404 1381 33 21 till
452 1382 67 20 första
537 1382 218 27 plenisammanträde
773 1382 31 21 uti

57 1415 191 22 nästinstundande
264 1415 72 23 vecka.
