1003 1698
766 128 25 22 61

75 193 89 28 obilliga
186 193 184 28 bestämmanden,
386 194 47 21 dem
449 194 37 21 vår
500 201 29 14 nu
543 193 99 28 gällande
658 194 163 22 riddarhusord-

74 228 53 27 ning
141 227 48 21 icke
203 228 115 27 berättiga.

141 261 64 21 Hvad
224 263 47 20 åter
290 262 230 21 riddarhusutskottets
539 262 116 27 förvägran
672 263 34 20 för
724 263 40 20 här
784 263 36 21 be-

73 296 66 20 mälte
162 297 49 19 2:ne
233 295 79 27 finska,
333 296 6 20 i
360 296 51 27 rysk
430 296 129 27 krigstjenst
584 296 94 21 varande
699 297 121 26 adelsmän,

73 329 34 21 till
126 329 83 21 inträde
228 329 36 21 vid
284 330 51 20 våra
354 330 185 26 sammanträden,
557 336 50 14 men
623 330 98 21 deremot
739 338 82 14 samma

74 364 107 21 tillträdes
200 364 125 28 beviljande
349 364 21 21 åt
390 364 50 21 herr
464 363 116 22 statsrådet
599 364 74 21 Bruun
692 365 77 21 endast
787 365 34 22 för

74 398 37 21 det
133 400 32 19 att
187 398 42 21 han
252 405 52 21 eger
325 399 72 27 någon
417 399 47 20 ärfd
476 398 158 28 jordegendom
650 399 6 20 i
671 399 94 22 Finland
783 407 37 14 an-

73 433 49 27 går,
142 433 23 20 så
183 433 70 20 finner
269 433 40 28 jag
323 433 71 21 häruti
413 440 27 14 en
463 433 41 21 den
527 434 80 19 största
626 433 107 22 tänkbara
747 434 73 21 incon-

74 474 116 21 sequense;
206 467 121 28 besittning
345 467 54 22 eller
420 467 48 21 icke
488 467 120 28 besittning
627 467 24 21 af
662 468 159 28 jordegendom

73 502 59 20 inom
155 501 94 21 Finland
271 501 43 22 kan
335 502 20 27 ej
375 502 41 21 öka
439 502 52 21 eller
517 501 85 22 minska
624 509 27 14 en
674 502 56 21 finsk
752 503 69 21 adels-

73 543 62 13 mans
157 536 153 28 berättigande
331 536 34 21 till
387 537 57 20 sätes
467 536 40 21 och
528 538 102 19 stämmas
654 537 117 28 intagande
793 538 28 27 på

73 570 146 27 riddarhuset,
242 571 40 20 och
305 570 41 21 den
371 573 82 18 ömsom
475 571 7 20 i
505 570 94 21 Finland
617 571 98 21 vistande
738 573 83 19 ömsom

73 604 33 21 till
126 604 58 21 olika
203 604 60 21 delar
285 605 24 20 af
330 604 161 28 kejsaredömet
509 604 104 28 flyttande
632 605 64 28 ryska
711 605 109 21 militären

72 639 70 20 måste
164 639 35 20 väl
220 639 75 21 kunna
317 646 63 14 anses
404 639 83 20 mindre
507 645 52 15 vara
581 639 59 20 inom
660 639 161 28 kejsaredömet

73 673 101 27 nbosatt*,
194 675 27 19 än
242 676 15 18 t.
273 680 33 14 ex.
326 673 50 21 herr
399 673 115 21 statsrådet
538 673 85 26 Bruun,
647 680 46 14 som
712 673 7 21 i
734 673 87 22 Peters-

73 708 56 27 burg
151 708 104 21 bekläder
274 715 27 14 en
325 708 165 28 stadigvarande
509 707 102 28 oflyttbar
633 708 52 28 rysk
700 708 49 21 civil
765 709 55 28 tjen-

73 742 166 29 stebefattning,
255 743 42 21 den
311 743 43 20 han
370 743 7 20 i
393 743 51 21 flere
460 743 23 20 år
497 742 105 21 innehaft.

140 777 51 21 Med
211 777 119 28 anledning
348 777 24 21 af
385 777 55 21 hvad
453 778 40 27 jag
507 784 30 13 nu
552 777 47 21 haft
614 778 52 20 äran
681 777 39 21 här
735 777 86 28 anföra,

73 819 64 14 anser
157 812 39 27 jag
217 811 73 28 billigt
308 811 40 21 och
367 813 42 19 rätt
424 819 52 14 vara
489 813 32 20 att
536 811 59 22 såväl
608 811 39 21 här
665 811 94 22 bemälte
773 813 48 20 2:ne

73 846 197 28 militärspersoner
285 854 46 13 som
344 846 50 21 herr
409 846 115 21 statsrädet
539 845 75 22 Bruun
625 845 33 22 för
670 846 71 22 denna
751 846 70 21 landt-

74 881 42 27 dag
137 881 40 20 och
198 881 56 21 efter
276 888 31 14 nu
321 880 99 28 gällande
439 880 208 28 riddarhusordning
666 881 90 27 beviljas
775 882 46 20 säte

73 915 41 21 och
136 917 92 19 stämma
250 915 13 21 å
284 915 146 27 riddarhuset;
453 916 50 20 sker
528 915 47 21 åter
598 915 19 27 ej
641 914 68 28 detta,
733 916 24 20 sä
778 915 43 21 kan

73 947 150 31 ridderskapet
246 949 40 21 och
311 949 63 21 'adeln
395 950 55 20 efter
470 950 44 20 min
534 949 65 21 tanke
621 956 30 14 nu
670 950 19 26 ej
708 949 114 21 underläta

73 986 32 19 att
124 984 79 20 handla
223 985 134 27 conseguent
375 984 39 20 och
433 984 33 21 dä:
475 983 50 21 med
539 990 82 14 samma
636 983 46 21 skäl
698 985 67 26 vägra
779 984 42 20 till-

73 1018 61 22 träde
154 1018 32 21 till
206 1018 161 28 ridderskapets
387 1018 38 21 och
444 1018 75 21 adelns
534 1017 170 29 rädplägningar
719 1018 34 20 för
768 1017 52 27 alla,

73 1060 50 14 vare
146 1053 34 27 sig
201 1055 60 19 utom
284 1053 53 21 eller
357 1052 58 22 inom
436 1052 209 22 Storfurstendömet
669 1052 94 21 Finland
781 1052 40 28 tje-

72 1087 71 21 nande
169 1088 65 27 ryska
259 1094 52 15 vare
337 1087 34 28 sig
396 1087 94 21 militära
516 1087 54 20 eller
593 1086 63 21 civila
681 1087 139 27 tjenstemän.

73 1121 33 28 Ty
129 1122 47 20 icke
201 1122 44 20 kan
269 1122 39 27 jag
329 1122 48 20 inse
403 1121 49 21 med
476 1121 57 21 hvad
561 1122 43 20 rätt
630 1120 192 28 riddarhuspollett

73 1158 58 18 ännu
153 1156 43 20 kan
218 1158 78 25 vägras;
319 1156 75 20 herrar
413 1163 42 13 von
476 1156 102 26 Schantz,
597 1154 73 28 Uggla
685 1155 39 21 och
739 1155 83 26 Bruun,

73 1189 28 21 dä
123 1189 65 21 sådan
211 1190 89 27 nyligen
323 1189 113 21 oanmärkt
459 1190 117 20 utlemnats
596 1189 21 20 ät
635 1196 27 13 en
679 1196 72 13 annan
771 1189 51 28 rysk

73 1223 87 27 militär,
184 1231 45 13 som
253 1224 55 20 efter
330 1224 53 20 flere
402 1224 33 21 ärs
455 1223 97 22 vistande
572 1223 35 21 vid
622 1223 38 20 sitt
673 1223 149 28 regemente
807 1219 18 36 i

73 1257 110 28 Ryssland
205 1265 29 13 nu
256 1257 72 22 blifvit
354 1258 7 20 i
384 1257 108 22 anseende
511 1257 33 21 till
563 1257 102 21 befarade
681 1257 141 28 krigsorolig-

72 1291 63 21 heter
157 1291 34 21 för
213 1293 68 26 nägra
302 1292 104 21 mänader
427 1292 66 21 sedan
516 1291 50 22 med
588 1291 70 28 öfrige
679 1291 143 28 krigsbefälet

72 1325 33 20 hit
130 1325 176 21 kommenderad.
347 1326 69 27 Ingen
441 1326 69 20 skulle
533 1333 46 12 mer
605 1327 27 18 än
654 1326 48 26 jag,
725 1325 7 19 i
755 1332 66 13 nuva-

72 1358 67 21 rande
159 1359 151 20 förhällanden
329 1359 40 21 och
388 1359 23 20 sä
425 1359 65 28 länge
505 1359 38 20 vär
559 1359 124 20 nuvarande
698 1358 123 21 riddarhus-

73 1393 93 28 ordning
180 1393 33 20 till
229 1393 131 21 efterlefnad
375 1393 54 21 skall
445 1393 66 28 gälla,
527 1392 66 29 ogilla
609 1392 71 21 denna
695 1392 126 28 ytterligare

72 1427 144 29 uteslutning;
237 1435 50 14 men
307 1435 34 14 om
361 1427 231 22 riddarhusutskottets
607 1427 122 28 pluralitets
745 1434 28 13 nu
789 1428 32 19 ut-
