992 1695
203 134 41 22 208

174 199 72 21 tioner
265 198 75 22 kunna
360 198 64 28 göras
444 198 105 27 antingen
569 196 106 30 skriftligt
695 198 54 20 eller
763 198 103 28 muntligt
881 204 44 16 me-

175 233 56 20 delst
246 232 112 21 diktamen
373 232 33 20 till
422 232 139 27 protokollet.

241 266 33 22 På
289 266 51 21 herr
354 266 213 22 landtmarskalkens
583 266 74 21 derom
673 266 78 28 gjorda
765 266 162 29 framställning

173 300 137 22 förklarades
325 301 32 21 att
372 300 77 28 frågan
465 300 70 22 skulle
550 300 94 22 förfalla.

241 402 59 23 Herr
320 402 200 24 landtmarskalken
541 403 155 28 tillkännagaf,
717 405 32 19 att
769 403 36 22 vid
824 404 103 21 talmans-

174 437 147 22 konferensen
341 438 127 29 ytterligare
484 438 75 22 väckts
575 438 62 28 fråga
657 437 74 22 derom
755 439 32 20 att
802 438 7 21 i
825 438 102 21 afseende

176 474 12 20 å
196 473 120 28 bordlagda
327 472 130 29 handlingar
466 480 26 14 en
502 474 43 21 viss
553 473 32 21 tid
593 473 28 28 på
629 473 71 28 dagen
711 473 68 21 borde
789 473 139 27 bestämmas,

175 509 40 20 när
233 507 63 22 desse
312 507 70 21 skulle
397 515 52 14 vara
464 507 139 29 tillgängliga
618 507 33 22 för
667 507 97 22 ståndets
779 507 148 22 medlemmar.

242 541 12 21 I
269 541 119 28 anledning
403 542 65 21 häraf
480 541 97 29 yttrade:

242 576 103 21 Friherre
362 576 140 28 Carpelan:
517 577 44 21 För
575 576 46 21 min
637 575 34 22 del
687 583 65 15 anser
765 577 40 28 jag
820 583 27 14 en
861 576 66 22 sådan

174 611 76 28 åtgärd
266 611 105 28 möjligen
386 617 52 15 vara
453 611 92 29 lämplig
558 611 7 20 i
581 612 32 19 ett
628 610 70 28 stånd,
709 617 45 15 som
771 612 24 20 är
813 611 114 28 fåtaligare

176 647 28 19 än
218 645 152 28 ridderskapet
385 645 39 21 och
440 645 74 28 adeln,
529 651 50 16 men
595 645 7 21 i
617 647 31 19 ett
663 646 24 21 så
701 645 76 22 talrikt
793 645 73 28 stånd,
882 652 46 15 som

176 680 69 27 detta,
262 681 24 20 är
308 679 37 21 det
370 679 90 22 alldeles
480 680 102 28 omöjligt
601 680 35 21 för
655 680 43 21 alla
721 681 32 20 att
768 680 73 21 kunna
857 680 22 21 få
894 679 35 22 del

175 714 25 21 af
215 714 169 28 handlingarne,
400 714 72 21 derest
488 714 27 21 de
530 715 56 21 blott
601 715 72 28 någon
689 715 35 20 del
740 715 23 20 af
780 715 69 27 dagen
869 715 60 27 ligga

174 749 29 28 på
218 748 83 22 bordet.
331 748 51 22 Man
398 748 40 22 har
454 748 67 22 redan
537 750 43 20 sett
595 748 145 29 olägenheten
757 748 66 22 deraf.
853 748 75 22 Hand-

174 784 100 28 lingarne
289 784 54 20 böra
358 790 52 15 vara
425 784 139 28 tillgängliga
579 783 50 21 hela
645 784 80 28 dagen;
742 790 27 14 en
781 783 147 22 vaktmästare

176 818 54 21 eller
250 818 72 28 någon
343 824 79 21 annan,
442 818 22 21 åt
481 818 88 21 hvilken
589 818 86 22 ståndet
691 818 36 21 det
747 818 131 28 uppdrager,
893 818 36 21 må

175 851 27 22 då
218 859 51 15 vara
285 853 141 20 närvarande.

242 886 60 22 Herr
323 887 157 27 Schauman,
499 886 20 22 J.
541 887 38 21 A.:
595 886 43 29 Jag
653 887 70 21 skulle
739 886 65 22 också
824 893 52 15 anse
892 886 37 21 det

175 921 77 28 nödigt
270 923 32 19 att
324 921 118 28 bordlagda
457 921 130 29 handlingar
603 921 64 22 äfven
682 921 133 28 helgedagar
830 921 60 28 ligga
902 921 28 28 på

174 956 88 27 bordet;
283 956 37 20 det
340 955 70 22 finnes
430 956 101 28 mången,
551 963 46 14 som
613 956 27 21 då
658 956 39 21 har
718 957 63 20 bästa
796 956 86 21 tillfälle
898 957 32 20 att

176 992 51 27 taga
242 991 123 20 kännedom
381 997 34 14 om
432 990 55 21 dem.
517 990 44 22 Det
576 997 38 15 var
626 990 55 21 dock
692 990 63 22 fallet
766 990 101 22 sednaste
881 992 48 19 sön-

177 1025 43 28 dag
246 1027 32 19 att
302 1025 163 21 vaktmästaren
483 1033 40 14 var
543 1025 84 27 osäker,
647 1025 106 22 huruvida
769 1024 36 22 det
820 1032 37 14 var
876 1025 54 21 hans

177 1059 125 28 skyldighet
319 1059 53 21 eller
387 1060 21 27 ej
425 1061 31 20 att
470 1059 58 22 hålla
543 1059 88 22 lokalen
646 1061 78 28 öppen.

245 1093 81 22 Grefve
347 1093 105 22 Creutz:
472 1094 43 28 Jag
535 1100 64 15 anser
619 1093 37 22 det
678 1101 52 14 vara
752 1093 91 22 alldeles
862 1093 69 29 gifvet

178 1128 40 21 och
233 1128 37 21 det
284 1128 40 21 har
340 1127 64 22 äfven
420 1127 36 22 vid
471 1128 44 21 alla
530 1128 114 28 riksdagar
659 1128 56 21 varit
729 1127 104 29 brukligt,
844 1129 31 20 att
891 1129 39 19 när

176 1162 159 28 handlingarne
354 1162 6 21 i
376 1163 32 20 ett
428 1162 81 22 ärende
529 1163 38 21 äro
585 1162 130 28 bordlagda,
736 1163 24 20 så
778 1162 59 28 ligga
857 1163 26 20 de
903 1162 28 27 på

176 1196 77 22 bordet
276 1196 40 21 och
338 1198 37 19 äro
395 1196 139 29 tillgängliga
554 1197 35 21 för
609 1196 97 21 ståndets
727 1196 141 22 medlemmar
888 1196 43 21 alla

176 1231 58 20 tider
249 1231 28 26 på
294 1231 78 26 dagen,
387 1230 37 20 det
439 1231 35 20 må
490 1231 27 20 då
532 1231 88 21 tillhöra
635 1231 148 20 vaktmästare
798 1231 54 20 eller
865 1231 65 20 hvem

178 1263 87 21 ståndet
280 1263 37 21 det
332 1263 130 28 uppdrager,
478 1265 31 19 att
525 1264 75 21 dervid
615 1271 52 13 vara
682 1264 142 20 närvarande.

244 1297 59 22 Herr
323 1297 165 28 Furuhjelm,
509 1296 38 23 V.:
567 1298 44 21 Det
631 1297 66 22 borde
711 1298 34 22 väl
765 1297 56 22 ändå
836 1297 94 21 bestäm-

177 1339 46 15 mas
243 1332 73 28 någon
331 1332 41 27 tid,
387 1333 39 20 när
440 1332 87 21 lokalen
543 1339 35 15 om
594 1332 88 22 aftonen
699 1332 56 22 skall
769 1332 102 22 tillslutas
890 1332 41 21 och

177 1367 152 28 ekläreringen
345 1366 105 29 upphöra.

244 1401 60 22 Herr
329 1401 201 22 landtmarskalken
553 1401 140 28 hemställde,
716 1401 107 23 huruvida
845 1400 87 24 ståndet

177 1436 51 22 ville
248 1436 96 27 besluta,
364 1438 33 21 att
416 1436 28 23 då
463 1436 160 30 handlingarne
643 1437 7 21 i
671 1438 31 21 ett
717 1437 81 22 ärende
814 1438 37 21 äro
867 1437 64 22 bord-
