1003 1700
763 124 38 21 861

82 197 30 14 nu
127 190 21 28 ej
164 189 89 22 hvilken:
273 190 52 21 ärad
344 190 68 21 talare
428 189 92 22 nämnde
536 192 32 19 att
583 190 37 22 det
634 196 52 16 vore
704 190 57 21 blott
776 192 57 19 rote-

82 224 82 21 hållare
178 225 7 21 i
200 218 147 33 Österbotten,
364 232 45 13 som
425 232 51 14 vore
487 225 7 20 i
505 225 83 21 saknad
603 225 24 21 af
640 224 71 22 denna
720 225 112 27 rättighet.

151 258 43 29 Jag
208 258 45 21 kan
273 259 20 27 ej
315 259 107 21 bestämdt
442 260 52 26 säga
513 259 107 21 huruvida
634 259 48 21 icke
697 259 64 21 äfven
776 261 57 19 rote-

82 292 83 22 hållare
180 294 7 20 i
201 293 69 27 några
285 293 68 21 andra
368 293 59 21 delar
443 294 23 20 af
479 293 74 21 landet
567 294 67 20 sakna
645 300 82 14 samma
740 293 93 21 förmån.

82 327 59 21 Herr
157 328 74 21 Taube
246 328 43 20 kan
305 328 97 20 deremot
418 328 19 28 ej
454 328 115 21 instämma
584 328 8 20 i
607 328 27 20 de
650 328 111 21 allmänna
772 328 61 20 orda-

83 362 42 27 lag,
145 362 62 21 hvari
227 362 58 21 förra
306 362 64 21 delen
391 362 23 21 af
427 363 44 20 min
487 362 94 28 petition
597 364 23 19 är
636 362 95 22 affattad.
761 356 72 27 Äfven

82 396 51 20 herr
153 396 135 22 Ehrnrooths
307 396 56 28 åsigt
382 397 75 27 tyckes
476 404 52 14 vara
546 396 52 27 den,
617 398 31 19 att
666 396 122 28 petitionen
809 398 24 19 är

82 430 91 21 affattad
188 430 7 21 i
211 431 33 21 för
264 430 87 28 mycket
370 431 110 21 allmänna
498 409 100 54 ördalag..
624 431 42 28 Jag
682 432 46 20 åter
742 431 39 21 har
796 438 37 14 an-

83 467 42 19 sett
141 467 31 19 att
187 465 122 28 petitionen
328 465 48 21 icke
392 465 72 21 kunde
480 466 134 21 annorlunda
630 466 96 27 affattas,
742 465 91 21 emedan

79 500 40 28 jag
135 500 20 28 ej
173 502 71 19 ansett
259 500 100 28 lämpligt
369 502 32 18 att
414 502 98 26 uppgöra
526 500 67 28 något
604 500 130 29 detaljeradt
745 500 88 28 förslag,

83 536 52 19 utan
151 534 80 22 önskar
246 537 32 19 att
293 536 31 20 ett
340 535 76 21 sådant
430 536 67 20 måtte
512 535 28 29 pä
556 535 27 21 H.
596 535 73 29 Maj:ts
681 535 120 28 befallning
812 535 24 21 af

83 569 136 29 sakkunnige
237 571 110 28 uppgöras
365 570 40 21 och
426 571 116 21 ständerna
561 570 131 29 föreläggas.
722 571 32 20 Af
768 570 65 21 sådan

83 605 64 20 orsak
162 605 39 20 har
213 605 38 28 jag
267 605 44 21 valt
327 605 70 20 denna
412 605 110 21 allmänna
538 605 62 27 form,
611 611 50 15 men
675 605 67 22 likväl
758 605 75 28 antydt

83 641 31 20 att
132 639 106 28 förslaget
256 639 69 29 enligt
344 639 45 21 min
408 639 57 28 åsigt
484 641 23 20 så
526 639 66 22 borde
608 641 120 27 uppgöras,
744 642 32 19 att
791 639 41 21 den

82 673 77 28 börda,
175 681 55 20 som,
246 674 73 21 derest
339 674 230 29 indelningssystemet
585 676 84 27 strängt
684 675 148 28 genomföres,

81 709 88 20 komme
185 710 32 19 att
231 709 59 21 hvila
305 709 12 21 å
330 709 138 28 jordbruket,
484 710 67 20 måtte
564 709 88 26 lindras,
664 709 126 28 derigenom
801 711 32 19 att

82 743 65 21 äfven
166 743 67 21 andra
253 743 152 28 medborgare,
421 743 73 22 hvilka
509 744 78 21 hittills
603 743 21 28 ej
640 743 94 29 bidragit
750 744 34 21 till
798 745 36 20 sitt

82 778 62 21 lands
163 777 90 28 försvar,
274 778 70 21 skulle
363 779 82 20 kännas
463 778 99 29 skyldige
578 778 78 21 dertill.
688 778 43 28 Jag
746 779 39 21 har
800 779 33 21 så-

82 813 66 21 lunda
164 813 76 21 endast
255 813 76 28 antydt
346 813 7 21 i
367 813 88 22 hvilken
471 813 98 29 riktning
584 813 106 28 förslaget
703 813 66 22 borde
780 815 53 28 upp-

82 850 74 26 göras,
172 855 50 14 men
243 849 70 20 såsom
332 848 70 29 grund
418 848 73 21 derför
506 849 95 21 bestämt
616 849 96 21 hvarken
728 849 105 28 beväring

82 883 53 21 eller
155 882 152 29 uppställande
326 883 23 20 af
367 882 102 22 värfvade
489 885 96 26 trupper.
615 883 67 22 Detta
696 883 40 21 har
748 884 39 27 jag
802 883 30 21 öf-

83 918 120 21 verlemnat
221 917 22 21 åt
262 919 60 25 män,
339 925 45 13 som
404 919 37 20 äro
458 924 60 15 mera
533 917 103 22 inkomne
652 918 6 21 i
675 918 158 21 militärväsen-

82 953 36 20 det
133 954 28 19 än
175 953 45 28 jag.
250 952 84 21 Herrar
352 959 42 14 von
409 952 69 27 Born,
493 952 23 21 C.
532 952 32 27 F.,
581 953 40 20 och
638 953 142 27 Segercrantz
796 954 37 19 äro

83 987 26 21 de
128 987 56 21 enda
203 987 68 21 talare
292 994 47 14 som
351 987 39 28 jag
410 987 76 28 tycker
505 987 134 28 fullkomligt
659 987 110 29 uppfattat
789 987 45 21 min

83 1022 96 27 mening,
194 1021 96 26 hvilken,
306 1022 70 21 såsom
391 1022 39 28 jag
444 1023 82 26 nämnt,
543 1022 55 21 varit
613 1022 43 21 den
671 1023 32 20 att
717 1022 37 21 det
764 1022 69 21 skulle

83 1056 122 21 tillkomma
225 1057 41 20 den
282 1056 92 27 komité,
391 1063 45 14 som
456 1057 7 20 i
484 1056 76 21 sådant
581 1057 102 21 afseende
699 1056 67 21 borde
781 1056 52 21 ned-

83 1092 76 25 sättas,
176 1093 31 19 att
223 1091 122 20 undersöka
363 1091 84 21 hvilket
463 1093 80 26 system
558 1098 50 13 man
624 1091 68 21 borde
708 1091 60 28 följa,
784 1098 50 13 men

83 1127 31 20 att
135 1125 75 21 dervid
225 1125 183 29 hufvudsakligen
424 1127 66 20 måtte
507 1125 67 27 afses,
590 1127 31 19 att
637 1125 42 22 den
694 1125 77 28 börda,
787 1133 46 13 som

83 1160 70 21 hvilar
173 1161 28 27 på
217 1160 140 28 jordbruket,
379 1160 68 22 skulle
463 1160 138 22 förminskas.
632 1160 42 28 Jag
689 1161 38 21 vill
741 1160 40 21 här
796 1167 37 14 en-

83 1195 48 21 dast
146 1197 79 19 nämna
241 1197 31 19 att
287 1195 34 21 för
336 1196 134 20 närvarande
486 1195 74 28 hvarje
577 1196 103 27 bataljon,
691 1196 50 20 med
752 1195 82 21 undan-

83 1231 38 25 tag
136 1230 23 20 af
172 1236 33 20 en,
221 1231 90 26 utgöres
326 1230 24 20 af
363 1230 41 20 300
420 1230 12 20 å
448 1231 41 20 320
504 1236 57 15 man.
591 1229 77 21 Redan
684 1230 72 21 denna
766 1230 68 20 första

83 1264 150 28 uppställning
249 1266 56 19 samt
320 1264 62 20 dessa
398 1264 106 21 soldaters
519 1264 116 21 förseende
650 1264 48 21 med
710 1266 48 26 torp
770 1264 64 20 hafva

82 1298 123 21 förorsakat
218 1298 159 28 jordbrukarne
393 1298 112 28 betydliga
519 1298 125 22 kostnader.
675 1298 43 28 Jag
728 1298 55 21 talar
799 1305 35 14 om

83 1332 26 20 de
128 1332 129 26 medellöse,
278 1332 26 20 de
323 1332 78 26 fattige
419 1333 170 26 jordbrukarne,
607 1332 39 27 jag
661 1333 56 19 talar
733 1332 48 20 icke
799 1339 34 12 om

82 1365 213 28 possessionaterne,
316 1365 25 21 de
361 1365 48 20 rike
430 1366 53 20 eller
499 1371 38 15 ens
553 1366 26 20 de
598 1365 120 27 förmögne.
750 1365 83 21 Genom

83 1401 32 20 ett
134 1399 55 28 kejs.
205 1399 102 21 manifest
323 1400 23 20 af
359 1399 41 21 den
417 1400 27 20 30
459 1399 116 22 december
592 1400 52 20 1857
660 1399 123 21 bestämdes
798 1399 35 21 väl

84 1436 32 20 att
136 1434 43 23 alla
199 1436 88 20 rotarna
306 1435 59 22 inom
387 1436 31 19 ett
436 1435 36 21 län
488 1434 70 22 skulle
575 1436 135 27 gemensamt
725 1434 110 29 deltaga
823 1430 15 38 i
