1011 1698
794 116 26 20 29

100 181 230 27 presentationsrätt?*
350 180 99 21 afträdde
473 181 53 20 1:sta
549 180 40 21 och
610 181 59 20 2:dra
689 181 113 21 klasserna
821 181 28 28 pä

100 214 70 21 skilda
193 222 48 13 rum
264 215 40 20 och
326 215 101 26 votering
445 215 107 27 företogs,
571 215 76 20 dervid
662 216 108 25 rösterna,
786 215 64 21 hvars

101 248 156 27 uppräknande
276 249 76 27 grefve
371 249 104 26 Armfelt,
492 248 80 21 Gustaf
585 249 105 20 Wilhelm
704 249 90 26 Arthur,
810 249 40 20 och

101 281 51 22 herr
171 282 75 28 Arppe
261 282 29 28 på
304 283 91 21 kallelse
410 283 25 20 af
447 283 51 20 herr
513 282 200 21 landtmarskalken
730 283 121 26 öfvervoro,

101 315 77 22 utföllo
194 316 31 21 uti
240 316 97 28 följande
353 317 40 26 tal,
409 317 120 27 nemligen:

251 350 39 21 Uti
305 350 56 29 3:dje
376 351 89 21 klassen
480 351 27 20 37
517 352 30 27 ja
561 351 40 21 och
616 351 27 21 29
658 353 41 27 nej.

265 401 9 11 n
305 385 59 21 2:dra
404 385 34 22 d:o
478 386 27 20 23
515 386 29 27 ja
560 385 40 22 och
621 381 14 38 8
657 387 42 28 nej.

266 436 10 10 n
308 420 52 20 lista
403 420 34 21 d:o
478 420 27 21 20
515 421 30 27 ja
561 420 40 21 och
629 421 14 19 4
657 421 42 27 nej.

171 454 46 21 Och
236 461 46 14 som
297 453 165 29 propositionen
478 453 90 22 sälunda
583 461 38 14 var
634 454 96 27 jakande
746 453 106 22 besvarad

101 488 59 22 inom
183 489 43 20 alla
248 489 89 26 klasser,
360 488 87 21 komme
470 488 90 22 ärendet
583 490 31 19 att
635 489 34 21 till
684 488 37 21 det
740 488 111 22 blifvande

101 523 231 21 riddarhus-utskottet
352 523 146 21 öfverlemnas
513 523 7 21 i
536 522 102 22 afseende
655 524 12 20 &
682 522 123 22 utlätandes
820 522 31 21 af-

101 557 110 28 gifvande.

170 626 124 28 Föredrogs
314 625 39 21 och
374 626 111 28 upplästes
505 632 27 14 en
548 625 24 21 af
585 625 50 21 herr
650 625 134 27 Ehrnrooth,
801 625 50 21 Carl

101 660 84 27 Albert,
203 660 99 28 ingifven
318 660 70 26 skrift,
404 660 71 21 deruti
490 660 49 26 han,
555 660 50 20 med
619 659 117 29 bifogande
752 660 24 20 af
789 666 27 14 en
830 659 24 21 af

102 694 51 21 herr
173 701 43 15 von
237 695 89 26 Platen,
349 694 92 22 Fredrik
460 695 96 28 August,
576 694 42 21 den
638 696 9 19 1
665 694 7 20 i
687 694 71 21 denne
773 693 79 21 mänad

102 729 101 21 utfärdad
224 729 100 21 fullmakt
346 729 34 21 för
402 729 51 21 herr
475 728 125 22 Ehrnrooth
619 730 32 19 att
671 728 69 21 under
754 728 98 20 landtda-

102 770 43 21 gen
168 763 74 28 intaga
264 765 46 19 säte
334 764 39 20 och
392 765 92 19 stämma
502 764 12 20 &
532 762 137 22 riddarhuset
684 762 34 21 för
733 762 73 28 adliga
821 763 31 19 ät-

102 799 38 19 ten
162 797 41 21 N:o
227 798 41 20 130
290 804 43 14 von
354 798 89 26 Platen,
464 798 111 20 äfvensom
594 797 79 27 utdrag
688 803 26 14 ur
728 796 124 21 riddarhus-

103 831 149 22 direktionens
272 832 108 28 protokoll
402 832 24 21 af
439 832 42 21 den
498 832 25 21 16
537 831 8 21 i
561 830 70 23 denne
646 830 89 27 mänad,
749 830 104 22 förmäler

103 866 103 21 hurusom
225 867 263 26 riddarhusdirektionen,
504 867 39 20 hos
558 866 89 21 hvilken
663 866 51 21 herr
728 865 125 21 Ehrnrooth

102 901 29 28 pä
146 901 70 28 grund
232 901 24 21 af
268 901 91 22 berörde
375 901 101 21 fullmakt
491 900 82 22 anmält
588 901 34 27 sig
637 900 33 21 till
687 900 89 28 polletts
791 899 62 21 utbe-

103 936 130 21 kommande
248 936 34 21 för
298 938 60 20 ätten
374 943 44 14 von
432 936 88 27 Platen,
536 937 73 19 ansett
623 936 34 27 sig
671 934 49 22 icke
731 934 74 22 kunna
820 934 33 21 sä-

103 970 43 22 dan
168 971 33 21 till
223 971 125 21 Ehrnrooth
370 971 94 27 utgifva,
488 972 52 20 enär
560 970 51 21 herr
630 976 43 15 von
686 969 79 22 Platen
780 968 73 22 urakt-

103 1004 50 22 låtit
168 1007 32 19 att
214 1005 102 22 särskildt
331 1005 127 21 underrätta
474 1004 137 22 direktionen
627 1011 35 14 om
674 1003 37 23 det
722 1004 50 21 herr
783 1002 70 22 Ehrn-

103 1040 63 20 rooth
186 1040 100 21 lemnade
306 1040 131 28 uppdraget;
458 1040 6 20 i
480 1039 108 21 anseende
603 1038 88 21 hvartill
713 1038 51 21 herr
783 1037 70 21 Ehrn-

103 1074 63 21 rooth
180 1074 68 28 jemte
264 1074 37 21 det
316 1074 43 21 han
374 1074 145 21 underställer
535 1074 71 20 denna
621 1073 62 27 fråga
696 1072 96 22 ståndets
805 1074 48 18 när-

105 1115 59 14 mare
186 1108 114 29 pröfning,
321 1108 98 21 anhåller
434 1115 36 14 om
484 1108 103 20 tillåtelse
603 1108 32 20 att
651 1108 76 26 genast
742 1106 23 21 få
780 1106 74 28 intaga

105 1144 46 19 säte
173 1143 7 19 i
203 1142 95 27 ståndet,
322 1144 58 19 emot
402 1142 142 27 förbindelse,
564 1148 34 15 om
617 1141 24 21 så
655 1140 152 29 påfordrades,
822 1142 32 19 att

105 1176 116 21 framdeles
236 1177 97 21 inlemna
347 1176 43 21 den
406 1176 79 21 äskade
501 1176 110 27 skriftliga
625 1174 181 22 underrättelsen.

174 1210 47 21 Och
241 1211 52 21 fann
311 1210 152 28 ridderskapet
478 1210 40 21 och
533 1210 64 20 adeln
613 1209 55 21 efter
684 1208 169 28 handlingarnes

105 1244 134 28 uppläsande
263 1244 52 28 godt
335 1244 92 22 berörde
446 1244 100 21 fullmakt
563 1243 115 28 godkänna
697 1242 40 21 och
752 1242 103 21 förordna

105 1280 33 19 att
160 1278 77 28 pollett
260 1278 69 21 skulle
352 1280 53 19 utan
428 1279 67 27 några
516 1278 71 21 vilkor
607 1277 32 21 till
659 1277 51 20 herr
730 1276 125 21 Ehrnrooth

105 1312 101 26 utgifvas.

174 1378 58 21 Herr
258 1379 200 20 landtmarskalken
480 1377 136 29 uppmanade
640 1384 30 13 nu
694 1376 162 27 ridderskapets

107 1413 40 21 och
169 1413 75 21 adelns
266 1413 141 22 medlemmar
430 1414 31 19 att
480 1413 99 26 företaga
594 1411 35 22 val
644 1411 24 21 af
681 1410 119 27 elektorer;
816 1409 40 21 och
