1020 1698
768 130 40 22 337

158 195 43 30 Jag
220 196 39 22 har
280 203 78 22 genom
379 197 70 20 denna
469 197 161 28 framställning
650 197 50 20 sökt
718 197 74 20 bevisa
806 198 32 19 att

89 232 53 26 den,
161 238 46 14 som
227 233 79 26 vägrar
326 231 152 22 underskrifva
493 238 26 13 en
536 231 242 27 tillgifvenhetsadress,
793 231 44 20 kan

89 272 52 14 vara
160 265 45 21 lika
220 267 77 26 trogen
310 266 24 26 ja
350 265 45 20 ofta
410 265 86 27 mycket
513 265 70 21 bättre
599 265 126 26 undersåte,
741 266 27 19 än
784 265 52 26 den,

90 306 46 13 som
151 299 34 20 till
201 305 27 14 en
244 299 42 20 slik
301 299 74 20 adress
391 299 80 21 samlar
486 299 165 20 underskrifter.

156 333 59 21 Herr
230 334 74 27 Arppe
321 333 39 21 har
374 333 121 28 föreslagit,
511 335 32 19 att
558 333 114 21 förvandla
686 333 50 20 herr
746 333 91 28 Gripen-

89 368 65 28 bergs
174 368 83 21 motion
279 368 32 20 till
332 375 27 14 en
379 368 134 21 svarsadress
529 368 13 21 å
557 368 110 20 trontalet.
698 367 29 21 Så
742 367 96 28 önskligt

89 402 37 21 det
144 403 27 19 än
188 409 61 19 vore,
265 403 32 20 att
312 402 116 21 ständerne
444 403 12 20 å
471 403 105 20 trontalet
591 402 86 28 afgåfve
693 401 144 27 svarsadress,

89 443 63 14 anser
166 437 38 27 jag
220 436 45 28 mig
280 436 67 21 likväl
363 436 52 21 böra
431 436 104 29 afstyrka,
551 438 31 19 att
598 443 26 14 en
640 436 67 21 sådan
721 436 68 21 under
800 437 36 27 på-

89 471 84 27 gående
194 471 104 28 landtdag
318 471 98 28 afgifves.
446 471 11 20 I
476 478 27 14 en
523 471 135 21 svarsadress
675 471 69 20 skulle
760 471 77 20 nemli-

89 512 43 21 gen
148 505 127 27 ständerne,
296 506 32 20 sin
339 505 57 29 pligt
412 506 111 29 likmätigt,
541 506 19 27 ej
577 505 73 21 kunna
666 505 123 26 underlåta,
805 507 33 19 att

89 539 78 22 beröra
186 539 85 22 landets
292 540 91 27 styrelse
404 540 39 21 och
462 540 133 27 förvaltning
610 540 69 21 under
695 539 26 22 de
736 540 101 21 sednaste

89 573 76 22 femtio
186 574 63 26 åren,
265 581 26 14 en
307 574 112 28 tidsrymd,
436 574 129 27 hvarunder,
582 575 22 20 så
620 577 31 19 att
667 576 58 27 säga,
740 575 98 22 hvarken

89 608 119 21 Storfurste
225 608 53 21 eller
294 609 94 26 ständer,
404 611 52 19 utan
472 609 76 21 endast
562 609 141 27 byråkratien
718 609 46 21 haft
778 616 59 21 mag-

89 645 38 18 ten
142 643 7 20 i
163 643 118 21 händerne.
312 643 42 28 Jag
369 644 65 27 hyser
449 643 7 21 i
472 644 48 21 mitt
535 643 97 22 innersta
648 643 37 21 det
700 643 64 22 säkra
779 643 58 29 hopp

89 679 32 19 att
139 677 31 28 vi,
190 677 53 22 hvar
262 678 39 21 och
318 684 36 21 en,
370 678 91 21 kommit
476 679 34 20 till
526 678 70 21 denna
610 678 105 29 landtdag
729 679 50 20 med
794 678 43 21 för-

89 712 106 28 soningen
216 713 6 20 i
241 712 88 28 hjertat.
359 713 78 20 Lätom
453 713 25 20 de
495 713 54 20 döde
565 713 60 20 sofva
640 713 7 20 i
664 720 23 14 ro
704 713 39 21 och
758 713 79 20 rifvom

89 747 20 27 ej
131 753 43 22 upp
194 746 27 21 de
241 747 71 28 gamle
333 747 69 20 sären.
433 747 104 21 Arbetom
559 747 84 21 säledes
664 747 76 21 endast
760 748 27 27 pä
806 749 32 19 att

89 781 50 20 hela
156 781 27 20 de
199 781 133 21 sistnämnde
348 781 40 21 och
404 783 31 19 att
449 781 34 21 för
498 781 117 21 framtiden
631 782 107 27 ätergifva
752 781 86 21 landets

91 815 118 21 Storfurste
226 815 39 22 och
282 815 87 22 ständer
385 815 33 22 sin
433 817 110 27 naturliga
558 817 65 26 magt.

156 850 59 21 Herr
230 850 142 27 Forselles,
388 850 25 22 P.
429 850 32 22 E.:
478 850 71 22 Sedan
565 851 23 21 sä
603 851 79 28 många
696 852 67 20 talare
774 850 64 22 hafva

89 884 118 22 framhällit
223 884 26 21 de
265 884 53 27 skäl,
334 884 73 22 hvilka
423 885 44 21 tala
481 885 34 21 för
531 885 132 28 antagandet
676 886 23 21 af
708 892 27 14 en
745 886 92 27 petition

89 919 7 21 i
112 919 134 21 närvarande
261 919 85 27 ärende,
363 920 23 20 sä
401 919 39 21 har
453 920 39 28 jag
505 920 115 28 ingenting
635 922 66 19 annat
712 922 32 19 att
754 920 84 26 anföra,

89 956 27 19 än
137 955 31 19 att
186 954 39 28 jag
245 954 86 21 förenar
352 961 35 13 om
406 954 57 21 hvad
483 954 74 21 herrar
577 954 122 22 Schauman
720 954 39 22 och
774 955 64 28 Björ-

88 988 104 21 kenheim.
212 988 73 21 anfört
299 988 40 22 och
354 989 71 20 tillika
440 988 50 22 med
505 988 74 28 grefve
596 989 79 21 Creutz
688 996 34 14 om
738 991 32 19 att
784 990 7 20 i
805 990 33 20 in-

89 1030 90 21 gressen
194 1023 33 21 till
242 1023 92 28 petition
345 1023 72 21 kunde
428 1023 76 29 inflyta
515 1030 26 14 en
553 1024 136 28 underdänig
703 1024 135 28 tacksägelse

89 1058 34 20 för
137 1057 57 21 hvad
208 1057 29 21 H.
254 1058 62 27 Maj:t
331 1057 113 29 verkligen
459 1058 74 21 lofvat.

158 1092 80 21 Grefve
255 1091 107 22 Creutz:
381 1092 58 21 Herr
455 1093 74 27 Arppe
548 1092 38 21 har
602 1092 73 22 ibland
691 1095 65 19 annat
771 1094 67 26 yttrat

91 1128 31 19 att
143 1126 35 21 det
198 1126 44 21 kan
258 1128 66 20 sättas
340 1126 7 21 i
362 1126 63 28 fräga
440 1126 105 22 huruvida
561 1126 101 28 Sveriges
678 1128 106 27 grundlag
800 1134 38 14 ens

90 1168 29 13 nu
135 1160 120 28 medgifver
271 1160 117 22 ständerna
402 1162 43 20 rätt
461 1163 31 19 att
506 1161 8 20 i
530 1161 102 21 ständens
647 1162 66 26 plena
728 1162 111 21 diskutera

89 1195 117 28 petitioner
223 1202 34 13 om
273 1195 276 28 grundlagsförändringar.
580 1195 42 28 Jag
634 1197 37 20 vet
681 1197 20 27 ej
713 1196 56 21 hvad
780 1196 59 21 detta

90 1230 43 21 kan
155 1229 90 21 inverka
267 1230 29 27 pä
318 1229 115 28 lösningen
453 1229 24 21 af
495 1229 41 21 den
555 1229 61 28 fräga
639 1229 39 21 här
700 1230 138 21 diskuterats.

91 1263 102 28 Sveriges
205 1263 87 22 ständer
303 1263 94 22 behöfva
407 1270 90 15 numera
507 1264 66 27 ingen
583 1264 148 27 petitionsrätt
741 1265 8 20 i
760 1265 79 27 grund-

89 1299 128 26 lagsfrägor,
233 1299 23 26 ty
272 1298 26 21 de
313 1298 65 21 hafva
392 1298 144 21 motionsrätt.
566 1298 39 21 Att
624 1299 97 20 deremot
740 1299 22 20 vi
777 1299 62 20 alltid

89 1332 48 20 haft
157 1332 40 19 och
216 1332 65 20 hafva
300 1332 149 27 petitionsrätt
469 1333 36 19 det
524 1333 64 19 hafva
606 1333 67 19 redan
689 1332 43 20 alla
747 1332 92 20 ständen

90 1365 140 27 temmeligen
246 1365 78 27 tydligt
339 1365 111 20 förklarat.

157 1399 82 21 Vidare
254 1399 38 21 har
308 1399 50 21 herr
372 1399 82 28 Arppe,
469 1397 138 30 äberopande
623 1398 122 23 förfädrens
766 1406 73 15 exem-

90 1435 43 28 pel,
151 1433 73 22 anfört
243 1435 31 20 att
290 1434 52 21 vära
362 1433 62 22 fäder
442 1434 20 27 ej
478 1434 91 21 vandrat
582 1434 29 29 pä
625 1434 157 29 petitionernas
797 1436 43 26 väg

136 1474 53 24 Högl.
202 1474 48 17 Ridd
267 1474 29 17 och
308 1473 64 18 Adelns
384 1474 66 18 Protok.
749 1475 23 17 2
