992 1698
710 100 77 34 199

67 180 83 21 indelta
164 180 70 21 finska
251 179 110 22 militären
376 180 49 21 frän
441 179 152 29 skyldigheten
607 181 31 20 att
648 179 59 22 förse
718 179 46 21 sine
776 177 44 23 sol-

67 215 62 20 dater
144 214 50 21 med
206 214 50 27 jord
272 215 40 20 och
328 215 55 27 torp,
394 216 52 19 utan
459 216 32 19 att
505 214 26 21 de
542 215 36 20 mä
588 215 22 20 fä
620 215 50 20 med
681 214 48 21 dem
740 215 76 20 härom

67 248 49 21 bäst
129 248 26 21 de
170 247 74 22 kunna
256 248 92 28 jemnka
362 249 40 20 och
418 248 194 21 öfverenskomma.

136 282 58 21 Herr
209 282 199 28 Björkenheim,
424 283 25 20 L.
466 283 35 26 M.,
516 282 96 28 begärde
628 282 61 21 ordet
705 283 40 20 och
762 289 54 22 upp-

68 316 54 21 läste
138 317 32 20 ett
186 317 22 20 sä
223 316 93 28 lydande
332 316 104 28 skriftligt
450 316 149 28 andragande:

136 351 75 21 Under
231 351 88 21 sednast
338 351 102 21 förflutne
461 351 27 21 50
509 351 23 21 år
551 351 65 21 hafva
631 351 52 21 flere
699 351 68 27 olika,
783 351 34 21 för

67 385 71 22 finska
156 387 81 26 staten,
252 386 65 28 högst
335 385 133 22 kostsamma
483 385 258 29 militäruppsättningar,
757 386 59 21 inom

68 420 214 27 storfurstendömet,
298 421 37 26 ägt
354 426 55 15 rum.
439 419 33 22 De
489 420 61 21 fleste
565 419 25 21 af
607 419 48 21 dem
670 419 75 28 hafva,
761 420 56 21 efter

68 461 27 14 en
110 455 88 20 kortare
214 455 92 26 tillvaro,
317 455 47 21 äter
374 455 24 20 af
406 454 68 21 andra
483 454 72 21 blifvit
565 455 86 26 ersatte,
662 454 75 21 hvilka
749 454 68 21 andra

69 489 47 21 åter
135 489 59 21 inom
214 489 58 27 kort,
288 489 82 21 lemnat
388 495 57 21 rum,
461 489 34 21 för
514 489 47 21 åter
581 489 67 21 andra
667 496 44 21 nya
726 489 90 22 militär-

68 523 322 29 uppsättningsexperimenter.

136 558 71 21 Bland
226 559 42 20 alla
286 558 72 27 desse,
374 558 32 21 tid
421 558 55 21 efter
492 564 81 21 annan,
589 558 122 27 öfvergifne
727 558 90 21 militär-

68 593 236 28 uppsättningsförsök,
320 593 38 22 har
374 593 66 28 ingen
456 593 55 22 varit
527 593 24 21 sä
566 593 103 27 kostsam,
686 593 23 21 sä
725 593 48 21 frän
783 594 34 20 sin

67 627 71 22 födsel
159 628 122 27 obestämd,
302 628 24 21 sä
345 628 39 21 allt
404 629 58 20 ännu
482 627 133 22 fortfarande
630 627 7 21 i
652 627 78 28 högsta
749 629 68 20 mätto

68 662 190 29 prosessgifvande
277 669 46 15 som
343 662 171 29 uppsättningen
534 662 40 21 och
594 662 144 21 fortfarandet
753 663 24 20 af
791 662 26 21 de

68 697 125 22 nuvarande
208 697 82 21 indelta
306 697 157 28 bataljonerne.

136 732 36 21 Dä
187 739 28 13 nu
232 731 24 22 sä
270 732 80 28 mänga
364 731 68 22 andra
447 731 312 29 militäruppsättningsförsök
771 731 48 21 haft

70 767 24 21 sä
113 766 63 21 korta
195 766 102 27 beständ,
314 767 23 20 är
356 765 36 22 det
410 766 53 28 föga
480 766 85 28 troligt,
581 767 32 20 att
632 766 41 21 den
693 766 126 21 nuvarande

68 801 167 21 kostsammaste
251 801 41 20 och
307 800 108 21 mähända
430 801 65 21 minst
510 800 117 28 tidsenliga
641 800 83 21 indelta
739 800 79 21 militä-

69 842 49 20 ren,
135 835 56 21 skall
210 835 74 21 kunna
302 835 22 21 få
342 842 28 14 en
390 835 74 21 alltför
479 835 51 28 lång
545 835 96 26 tillvaro,
657 835 67 21 innan
739 834 41 22 den
797 835 24 21 af

70 877 71 15 annan
156 870 92 27 landets,
264 869 108 22 mähända
386 870 90 21 värfvad
491 869 88 27 militär,
590 870 99 20 kommer
705 871 32 19 att
752 870 66 20 ersät-

68 907 41 25 tas,
126 904 39 22 och
181 905 7 20 i
203 904 66 28 detta,
280 911 46 14 mer
342 905 27 20 än
385 904 91 28 möjliga
490 904 45 28 fall,
546 905 24 20 är
584 904 37 21 det
635 904 35 21 väl
685 904 64 28 högst
765 903 53 21 nöd-

68 939 90 28 vändigt
177 940 31 20 att
223 940 53 26 göra
292 939 134 28 ätergängen
441 939 33 21 för
490 938 74 22 landet
579 939 24 21 sä
617 938 49 21 litet
681 937 138 29 betungande

69 981 46 14 som
132 974 91 27 möjligt.
254 974 43 28 Jag
312 980 75 14 menar
402 973 54 21 söka
468 974 102 20 befrielse
581 973 48 21 från
640 972 131 29 soldattorps
782 980 37 13 an-

69 1008 108 28 läggande
193 1008 40 21 och
248 1008 149 28 bebyggande.

137 1042 70 21 Desse
223 1042 34 21 för
273 1042 26 21 de
314 1042 83 21 indelte
413 1042 124 21 soldaterne
553 1041 118 21 anbefallte
687 1043 58 25 torp,
761 1042 37 19 äro
812 1040 8 20 i

70 1077 93 27 sanning
183 1077 66 27 ingen
268 1076 95 27 smäsak,
378 1076 84 21 hvilket
479 1076 31 27 få,
525 1076 72 20 bättre
613 1076 27 20 än
653 1076 49 27 jag,
717 1082 46 14 som
779 1074 42 22 fått

69 1112 46 27 mig
128 1111 68 28 några
207 1111 40 21 och
258 1110 74 22 trettio
344 1110 129 22 soldatrotar
484 1110 117 26 tilldelade,
613 1110 74 20 kunna
697 1109 123 21 bedömma.

138 1145 105 27 Hvartill,
259 1145 34 21 för
308 1145 76 28 öfrigt,
402 1145 70 21 denna
488 1146 12 20 &
514 1145 43 21 alla
575 1144 58 22 sidor
652 1144 104 28 missnöje
771 1146 49 19 väc-

70 1180 71 21 kande
157 1180 183 28 torpanläggning
356 1180 55 21 skall
426 1180 69 27 tjena,
513 1180 44 21 kan
569 1180 40 27 jag
628 1179 40 21 och
685 1179 53 21 flere
754 1178 68 21 andra

70 1215 84 20 landets
173 1215 159 28 innebyggare,
348 1215 20 27 ej
385 1215 75 20 förstå.
490 1214 157 21 Rotehällaren
667 1214 86 27 tvingas
773 1213 48 21 der-

70 1249 93 21 medelst
183 1251 31 19 att
238 1249 67 21 oftast
324 1249 12 21 &
351 1249 97 28 aflägsna
464 1249 127 28 jordlappar
610 1250 32 26 (ty
660 1249 43 20 han
723 1249 98 20 hvarken

71 1283 38 21 vill
130 1283 53 21 eller
203 1283 43 22 kan
267 1284 59 20 inom
345 1283 47 21 sine
408 1284 109 21 närmaste
532 1283 105 28 hemägor
652 1283 75 27 intaga
743 1283 78 20 soldat-

71 1319 87 26 torpen)
174 1318 92 27 anlägga
282 1317 87 27 mycket
384 1318 54 26 dyra
454 1317 79 22 sådana
548 1317 49 21 med
613 1318 25 26 13
654 1316 106 21 tunnland
770 1317 52 20 åker

71 1351 40 21 och
127 1351 69 27 några
211 1351 111 21 skrindors
332 1351 81 21 höland
424 1351 99 21 försedde
535 1353 56 25 torp,
602 1351 24 20 af
634 1350 74 21 hvilka
719 1350 103 27 aflägsne,

72 1386 23 21 så
110 1386 80 27 ytterst
205 1385 47 21 små
266 1385 134 28 lägenheter,
414 1385 42 22 han
472 1391 45 21 sen,
534 1385 53 21 eller
603 1391 34 14 om
651 1383 83 22 indelta
747 1383 75 22 armén

71 1420 93 29 upphör,
180 1421 20 28 ej
216 1420 44 21 kan
280 1420 66 29 draga
361 1420 97 29 ringaste
474 1421 71 28 nytta,
561 1421 23 26 ty
600 1420 83 20 ensamt
698 1418 97 23 bränslet
810 1418 13 22 å
