992 1695
190 119 42 22 200

161 185 63 20 desse
244 184 142 28 backstugor,
401 183 69 23 skulle
490 185 46 21 ofta
550 185 63 20 kosta
627 185 126 20 hemmanet
767 191 60 14 mera
843 185 27 20 än
885 185 28 20 de

161 218 75 21 kunna
260 218 92 22 afränta.
381 218 142 21 Beträffande
545 219 48 20 åter
608 218 41 21 den
665 218 83 21 indelta
763 218 108 27 soldaten,
890 219 24 21 så

162 259 52 14 vore
230 253 34 20 för
278 252 80 21 honom
374 252 62 21 desse
452 254 48 27 torp
516 252 24 21 af
552 254 27 20 än
595 253 69 21 större
681 253 123 28 olägenhet.
834 253 80 28 Många

162 287 25 21 af
200 287 48 22 dem
260 288 37 20 äro
309 286 167 27 handtverkare,
491 294 46 14 som
553 287 78 28 alldrig
645 287 59 22 skött
717 287 41 22 och
773 287 57 22 hvad
845 289 69 25 värre,

163 321 79 28 alldrig
256 321 75 22 kunna
342 321 46 22 lära
398 321 34 28 sig
447 323 32 19 att
494 322 63 21 sköta
572 323 31 19 ett
617 321 107 28 jordbruk
738 334 28 3 —
777 322 39 21 och
831 322 84 21 hvilket

160 355 117 30 jordbruk,
293 362 35 15 om
343 355 27 22 de
386 356 27 21 än
429 355 73 22 dertill
517 356 74 21 kunna
605 355 96 29 tvingas;
717 356 90 21 sålunda
821 356 39 21 illa
875 357 40 20 och

163 390 117 29 motvilligt
295 390 109 27 bedrifvit,
421 390 73 21 säkert
510 390 65 22 också
590 390 55 21 skall
665 390 60 29 gifva
740 398 27 14 en
786 391 24 21 så
829 391 87 28 eländig

163 425 133 28 afkastning,
312 426 32 20 att
359 425 27 21 de
401 425 97 21 deremot
514 425 22 21 få
551 426 27 20 än
595 426 68 20 större
679 425 106 27 motvilja.
815 425 65 21 Flere
895 426 24 20 af

163 460 63 21 desse
242 466 83 15 samma
340 459 102 27 soldater,
456 460 67 21 hafva
538 459 59 21 förut
609 460 46 20 sine
667 466 56 22 egna
735 460 46 20 små
789 460 126 28 jordlägen-

163 495 63 21 heter
246 494 40 22 och
307 494 116 28 boningar,
439 494 38 21 der
498 494 27 22 de
545 494 58 21 helst
621 494 27 21 bo
665 494 40 22 och
721 501 81 21 ogerna
818 494 98 28 öfverge,

164 529 68 21 andra
250 528 65 22 hafva
329 528 100 29 betingat
449 529 33 28 sig
502 528 102 22 bostäder
623 528 38 22 hos
677 529 47 21 sine
740 528 107 22 föräldrar
863 528 54 21 eller

165 564 126 28 slägtingar,
308 564 27 20 än
351 563 52 21 flere
419 563 40 21 och
476 563 36 22 det
527 562 50 22 vida
588 562 160 29 öfvervägande
759 563 83 21 antalet
852 563 65 21 hafva

164 598 8 21 i
182 599 44 21 års-
236 598 53 21 eller
300 604 72 15 annan
385 597 149 29 socknetjenst
547 597 72 22 såsom
634 597 159 22 handtverkare
804 597 77 28 ingått,
890 597 27 22 då

165 632 125 28 afflyttning
305 632 35 21 till
356 632 26 21 de
397 632 97 28 aflägsna
504 634 77 27 torpen
592 632 73 21 blefve
677 632 34 21 för
722 632 57 27 dem,
790 632 127 28 isynnerhet

164 674 35 14 om
219 666 26 22 de
264 666 51 22 idka
330 666 122 22 handtverk
468 667 41 21 och
523 666 64 22 deraf
599 666 54 28 vilja
668 666 98 28 påräkna
781 666 135 28 betydligare

165 701 136 28 biförtjenst,
316 701 66 28 högst
397 701 87 28 oläglig.

232 736 12 20 I
255 735 98 28 Sverige,
361 736 37 20 det
406 734 56 22 enda
469 736 59 26 land,
537 736 59 21 utom
605 735 54 27 vårt,
668 735 38 21 der
714 734 203 30 indelningsverket

165 771 24 20 är
208 770 77 27 infört,
301 770 38 21 der
358 770 120 21 detsamma
494 770 121 26 oafbrutet,
631 769 66 22 sedan
713 769 51 22 Carl
785 770 42 20 den
841 769 76 22 XI:tes

165 804 31 21 tid
215 804 96 22 fortfarit
326 804 39 21 och
381 804 111 22 utvecklat
507 804 44 28 sig,
567 804 39 21 och
622 804 83 21 hvilket
720 804 51 21 land
786 804 132 22 härutinnan

165 838 84 21 säledes
264 839 40 21 bör
318 839 74 20 kunna
407 839 61 28 tjena
484 846 35 13 oss
534 838 34 21 till
582 838 120 27 föredöme,
719 839 52 27 äger
786 839 131 21 rotehällare

165 873 51 22 med
235 873 82 22 indelte
338 873 133 27 soldaterne,
487 875 32 20 att
535 872 47 22 fritt
598 872 191 22 öfverenskomma
803 881 36 14 om
855 873 62 22 deras

165 907 97 28 aflöning
277 907 40 22 och
332 907 88 27 bostad,
434 915 52 14 vare
503 907 34 28 sig
552 907 49 22 med
617 907 53 21 eller
686 909 51 20 utan
754 910 55 26 torp,
825 908 40 21 och
878 909 40 27 jag

165 942 38 21 vill
219 941 87 22 derföre
321 949 51 14 vara
388 941 129 29 öfvertygad
533 949 42 19 om,
590 943 32 20 att
638 942 64 21 äfven
717 942 70 21 finska
803 942 116 21 rotehälla-

165 983 40 14 ren
220 976 41 21 och
276 976 50 21 dess
341 976 82 22 indelte
439 977 71 21 soldat
525 977 36 21 mä
575 976 84 21 lemnas
675 983 82 14 samma
772 977 73 20 frihet.
875 977 44 28 Jag

165 1012 37 19 vet
217 1011 34 20 väl
265 1011 32 20 att
307 1011 45 20 förr
362 1010 78 29 gjorda
451 1011 151 27 underdäniga
613 1011 145 21 anhällanden
770 1018 35 14 om
816 1011 102 22 befrielse

165 1045 49 20 från
226 1045 132 28 soldattorps
371 1044 136 30 anläggande
521 1045 40 22 och
572 1045 143 29 bebyggande
727 1045 73 22 blifvit
813 1045 106 29 afslagne,

166 1087 51 13 men
232 1079 63 21 desse
311 1080 58 20 förre
385 1079 153 28 anhållanden,
554 1080 65 22 hafva
634 1080 63 21 skedt
713 1080 74 20 alltför
803 1080 115 28 isolerade,

167 1114 40 20 och
222 1113 28 21 H.
266 1113 27 21 K.
309 1113 63 29 Maj:t
387 1114 39 21 har
437 1114 23 21 af
470 1114 49 22 dem
531 1115 20 27 ej
564 1114 73 22 blifvit
647 1114 142 21 underrättad
801 1121 35 15 om
849 1115 70 21 finska

166 1148 81 21 folkets
269 1148 134 22 allmännare
425 1148 93 28 önskan,
539 1155 49 15 men
609 1156 27 14 en
657 1148 136 29 underdånig
817 1149 102 22 anhållan

167 1183 85 26 härom,
273 1182 122 22 framställd
415 1182 24 21 af
452 1183 85 21 landets
553 1183 98 26 ständer,
667 1183 53 21 eller
736 1190 35 14 om
787 1183 40 22 ock
843 1183 76 21 endast

167 1217 24 21 af
209 1217 67 27 något
296 1217 24 21 af
338 1216 102 28 stånden,
460 1218 24 20 är
501 1218 40 28 jag
561 1217 49 21 fullt
631 1217 129 27 öfvertygad
780 1225 35 14 om
835 1220 32 18 att
882 1218 38 21 vår

168 1250 59 26 ädla,
250 1250 137 27 högsinnade
407 1250 40 21 och
468 1251 34 20 för
518 1250 105 22 Finlands
639 1251 94 27 välgång
748 1250 24 21 så
787 1252 71 20 ömma
874 1250 46 22 Mo-

168 1283 54 22 nark
238 1284 20 27 ej
275 1283 55 22 skall
346 1283 62 22 afslå.

236 1318 81 21 Grefve
333 1317 93 22 Creutz
441 1319 74 21 anhöll
526 1325 34 15 om
573 1319 159 28 bordläggning
745 1319 24 21 af
777 1319 143 22 memorialet.

236 1353 59 21 Herr
309 1359 43 15 von
367 1353 153 22 Bonsdorff:
535 1353 43 29 Jag
593 1356 62 26 tager
670 1354 35 21 för
720 1354 94 29 afgjordt
830 1356 31 19 att
877 1355 43 21 frå-

169 1395 42 21 gan
226 1387 100 22 kommer
341 1390 32 19 att
388 1387 124 23 remitteras
525 1388 33 22 till
569 1389 204 21 besvärsutskottet.
794 1389 43 30 Jag
849 1390 71 21 skulle

170 1422 85 25 derföre
275 1423 27 24 be
319 1425 33 22 att
366 1423 7 22 i
388 1423 120 32 anledning
522 1424 24 23 af
558 1423 51 24 herr
623 1424 169 30 Björkenheims
807 1425 113 22 memorial
