992 1698
742 120 42 21 289

59 185 80 30 mängd
151 186 88 29 duglige
252 186 167 27 handtverkare,
429 187 27 20 än
467 186 44 21 idel
522 185 144 28 jordbrukare
677 198 28 3 —
710 185 103 29 jordbru-

58 221 54 21 kare
125 221 56 20 både
194 221 49 20 med
257 221 40 20 och
310 222 45 19 mot
367 221 32 20 sin
417 227 55 22 egen
484 220 55 27 vilja
552 220 40 21 och
604 220 153 28 följakteligen
770 220 43 21 till-

59 255 126 26 konstlade;
201 255 26 20 de
239 255 38 20 der
297 255 63 20 sköta
376 255 37 20 sitt
425 254 108 28 jordbruk
548 254 76 21 endast
639 255 48 26 vår,
702 255 50 20 höst
773 254 40 21 och

59 289 71 20 vinter
143 291 56 18 samt
210 289 112 27 tillbringa
333 289 118 20 andetiden
462 289 36 20 vid
508 289 72 27 lägret
588 300 27 3 —
623 288 46 21 lika
682 295 46 14 som
737 288 7 21 i
753 289 24 20 år
786 301 25 3 —

60 322 42 21 den
118 323 31 20 tid
165 322 26 21 då
204 323 160 28 jordbrukaren
380 323 48 21 bäst
443 323 105 21 behöfdes
564 323 37 21 vid
616 323 38 21 sitt
666 323 115 28 jordbruk.

127 357 33 20 Af
177 357 37 21 det
233 357 58 21 hvad
307 359 40 26 jag
367 365 30 13 nu
413 357 7 20 i
435 357 88 21 korthet
539 357 46 21 haft
600 359 53 19 äran
674 357 85 27 anföra,
775 357 38 21 vill

57 391 40 28 jag
112 391 85 21 derföre
213 392 90 25 föreslå,
320 394 31 18 att
366 391 89 29 höglofl.
471 391 151 28 ridderskapet
637 391 41 21 och
688 391 64 21 adeln
763 391 51 21 ville

60 425 51 21 med
125 425 46 28 mig
187 425 75 22 förena
279 426 33 27 sig
328 426 77 27 deruti,
421 428 31 19 att
468 426 86 21 ståndet
570 426 69 21 skulle
654 426 40 21 hos
707 426 29 21 H.
752 425 63 29 Maj:t

60 459 110 28 Kejsaren
186 460 6 20 i
209 460 174 29 underdånighet
403 460 87 21 anhålla
510 467 35 15 om
566 460 66 21 sådan
652 460 121 28 förklaring
793 460 24 21 af

61 494 220 28 knektekontraktet,
302 497 31 19 att
354 495 37 21 det
410 495 48 21 fritt
473 495 68 22 måtte
557 495 23 21 få
593 495 53 21 bero
662 495 24 21 af
698 495 117 21 rotehälla-

61 536 39 14 ren
121 530 32 22 att
173 530 50 21 med
242 530 33 21 sin
295 530 70 21 soldat
384 530 13 21 å
416 532 62 20 rotan
502 530 190 22 öfverenskomma
714 537 34 14 om
771 530 43 22 han

62 564 55 21 skall
133 566 110 26 emottaga
258 566 48 27 torp
323 565 53 21 eller
391 564 55 22 icke.

130 600 59 21 Herr
204 600 199 28 Björkenheim,
419 600 25 22 L.
460 600 40 22 M.:
516 600 44 28 Jag
571 600 69 22 måste
651 602 59 20 ännu
720 600 96 22 vidhålla

62 635 44 21 min
127 635 100 29 petition.
258 635 43 29 Jag
321 636 39 20 har
378 636 70 21 under
469 636 153 21 diskussionen
642 636 75 21 derom
732 636 82 27 funnit,

62 671 32 20 att
107 670 53 22 flera
176 671 23 21 af
213 671 96 21 ståndets
331 670 65 22 värde
416 670 121 22 ledamöter
552 671 104 21 förutsatt
671 671 145 29 möjligheten

62 705 24 21 af
103 705 84 21 indelta
206 706 121 20 militärens
352 713 34 14 om
413 706 49 21 icke
482 706 133 28 upplösning
638 707 24 20 så
684 706 132 21 åtminstone

62 740 181 28 reorganisation.
274 740 42 28 Jag
336 740 79 28 frågar,
432 747 35 15 om
482 740 37 22 det
535 748 35 19 nu,
591 741 69 21 under
681 740 72 22 denna
771 743 45 19 tve-

63 774 121 29 hågsenhet
201 781 52 15 vore
274 776 43 20 rätt
333 775 40 21 och
388 775 74 28 billigt
478 776 32 20 att
525 776 134 21 fortfarande
675 775 74 21 fordra
764 782 53 22 upp-

64 809 125 29 byggandet
210 810 24 20 af
252 809 127 29 soldattorp,
395 816 46 14 som
462 810 66 21 sedan
545 812 60 19 snart
620 816 79 22 genom
715 817 27 14 en
758 816 58 15 reor-

64 844 123 27 ganisation
203 844 72 21 blefve
291 844 104 29 onyttiga.
427 844 43 29 Jag
484 845 40 21 har
538 844 40 22 här
594 844 23 22 af
625 844 53 22 flera
688 845 69 21 talare
768 845 50 21 hört

64 880 137 25 omnämnas,
217 881 32 18 att
269 879 76 21 endast
366 879 51 27 den,
434 886 46 14 som
498 879 40 21 har
558 886 55 21 egen
631 879 61 28 jord,
708 879 44 21 kan
767 879 50 21 med

65 913 130 21 mannamod
211 913 40 21 och
266 913 210 22 fosterlandskärlek
491 914 97 21 försvara
604 914 38 21 sitt
657 913 52 22 land
720 914 40 21 och
771 920 46 15 som

65 948 101 28 exempel
188 948 39 21 har
250 956 49 13 man
319 949 78 20 citerat
414 948 42 21 den
475 948 24 21 af
516 948 38 22 vår
575 948 101 28 odödliga
696 948 63 21 skald
780 948 38 21 be-

64 983 95 27 sjungna
180 983 110 21 militären
311 983 48 21 från
381 983 53 20 1809
455 983 35 20 års
510 982 56 28 krig.
596 982 70 22 Tiden
687 982 27 21 då
733 982 40 21 och
788 989 30 14 nu

66 1018 38 20 äro
120 1017 55 21 dock
190 1017 46 21 helt
252 1017 67 27 olika;
335 1016 72 22 denna
421 1017 33 20 tid
468 1024 38 14 var
522 1016 36 21 det
574 1017 19 27 ej
611 1017 103 27 ovanligt,
726 1018 31 19 att
772 1017 46 20 lan-

66 1051 48 21 dets
132 1051 133 21 innevånare
286 1051 35 21 åto
338 1051 158 21 barkblandadt
514 1051 54 21 bröd
588 1052 39 20 och
643 1053 31 19 ett
690 1052 48 26 torp
754 1051 24 20 af
792 1052 26 26 13

66 1086 117 20 tunnlands
201 1085 51 29 jord
272 1085 40 21 och
331 1086 27 20 60
373 1086 49 28 lisp.
437 1086 29 21 hö
481 1085 74 21 kunde
572 1085 41 21 den
628 1085 60 21 tiden
704 1092 52 14 vara
775 1084 44 22 till-

65 1120 94 27 räckligt
180 1120 33 20 för
233 1126 27 15 en
277 1120 78 28 soldat;
375 1126 91 24 numera
481 1122 23 18 är
520 1120 60 21 tiden
595 1119 117 22 förändrad
728 1119 40 21 och
781 1120 39 27 jag

66 1154 83 28 frågar,
166 1162 35 13 om
220 1155 42 20 den
277 1155 77 27 soldat,
371 1162 45 14 som
433 1155 79 21 svälter
526 1154 29 28 på
571 1154 37 21 sitt
623 1156 59 26 torp,
699 1154 55 21 skall
769 1153 50 22 med

67 1196 61 14 mera
143 1189 50 21 mod
209 1189 98 21 försvara
323 1189 37 21 sitt
375 1188 58 27 land,
449 1190 27 20 än
492 1189 49 26 den,
558 1195 45 14 som
620 1189 36 21 det
671 1189 94 25 förutan,
781 1188 40 21 har

67 1223 33 21 sin
123 1223 87 29 dagliga
234 1223 97 21 utkomst
355 1223 73 21 säkert
448 1223 128 28 betryggad.
606 1222 34 22 En
660 1230 73 14 annan
751 1222 70 20 talare

66 1258 40 20 har
121 1259 74 26 yttrat,
207 1259 32 19 att
255 1258 36 20 det
307 1258 20 27 ej
343 1264 52 15 vore
409 1257 94 28 värdigt,
518 1258 31 20 att
565 1258 20 26 ej
602 1256 58 22 förse
676 1256 85 22 landets
777 1256 44 20 för-

68 1299 87 13 svarare
171 1292 50 20 med
236 1292 37 20 tak
289 1292 60 20 öfver
363 1291 89 21 hufvud.

134 1326 69 20 Detta
221 1326 102 27 yttrande
341 1326 38 20 vill
395 1326 40 26 jag
456 1332 51 13 anse
529 1324 73 28 skjuta
617 1325 61 20 öfver
692 1325 77 26 målet;
785 1324 36 20 det

69 1361 23 19 är
112 1359 35 21 väl
167 1360 19 27 ej
206 1359 95 28 möjligt,
319 1361 32 18 att
369 1365 35 14 om
424 1359 66 20 också
508 1358 98 21 soldaten
622 1359 20 26 ej
659 1358 33 21 får
711 1359 58 26 torp,
786 1358 36 21 det

69 1393 67 22 likväl
157 1394 20 27 ej
195 1393 54 22 skall
267 1393 139 27 bestämmas,
422 1393 56 20 buru
494 1399 26 14 en
535 1392 67 22 sådan
618 1391 70 22 soldat
703 1392 56 21 skall
773 1391 50 22 her-

69 1429 110 28 bergeras.
210 1428 43 29 Jag
274 1429 70 20 skulle
365 1428 85 21 således
466 1435 62 20 anse,
544 1429 32 20 att
591 1434 27 15 en
633 1427 136 28 underdånig
784 1433 37 15 an-

92 1469 53 23 Högl.
159 1469 52 18 Ridd.
225 1470 29 16 och
267 1469 64 17 Adelns
343 1469 67 18 Protok.
733 1468 22 17 19
