992 1695
193 134 43 21 198

162 199 72 27 stånd,
255 201 32 19 att
304 199 54 21 hvar
377 199 59 21 inom
457 200 38 21 sitt
515 199 63 21 stånd
597 199 69 21 väcka
681 199 62 28 fråga
757 199 82 22 derom.
869 199 44 29 Jag

162 233 70 21 skulle
247 233 73 21 derför
330 233 158 21 vördsammast
499 233 94 27 anhålla,
605 235 31 18 att
650 233 51 21 herr
711 233 68 22 baron
793 234 39 21 och
843 234 70 21 landt-

162 268 139 21 marskalken
319 267 51 22 ville
389 267 97 29 tillfråga
505 267 152 28 ridderskapet
673 267 39 22 och
728 268 64 21 adeln
808 268 106 21 huruvida

162 302 87 21 ståndet
264 303 20 27 ej
300 302 52 21 ville
367 302 75 21 bifalla
458 302 79 27 dertill,
553 303 32 20 att
601 302 43 21 alla
659 302 123 21 utskottens
793 303 120 21 betänkan-

162 336 42 21 den
216 337 71 27 jemte
303 336 49 21 dem
367 336 121 27 åtföljande
503 336 160 21 reservationer
680 336 68 21 måtte
760 337 33 20 till
805 337 61 27 tryck
877 337 37 20 be-

162 370 84 21 fordras
261 371 29 28 på
305 370 94 22 svenska
414 370 40 21 och
469 371 70 20 finska
552 370 94 28 språken
662 370 39 21 och
715 370 23 21 så
749 371 80 28 många
841 378 72 13 exem-

161 405 49 27 plar
225 407 68 25 tagas,
308 407 32 18 att
355 405 75 26 hvarje
446 405 176 25 ståndsmedlem,
638 405 113 20 äfvensom
763 405 103 20 ståndens
877 405 38 20 be-

161 439 86 28 tjening
265 438 63 21 deraf
346 438 73 21 kunde
439 439 83 20 erhålla
543 440 30 19 ett
594 439 112 27 exemplar
726 445 27 14 en
773 439 54 20 hvar
849 439 12 20 å
877 439 38 20 det

162 473 66 28 språk
243 473 43 22 han
301 475 24 19 är
339 473 90 28 mäktig.
460 473 117 22 Dessutom
598 473 70 21 skulle
686 473 39 28 jag
745 473 52 21 utbe
812 473 55 28 mig,
883 475 32 19 att

162 508 7 21 i
185 507 157 29 sammanhang
353 507 90 22 härmed
458 507 22 22 få
494 509 81 20 nämna
587 508 68 27 några
666 507 45 22 ord.
738 507 33 21 På
782 507 132 28 föregående

162 542 114 28 riksdagar
291 542 40 21 har
346 542 123 28 vanligtvis,
485 542 56 21 dock
557 542 19 27 ej
593 542 28 28 på
636 542 49 27 alla,
700 542 57 21 varit
771 542 104 28 brukligt,
884 545 31 18 att

162 576 164 29 ridderskapets
342 576 40 22 och
397 577 75 20 adelns
487 576 196 29 pleniprotokoller
700 576 71 21 blifvit
786 577 129 21 befordrade

162 611 35 21 till
219 611 69 28 tryck.
319 611 43 28 Jag
386 611 66 28 vågar
478 611 86 21 derföre
589 610 158 21 vördsammast
770 611 90 27 föreslå,
883 613 33 19 att

164 645 64 22 äfven
254 645 37 21 vid
316 638 149 39 innevarande
478 638 111 39 landtdag
613 643 152 30 ridderskapet
788 645 39 21 och
851 642 64 25 adein

163 680 67 21 måtte
246 680 55 21 fatta
316 679 77 22 sådant
408 679 78 27 beslut,
498 681 56 19 samt
565 681 32 19 att
608 679 223 22 riddarhusutskottet
845 680 70 21 skulle

163 714 124 28 uppdragas
309 715 32 20 att
360 721 36 14 om
416 713 50 22 dess
486 713 115 22 utförande
621 713 93 28 besörja.
743 714 82 21 Vidare
845 715 70 20 skulle

160 749 40 28 jag
215 749 90 26 föreslå,
321 750 32 19 att
368 749 75 28 hvarje
459 749 84 21 utskott
558 749 57 28 finge
632 749 122 28 ombesörja
770 749 145 28 tryckningen

163 783 24 21 af
197 783 46 21 sine
255 783 160 27 betänkanden,
426 784 75 21 hvilka
511 783 67 22 borde
591 783 87 28 vidtaga
692 785 78 26 genast
779 785 56 20 samt
843 784 72 29 fortgå

163 818 7 21 i
181 818 42 21 den
238 825 51 14 mon
304 818 103 22 arbetet
398 814 13 38 i
422 819 111 21 utskotten
545 818 148 27 framskrider,
707 818 40 21 och
761 820 32 19 att
806 818 26 22 de
845 819 70 28 öfriga

164 852 92 22 stånden
276 860 78 20 genom
373 852 200 28 protokollsutdrag
589 853 70 21 skulle
674 852 138 22 underrättas
828 860 35 14 om
879 853 37 21 det

163 887 82 27 beslut,
268 887 61 21 hvari
355 887 150 28 ridderskapet
526 887 40 21 och
587 887 64 21 adeln
671 888 95 26 stannar,
788 888 71 21 såvidt
879 888 37 21 det

165 922 67 27 angår
248 921 118 21 utskotten.

233 956 46 20 Och
300 962 46 14 som
366 956 27 20 de
413 956 160 28 propositioner
592 956 75 21 hvilka
685 956 8 20 i
712 956 97 28 enlighet
826 956 90 21 härmed

165 990 24 20 af
207 990 50 20 herr
277 990 201 21 landtmarskalken
500 990 146 21 framställdes
666 990 24 21 af
709 990 86 21 ståndet
811 991 106 28 enhälligt

164 1024 84 27 bifölls,
268 1024 70 21 skulle
359 1024 142 22 medstånden
522 1032 35 14 om
576 1024 60 22 detta
650 1024 79 28 beslut,
745 1025 71 21 såvidt
831 1025 36 21 det
883 1027 33 19 ut-

164 1059 88 21 skotten
276 1058 74 27 rörde,
370 1059 111 21 meddelas
504 1059 159 21 underrättelse
685 1066 78 21 genom
786 1060 130 28 protokolls-

165 1093 88 28 utdrag,
278 1093 111 21 äfvensom
415 1093 222 21 riddarhusutskottet
660 1094 67 21 borde
750 1094 29 27 på
803 1094 114 21 enahanda

165 1128 43 20 sätt
226 1126 66 22 undfå
313 1127 34 21 del
368 1127 24 21 af
409 1127 95 22 beslutet
523 1127 93 22 rörande
636 1128 118 28 tryckning
775 1128 23 21 af
819 1128 97 22 ståndets

166 1161 203 28 pleniprotokoller.

233 1229 124 27 Föredrogs
377 1230 40 20 och
437 1230 112 26 upplästes
569 1232 31 18 ett
615 1231 24 19 af
652 1231 50 20 herr
717 1232 200 25 Björkenheim,

164 1261 26 21 L.
205 1262 40 26 M.,
260 1262 122 21 inlemnadt
396 1263 123 26 memorial,
535 1263 93 27 lydande
644 1264 100 21 sålunda:

232 1295 48 22 Hos
295 1295 148 28 högvälborne
458 1296 51 21 herr
524 1297 67 21 baron
608 1297 39 21 och
663 1297 201 22 landtmarskalken
876 1298 40 21 och

164 1329 59 29 högl.
238 1329 153 30 ridderskapet
406 1330 40 21 och
461 1331 64 21 adeln
541 1331 33 22 får
587 1332 39 28 jag
642 1332 124 28 ödmjukast
781 1333 88 21 anhålla
879 1333 37 21 det

166 1364 151 29 ridderskapet
336 1365 40 22 och
395 1365 64 22 adeln
477 1365 51 22 ville
547 1366 81 22 föreslå
646 1367 25 21 de
693 1367 70 28 öfrige
779 1368 90 21 stånden
885 1370 32 20 att

166 1399 76 22 förena
256 1399 33 29 sig
300 1407 34 14 om
346 1407 26 14 en
384 1407 125 21 gemensam
523 1401 136 29 underdånig
668 1403 105 27 petitions
784 1403 133 28 afgifvande,

166 1434 37 22 det
221 1434 63 22 Hans
304 1434 61 29 Kejs.
385 1435 64 28 Maj:t
465 1436 68 21 måtte
553 1436 70 22 befria
643 1437 160 22 rotehållarene
822 1438 37 21 vid
874 1439 42 21 den
