992 1695
732 132 37 20 141

56 204 45 13 som
117 196 97 21 kommer
229 197 31 20 att
275 197 50 28 afgå
340 197 33 20 till
389 197 36 20 det
440 196 88 27 utskott,
544 197 31 20 dit
585 197 75 27 frågan
671 197 129 26 remitteras,

55 231 76 20 förena
147 231 33 27 sig
195 230 49 21 med
258 231 45 27 mig
317 231 6 20 i
339 231 35 21 det
389 231 101 28 yttrande
506 233 31 19 att
550 232 105 20 utskottet
668 231 65 21 borde
743 232 58 20 fästa

56 265 111 26 synnerlig
182 265 191 27 uppmärksamhet
387 265 36 20 vid
438 265 41 21 den
496 265 121 28 möjlighet,
633 272 46 13 som
688 265 39 28 jag
737 273 64 13 anser

56 305 29 14 nu
100 305 52 14 vara
167 298 33 21 för
215 298 92 27 handen,
324 299 39 20 och
378 298 41 21 den
432 299 76 26 fördel,
520 307 46 13 som
575 299 40 27 jag
626 305 63 14 anser
699 307 52 13 vara
758 299 43 21 för-

56 332 56 21 enad
126 332 51 21 med
191 333 138 28 upptagande
346 333 23 20 af
381 333 77 27 frågan
474 341 34 13 om
524 333 169 28 grundskattens
710 333 91 28 upphäf-

54 367 76 27 vande,
144 367 29 28 på
184 374 81 14 samma
280 368 58 28 gång
351 367 36 21 det
402 367 98 21 kommer
515 370 32 19 att
561 367 107 22 behandla
679 368 76 28 frågan
767 375 34 13 om

55 402 253 28 bränvinsbränningens
323 402 133 22 afskaffande
472 403 70 21 såsom
558 404 31 19 ett
603 402 137 22 uteslutande
759 402 42 27 pri-

55 436 104 28 vilegium
174 436 34 21 för
223 436 105 21 Finlands
341 436 112 28 jordbruk.

124 471 58 20 Herr
197 471 105 26 Munck,
319 471 23 21 O.
357 471 32 27 F.,
401 471 81 28 yrkade
493 472 28 27 på
532 471 159 28 bordläggning
703 471 23 21 af
735 471 66 21 hand-

57 505 98 27 lingarne
170 505 8 20 i
193 505 97 21 ärendet.

124 539 59 21 Herr
198 539 200 22 landtmarskalken
417 540 128 21 hemställde
568 540 105 22 huruvida
689 541 48 21 icke
752 541 51 20 herr

57 573 163 28 Björkenheim,
232 574 7 21 i
250 574 104 21 händelse
367 573 160 29 bordläggning
539 575 85 21 komme
636 575 7 20 i
655 575 67 28 fråga,
736 575 67 21 borde

56 608 96 21 inlemna
168 608 38 21 sitt
222 608 206 21 ofvanomförmälda
444 609 137 28 andragande
597 609 98 22 affattadt
710 610 7 20 i
731 609 72 21 skrift-

56 643 41 28 ligt
112 643 119 21 memorial.

126 677 80 21 Grefve
222 677 97 21 Creutz
334 677 126 22 förmodade
475 677 37 22 det
526 684 52 15 vara
592 678 50 21 herr
656 678 92 21 Muncks
761 685 44 15 me-

58 712 52 28 ning
126 713 31 20 att
172 711 42 21 den
229 711 79 28 nådiga
322 712 170 28 propositionen,
509 719 50 14 men
574 712 48 21 icke
635 713 50 21 herr
696 713 107 28 Björken-

58 747 69 21 heims
142 747 100 28 yttrande
258 747 69 20 skulle
342 747 135 28 bordläggas.

127 781 72 22 Sedan
218 781 50 21 herr
283 781 96 21 Munck
401 781 170 28 tillkännagifvit
591 783 32 19 att
642 782 53 21 hans
715 783 90 27 mening

59 817 55 20 varit
129 816 67 21 sådan
212 823 46 14 som
274 815 41 22 den
330 816 24 21 af
366 816 74 27 grefve
454 816 78 21 Creutz
544 817 125 27 uppfattats,
682 817 80 21 beslöts
774 819 31 19 att

59 850 158 28 handlingarne
233 850 7 21 i
256 850 90 21 ärendet
361 850 70 21 skulle
447 850 68 22 hållas
531 851 12 21 å
557 850 78 22 bordet
649 850 7 21 i
672 850 45 22 åtta
732 851 73 28 dagar.

127 919 59 21 Herr
201 926 51 13 von
267 919 79 26 Born,
362 919 50 21 Carl
426 919 100 28 Fredrik,
542 919 99 28 uppläste
657 921 31 19 ett
701 919 105 29 skriftligt

60 953 144 28 andragande,
221 953 23 21 så
258 953 103 28 lydande:

128 988 44 21 Det
193 987 39 21 har
253 988 92 27 behagat
358 987 62 22 Hans
440 988 104 28 Majestät
563 988 118 27 Kejsaren,
702 988 104 21 Finlands

60 1022 120 22 Storfurste
196 1023 32 20 att
242 1023 34 20 till
290 1022 85 21 landets
390 1029 29 14 nu
432 1022 131 21 församlade
575 1022 88 21 ständer
674 1022 133 21 öfverlemna

61 1064 27 13 en
103 1057 82 28 mängd
199 1057 159 28 propositioner
373 1057 149 21 innefattande
533 1057 82 27 förslag
626 1056 33 21 till
672 1057 135 27 väsendtliga

61 1091 151 27 förändringar
226 1091 33 21 uti
274 1091 27 21 de
317 1091 59 20 delar
392 1091 24 20 af
428 1091 85 21 landets
528 1091 143 28 lagstiftning,
687 1099 46 13 som
752 1091 55 20 varit

62 1128 55 18 mest
130 1125 122 22 föråldrade
268 1126 39 20 och
323 1125 91 21 framför
430 1127 66 20 andra
512 1127 81 20 ansetts
609 1125 97 22 erfordra
717 1133 27 13 en
756 1125 52 21 tids-

63 1160 59 27 enlig
137 1160 126 27 utveckling
278 1159 34 21 för
327 1161 31 19 att
372 1159 107 28 befrämja
497 1159 84 22 landets
599 1159 151 22 intellektuela
768 1159 39 21 och

63 1193 113 21 materiela
191 1193 203 28 framåtskridande;
411 1194 36 20 det
462 1196 23 18 är
500 1194 53 20 känt
566 1195 38 24 att,
615 1193 67 21 sedan
693 1193 62 21 dessa
765 1193 42 21 frå-

62 1235 40 20 gor
117 1227 115 28 undergått
247 1227 158 22 förberedande
420 1228 163 27 handläggning
597 1228 32 20 uti
643 1227 63 21 Hans
720 1227 89 28 Kejser-

62 1262 45 27 liga
122 1262 113 27 Majestäts
251 1263 62 19 senat
328 1261 33 21 för
375 1262 100 26 Finland,
489 1261 142 21 medlemmar
640 1262 24 20 af
671 1261 85 21 landets
767 1262 43 20 alla

63 1296 64 21 stånd
142 1296 7 21 i
164 1298 32 19 ett
211 1296 87 21 särskilt
313 1295 83 22 utskott
411 1298 67 26 yttrat
493 1296 46 21 sina
554 1296 80 28 åsigter
649 1296 8 20 i
677 1297 72 19 ämnet
770 1295 38 22 och

64 1331 32 20 att
111 1329 103 28 frågorna
229 1330 124 20 sedermera
367 1331 7 19 i
395 1330 224 20 öfverensstämmelse
639 1329 50 20 med
709 1329 101 27 stadgan-

64 1363 68 21 derne
147 1364 32 20 uti
198 1363 84 21 landets
303 1363 139 28 grundlagar,
462 1363 138 21 skärskådats
620 1363 24 20 af
661 1363 61 20 Hans
742 1363 68 27 Maje-

65 1399 54 20 stäts
134 1398 68 21 finske
218 1397 129 28 rådgifvare,
363 1398 66 21 innan
444 1398 26 20 de
485 1397 33 21 till
533 1397 127 22 ständernas
678 1397 133 28 behandling

67 1433 159 21 öfverlemnats.
250 1433 38 20 Att
304 1432 184 28 framställningar
503 1432 24 21 af
539 1433 24 20 så
577 1432 46 21 vidt
634 1431 133 22 omfattande
778 1434 33 19 art
