992 1700
747 136 39 20 175

66 203 23 19 af
108 201 40 21 den
171 202 63 21 orsak
254 206 31 16 att
307 204 70 19 svaret
398 202 138 20 meddelades
556 202 24 20 af
601 202 115 27 konungen
740 208 76 21 genast

66 236 68 20 under
150 235 112 28 pågående
280 236 92 27 riksdag.

134 270 59 20 Herr
209 269 160 28 Lagerborg:
386 270 50 21 Med
452 270 118 27 anledning
585 270 23 21 af
622 270 55 21 hvad
688 270 6 20 i
706 270 41 27 dag
758 270 58 21 inom

66 303 87 21 ståndet
169 303 111 27 förefallit,
297 311 63 13 anser
372 305 40 26 jag
427 303 45 28 mig
487 304 53 21 böra
560 304 33 20 till
613 303 133 28 protokollet
766 305 51 20 ned-

66 337 66 28 lägga
147 345 27 14 en
190 340 89 26 protest.
311 338 42 28 Jag
373 338 39 21 har
433 340 71 19 ansett
518 338 37 21 det
577 345 53 14 vara
652 338 97 21 ståndets
772 339 45 20 oaf-

66 372 79 27 visliga
160 374 43 19 rätt
218 374 31 20 att
265 372 26 21 då
307 379 27 14 en
348 372 62 28 fråga
425 372 125 28 förelägges
566 373 34 20 till
618 373 129 28 afgörande,
762 373 55 21 först

66 413 27 14 en
114 407 123 21 diskussion
257 407 35 21 må
312 407 21 20 få
351 407 83 28 föregå.
463 407 59 21 Herr
540 407 199 22 landtmarskalken
758 408 58 21 med-

66 440 98 21 delade
157 436 15 39 i
185 441 42 28 dag
247 441 253 22 talmanskonferensens
523 441 81 28 förslag
627 442 113 28 angående
763 450 53 21 upp-

65 475 108 22 häfvande
189 476 24 20 af
227 476 36 21 det
278 475 78 27 beslut,
373 483 44 14 som
438 477 86 20 ståndet
546 476 67 21 redan
635 477 65 21 fattat
724 477 92 21 rörande

66 511 32 18 ett
114 510 90 21 allmänt
219 510 179 21 besvärsutskott.
429 511 68 21 Innan
520 511 135 28 proposition
676 511 6 21 i
702 513 74 19 ämnet
797 511 23 21 af

66 543 51 22 herr
132 544 201 22 landtmarskalken
348 545 140 28 uppställdes,
504 545 55 21 hade
575 545 50 21 herr
641 545 122 22 Schauman
784 553 33 14 re-

68 578 41 22 dan
125 578 77 28 begärt
218 580 67 26 ordet,
301 586 50 14 men
367 579 36 21 det
419 580 66 21 tilläts
501 580 81 21 honom
598 580 55 21 dock
668 581 20 27 ej
709 582 31 20 att
761 582 57 27 yttra

67 614 39 27 sig.
138 613 43 28 Jag
203 614 95 21 anmälte
321 614 44 27 mig
386 614 65 21 också
469 614 113 27 samtidigt
606 614 26 21 då
654 615 163 28 propositionen

68 647 69 22 skulle
153 649 192 26 uppsättas.....

135 682 47 21 Här
198 683 84 20 afbröts
297 683 84 20 talaren
393 683 23 20 af
424 683 50 20 herr
489 683 207 27 landtmarskalken,
708 691 45 13 som
765 691 52 20 upp-

67 717 55 28 lyste
139 719 32 18 att
187 717 67 28 nägot
269 717 72 21 beslut
356 717 6 20 i
383 717 66 20 sakon
465 719 58 19 ännu
543 717 48 21 icke
612 717 84 28 fattats,
716 725 50 14 men
786 720 32 19 att

68 751 50 21 herr
135 751 198 22 landtmarskalken
355 758 79 21 genom
455 752 33 21 sin
509 752 33 21 till
561 751 85 22 ständet
666 753 77 27 gjorda
758 753 60 21 hem-

68 787 85 26 ställan,
169 786 88 21 hvilken
273 787 118 27 ingalunda
406 787 56 20 varit
478 793 26 14 en
520 787 142 28 proposition,
674 787 76 21 endast
760 789 58 20 velat

68 821 33 20 för
117 823 31 18 att
164 821 74 20 kunna
251 821 49 20 leda
311 821 151 21 diskussionen
473 821 53 21 höra
537 821 97 21 ständets
644 821 66 21 tanke
721 822 7 20 i
739 823 79 20 ämnet.

135 855 58 21 Herr
213 855 162 28 Lagerborg:
399 855 43 28 Jag
465 856 109 27 ätertager
597 855 27 22 dä
645 856 49 21 mitt
717 857 100 27 yttrande

68 891 39 20 och
124 890 69 21 häller
209 890 44 28 mig
268 890 77 21 endast
361 890 33 21 till
408 889 83 29 frägan,
503 890 112 28 angäende
630 891 154 28 lämpligheten
798 891 23 21 af

68 927 31 19 att
114 925 110 28 upphäfva
239 926 32 19 ett
286 925 81 27 beslut,
389 932 45 13 som
455 925 20 28 ej
495 925 93 21 allenast
608 925 150 28 ridderskapet
778 926 39 21 och

68 960 64 21 adeln
148 961 52 20 utan
217 959 63 21 äfven
296 961 82 26 presta-
395 960 39 21 och
450 959 163 22 bondeständen
629 959 64 22 hafva
704 960 64 21 fattat
778 961 41 20 och

69 995 70 20 sävidt
149 995 40 27 jag
201 995 37 20 vill
251 994 102 28 päminna
365 995 45 27 mig
422 995 63 20 äfven
497 995 179 27 borgareständet
687 995 86 27 biträdt,
782 1002 37 13 en-

70 1029 40 28 ligt
120 1029 57 21 hvad
191 1029 118 21 detsamma
320 1035 79 22 genom
410 1029 126 28 deputation
548 1029 116 27 meddelat,
674 1029 68 22 ehuru
754 1030 66 27 nägot

69 1064 34 20 val
119 1063 24 21 af
156 1063 141 21 medlemmar
312 1063 7 21 i
335 1063 173 21 besvärsutskott
524 1063 37 21 der
577 1065 58 19 ännu
655 1064 20 28 ej
696 1063 122 29 försiggäti.

71 1098 65 20 Utom
152 1100 31 19 att
197 1098 38 28 jag
251 1104 63 15 anser
329 1097 37 21 det
379 1105 53 13 vara
447 1098 113 28 olämpligt
576 1099 31 19 att
623 1098 65 21 sedan
704 1099 32 19 ett
749 1098 71 21 beslut

69 1132 72 22 blifvit
156 1132 79 21 fattadt
251 1139 41 14 ena
307 1132 76 28 dagen,
399 1132 120 22 detsamma
534 1132 68 21 andra
618 1132 69 29 dagen
704 1134 46 20 åter
766 1141 53 20 upp-

68 1167 83 26 häfves,
168 1174 64 14 anser
245 1168 39 27 jag
298 1169 33 18 att
346 1169 31 18 ett
393 1167 89 21 allmänt
500 1167 180 27 besvärsutskott,
699 1175 35 13 om
754 1168 66 20 ocksä

68 1201 50 21 icke
134 1201 237 21 öfverensstämmande
385 1201 49 20 med
445 1202 85 27 verklig
542 1201 182 28 riksdagspraxis,
740 1201 20 28 ej
776 1201 43 21 kan

70 1235 105 22 innebära
198 1236 68 27 nägra
289 1235 147 28 olägenheter.
472 1235 144 28 Rättigheten
639 1238 32 18 att
688 1236 132 27 petitionera

70 1272 23 19 är
108 1269 126 28 medgifvon
249 1270 76 28 hvarje
341 1269 63 21 ständ
419 1270 102 21 särskildt
541 1270 35 20 för
598 1270 33 27 sig
651 1270 39 21 och
706 1270 37 21 det
758 1270 61 21 torde

70 1305 20 26 ej
111 1304 73 20 kunna
205 1304 110 21 förmenas
338 1306 31 18 ett
392 1304 53 21 eller
469 1307 67 18 annat
555 1304 63 21 stånd
638 1306 32 19 att
688 1305 7 20 i
716 1305 103 25 ärender,

70 1344 46 13 som
132 1339 50 18 röra
197 1338 110 20 allmänna
323 1338 192 26 angelägenheter,
531 1337 90 27 inbjuda
636 1338 141 20 medständen
788 1340 32 18 att

70 1371 88 26 deltaga
173 1371 7 19 i
196 1377 26 14 en
238 1371 136 26 underdänig
389 1371 93 26 petition
503 1371 32 20 till
553 1371 133 26 Majestätet.
717 1371 42 28 Jag
780 1372 40 19 har

70 1405 111 20 dessutom
197 1404 72 21 funnit
288 1405 47 20 stöd
351 1404 39 21 och
406 1405 74 27 styrka
496 1405 33 20 för
544 1405 45 20 min
605 1405 55 27 äsigt
676 1405 6 20 i
699 1405 120 21 ridderska-

70 1443 48 24 pets
135 1439 40 21 och
191 1439 74 21 adelns
286 1439 107 28 protokoll
411 1439 33 21 vid
460 1439 132 28 landtdagen
609 1439 6 20 i
628 1439 82 28 Borgå,
730 1439 38 21 der
783 1440 36 20 det
