995 1711
190 132 41 20 302

229 196 58 22 Herr
302 204 43 14 von
359 196 79 27 Born,
454 196 21 21 J.
490 196 34 27 A.,
539 196 104 22 förenade
659 196 33 28 sig
702 197 50 21 med
762 197 50 21 herr
822 195 87 23 Munck.

228 231 59 20 Herr
307 230 152 28 Lagerborg
479 231 113 21 anmärkte
608 232 31 20 att
654 230 67 29 derpä
736 232 56 21 hade
807 232 24 21 af
843 232 66 28 ingen

160 266 82 28 yrkats.

228 299 170 28 Propositionen
410 299 107 21 bibehölls
529 299 128 22 oförändrad
669 299 39 21 och
719 300 132 21 besvarades
861 300 49 21 med

156 337 40 28 ja;
212 335 39 21 och
267 335 86 20 komme
369 334 90 21 ärendet
470 334 58 29 förty
539 336 31 19 att
580 335 7 20 i
597 335 201 28 protokollsutdrag
808 335 34 21 till
852 335 58 21 stän-

161 370 47 21 dets
224 369 99 22 enskilda
337 369 174 21 besvärsutskott
527 369 150 21 öfverlemnas.

230 439 58 21 Herr
310 438 202 21 landtmarskalken
530 438 146 28 tillkännagaf
693 440 32 20 att
743 439 137 21 elektorerne
903 439 7 21 i

163 474 59 21 2:dra
237 474 88 21 klassen
341 473 33 20 till
390 473 94 21 ledamot
499 473 7 21 i
523 473 243 28 expeditionsutskottet
776 473 7 21 i
795 473 71 22 stället
877 473 33 21 för

162 509 50 20 herr
228 507 115 27 Nassokin,
359 507 88 21 hvilken
463 508 48 21 frän
527 507 65 28 sagde
608 507 149 29 ledamotskap
773 508 86 21 erhällit
873 509 37 20 be-

162 543 80 27 frielse,
252 542 69 22 invalt
331 549 35 14 n:o
384 543 25 20 16
425 542 82 27 Brand,
523 542 68 21 fullm.
607 542 50 21 herr
672 542 135 29 Furuhjelm,
819 543 28 20 H.
864 543 26 21 V.

230 576 174 23 Sammanträdet
420 576 111 28 upphörde
546 576 29 20 kl.
594 577 25 27 !/,
634 577 20 20 3.

656 636 19 15 In
689 634 59 18 fidem:

564 668 78 20 Victor
655 669 25 19 de
694 669 21 19 la
728 669 113 25 Chapelle.

294 820 64 27 Den
380 820 37 27 20
439 820 131 35 oktober,
591 820 41 27 kl.
655 822 16 25 5
694 831 22 16 e.
738 831 35 17 m.

231 888 57 22 Herr
296 888 200 21 landtmarskalken
505 888 151 28 tillkännagaf,
665 890 31 19 att
707 888 137 22 elektorerne
853 889 6 21 i
868 889 42 27 3:je

164 924 97 25 klassen,
279 923 82 20 istället
378 923 34 20 för
425 922 50 21 herr
498 922 149 29 Jägerskjöld,
666 923 34 20 till
722 923 114 28 suppleant
851 924 7 20 i
874 923 37 21 be-

163 957 212 28 villningsutskottet
390 957 68 21 invalt
472 957 50 21 herr
537 957 121 28 Törngren.

232 1025 57 21 Herr
304 1025 201 21 landtmarskalken
520 1025 156 29 tillkännagaf,
696 1027 32 19 att
743 1026 169 21 talmanskonfe-

164 1067 79 14 rensen
264 1060 71 20 denna
349 1060 41 27 dag
406 1060 157 20 sammanträdt
577 1060 34 20 för
626 1062 32 18 att
674 1060 188 21 öfverenskomma
877 1068 34 13 om

164 1094 137 28 lämpligaste
317 1095 66 19 sättet
398 1096 32 18 att
446 1094 68 20 ordna
528 1094 256 28 plenisammanträdena,
795 1095 28 27 på
833 1095 37 20 det
880 1096 32 19 att

163 1128 112 21 utskotten
295 1128 71 20 skulle
385 1128 23 20 få
427 1135 60 14 mera
507 1128 32 20 tid
559 1128 33 21 för
613 1128 33 21 sin
666 1128 140 21 verksamhet
826 1129 39 20 och
881 1130 31 19 att

163 1163 36 20 vid
215 1162 66 28 sagde
297 1162 159 21 sammanträde
475 1162 110 27 beslutits,
605 1164 31 19 att
655 1163 6 20 i
678 1163 42 20 alla
736 1162 91 21 stånden
843 1163 69 28 pleni-

164 1196 175 21 sammanträden
354 1196 119 21 tillsvidare
489 1197 70 20 skulle
573 1197 69 20 hållas
657 1197 36 21 två
708 1198 83 27 gånger
801 1197 8 20 i
819 1197 94 27 veckan,

164 1231 96 27 tisdagar
276 1231 39 20 och
331 1230 101 27 fredagar
448 1231 13 20 f.
476 1239 36 18 m.,
533 1231 85 20 likvisst
636 1231 55 20 efter
707 1231 82 27 anslag,
805 1238 49 13 men
871 1233 42 24 att,

165 1271 35 14 om
218 1264 66 27 något
302 1263 108 28 vigtigare
431 1265 98 26 göromål
547 1264 70 20 skulle
632 1264 88 27 påkalla
735 1266 32 19 ett
782 1266 61 19 extra
858 1272 55 13 sam-

166 1297 122 28 manträde,
307 1297 91 21 kallelse
414 1297 72 21 dertill
503 1297 101 22 särskildt
621 1297 69 22 skulle
706 1299 71 20 anslås
794 1299 39 20 och
849 1300 41 26 att,
906 1299 7 20 i

164 1332 103 21 händelse
283 1331 132 22 ärendernas
429 1332 81 28 mängd
530 1331 76 22 sådant
626 1332 106 28 fordrade,
755 1335 31 19 ett
807 1340 105 14 samman-

165 1367 61 20 träde
240 1367 73 20 kunde
329 1367 28 27 på
373 1366 172 29 eftermiddagen
560 1367 120 28 fortsättas,
699 1368 74 21 derom
788 1367 67 22 likväl
870 1368 43 21 till-

165 1401 176 28 kännagifvande
357 1400 70 22 skulle
443 1401 24 21 af
479 1401 199 22 landtmarskalken
694 1404 64 26 göras
773 1403 37 22 vid
825 1402 89 22 förmid-

166 1435 177 29 dagssessionens
360 1435 49 22 slut.
