992 1698
751 116 40 20 229

70 185 36 19 vet
122 182 63 22 deraf
198 183 24 21 så
236 182 109 29 betydligt
360 184 32 19 att
407 182 112 28 utvexling
535 182 84 22 ändock
635 182 102 28 slutligen
752 183 68 20 måste

70 220 95 25 stoppas.
183 230 24 2 —
224 216 66 22 Detta
302 217 55 21 låter
370 216 47 21 illa:
431 224 49 13 men
494 216 27 21 då
534 216 7 21 i
555 216 36 21 det
603 216 48 21 rika
660 216 100 28 England
772 216 49 21 dess

70 251 59 21 bank
145 252 7 20 i
168 251 59 21 detta
240 251 147 26 århundrade,
404 251 68 20 under
486 252 13 20 4
515 250 106 22 särskilda
632 250 101 28 perioder
748 250 24 21 af
779 250 42 21 till-

71 292 109 14 sammans
191 286 101 27 omkring
300 286 12 20 8
321 286 30 26 år,
362 285 92 28 nödgats
468 288 76 25 stoppa
557 284 138 28 utgifvandet
709 285 24 21 af
746 285 76 21 metal-

71 319 52 21 liskt
135 321 71 26 mynt,
223 320 23 20 så
259 321 23 19 är
296 319 36 21 det
345 319 49 21 icke
408 320 78 26 vågadt
499 321 31 19 att
544 319 82 21 förutse
637 318 115 29 möjlighet
763 318 23 21 af
793 325 27 14 en

71 354 45 20 lika
136 354 77 27 åtgärd
234 354 33 21 för
287 354 105 20 Finlands
412 353 64 21 bank.
506 354 43 20 För
568 354 41 20 den
625 353 115 21 inhemska
754 353 69 21 rörel-

70 394 38 15 sen
124 388 92 28 betyder
232 395 26 14 en
274 388 67 21 sådan
357 388 118 28 stoppning
490 388 61 28 föga,
571 388 56 20 efter
642 388 57 21 hvad
713 388 38 20 vår
765 394 56 22 egen

70 422 126 21 erfarenhet
211 422 69 21 under
296 422 26 20 de
339 422 100 20 sednaste
455 424 12 19 6
483 423 52 20 åren
551 422 66 26 visat,
633 424 23 26 ty
671 422 101 21 krediten
787 422 34 20 för

69 456 99 21 bankens
184 457 70 21 sedlar
269 456 39 21 har
324 456 55 20 dock
394 456 96 21 fortfarit
505 456 91 21 emedan
613 456 86 22 banken
715 456 55 28 ägde
781 463 38 13 an-

70 490 39 21 dra
124 491 127 21 säkerheter
266 490 35 21 för
316 490 47 21 sina
378 490 78 28 sedlar,
472 491 39 21 och
526 490 101 21 krediten
638 493 24 19 är
673 491 42 21 den
731 492 90 26 egente-

70 525 45 28 liga
130 525 170 21 rörelsekraften
316 524 34 21 för
365 524 107 22 industrin
489 525 39 21 och
542 525 139 28 näringarne.
697 538 25 3 —
739 525 83 21 Endast

71 559 142 28 betalningen
234 559 28 28 på
282 559 26 21 de
329 559 116 21 utländska
466 559 170 21 statsskulderna
656 560 42 20 blir
718 560 7 20 i
742 560 80 20 sådana

70 593 38 21 fall
123 593 186 28 bekymmersam;
325 600 50 14 men
392 594 80 20 sådana
488 593 86 21 skulder
590 593 39 21 har
645 594 47 21 icke
707 593 114 28 England:

70 628 68 21 måtte
154 628 26 20 de
195 628 7 20 i
217 628 95 20 Finland
327 628 30 20 bli
374 628 24 21 så
413 628 46 26 små
475 636 44 13 som
541 628 96 28 möjligt,
659 628 26 21 då
701 628 26 21 de
743 635 30 14 nu
788 628 34 21 till

71 669 27 14 en
113 662 76 28 början
206 662 48 21 icke
269 662 74 21 kunna
358 662 46 21 helt
420 663 39 20 och
475 663 67 20 hållet
557 662 114 21 undvaras.

138 697 40 21 Att
192 696 67 21 likväl
274 696 85 22 landets
372 696 155 28 jordbrukare,
543 696 84 22 hvilkas
638 697 93 21 intresse
743 697 6 20 i
761 696 60 22 detta

72 731 103 21 afseende
196 731 72 21 blifvit
288 731 24 20 så
332 731 50 28 föga
402 731 145 28 tillgodosett,
568 734 37 18 äro
627 732 6 20 i
649 731 120 28 trängande
785 732 36 21 be-

71 766 41 20 hof
132 766 24 20 af
176 765 178 28 rörelsekapital,
376 765 40 21 och
436 768 30 18 att
482 768 91 26 utvägar
589 766 72 20 dertill
677 766 68 20 måste
760 766 61 21 bere-

70 800 49 26 das,
140 806 64 14 anser
217 800 39 28 jag
272 800 172 28 otvifvelaktigt:
467 806 50 14 men
537 800 150 21 lånevilkoren
702 800 53 21 böra
771 808 52 13 vara

70 834 101 29 lämpade
195 834 55 21 efter
274 833 42 22 den
339 834 88 28 knappa
450 834 126 28 afkastning
596 834 225 29 jordbruksnäringen

69 870 85 20 lemnar
177 869 23 20 af
221 868 52 21 derå
297 868 95 21 användt
411 869 89 28 kapital.
519 881 23 4 —
559 869 34 20 De
613 869 71 20 vilkor
703 868 117 29 hypoteks-

70 904 130 27 föreningen
216 903 90 27 fordrar,
323 904 11 20 6
350 905 92 26 procent
457 904 82 28 årligen
554 903 68 21 under
637 903 27 21 43
680 903 35 21 års
725 903 43 27 tid,
784 910 37 14 an-

70 946 36 14 ser
122 939 41 28 jag
182 938 34 21 för
231 938 46 21 min
294 937 34 21 del
343 945 44 20 nog
402 937 74 29 dryga.
493 951 26 3 —
534 938 47 27 Mig
597 945 63 20 synes
676 939 31 20 att
720 937 101 29 jordbru-

72 973 91 22 karenes
179 973 68 20 behof
260 973 24 20 af
297 972 170 28 fördelaktigare
483 973 36 21 lån
537 972 81 27 skulle,
636 972 33 20 till
681 972 90 21 allmänt
782 972 39 21 och

70 1007 96 23 enskildt
181 1014 69 21 gagn,
265 1007 49 21 bäst
329 1006 75 28 fyllas,
420 1013 34 14 om
465 1007 98 21 bankens
574 1006 109 28 primitiva
695 1006 62 27 fond,
773 1013 46 13 som

69 1050 30 14 nu
114 1044 65 26 utgör
194 1042 102 27 omkring
312 1042 9 19 1
338 1041 84 20 million
438 1042 60 20 rubel
514 1041 119 21 förstärkes
650 1041 32 20 till
699 1048 26 13 en
741 1040 78 28 början

70 1077 33 21 till
126 1077 12 20 3
160 1076 117 27 millioner,
300 1077 32 19 att
351 1075 28 28 på
400 1082 29 13 nu
448 1075 99 28 gällande
567 1075 70 21 vilkor
652 1075 24 21 af
689 1076 12 19 4
717 1077 102 26 procents

69 1113 63 19 ränta
155 1111 39 20 och
216 1111 30 28 13
264 1117 58 21 proc.
343 1110 233 27 kapitalafbetalning,
601 1109 83 21 utlånas
705 1110 59 19 emot
787 1109 32 20 in-

70 1146 105 27 teckning
198 1145 76 21 endast
295 1145 22 20 åt
336 1144 85 21 landets
439 1144 154 28 jordbrukare,
618 1144 39 21 och
676 1143 60 22 detta
750 1143 70 20 under

70 1180 140 27 iakttagande
230 1181 30 19 att
281 1181 58 18 stora
358 1179 36 20 lån
410 1179 34 20 för
460 1181 31 18 att
506 1179 57 27 köpa
579 1178 107 27 egendom
701 1177 120 21 tillsvidare

70 1214 49 21 icke
139 1213 132 29 medgifvas,
292 1217 52 16 utan
364 1213 182 28 hufvudsakligen
562 1212 58 21 afses
636 1214 32 19 att
683 1211 81 22 bereda
779 1211 42 21 till-

72 1248 94 28 räckligt
188 1247 165 28 rörelsekapital
374 1247 34 21 för
426 1247 48 21 dem
495 1254 45 13 som
557 1247 62 20 deraf
631 1249 37 18 äro
683 1247 7 20 i
707 1246 72 21 behof.
797 1258 24 3 —

72 1283 44 21 För
132 1285 32 18 att
180 1284 59 19 snart
254 1282 66 21 vinna
335 1281 71 22 denna
421 1281 149 28 förstärkning
585 1281 22 21 åt
622 1281 110 28 primitiva
742 1279 79 21 fonden

72 1317 70 20 skulle
154 1317 40 26 jag
209 1316 91 25 föreslå,
316 1317 31 18 att
361 1315 104 21 Finlands
476 1315 67 26 bank,
559 1315 28 26 på
598 1315 128 20 ständernas
737 1315 85 26 garanti

72 1357 34 14 om
123 1351 23 19 så
161 1349 95 26 fordras,
273 1349 133 20 oförtöfvadt
416 1351 77 25 upptas
505 1348 33 21 för
549 1348 110 27 primitiva
670 1347 92 21 fondens
773 1347 49 20 räk-

72 1384 53 28 ning
141 1385 31 19 ett
188 1383 112 21 utländskt
314 1383 46 26 lån,
381 1389 49 14 men
450 1382 47 21 icke
513 1383 70 19 större
599 1384 26 18 än
643 1383 9 19 1
670 1381 83 21 million
768 1381 55 26 rub.,

72 1426 46 14 som
135 1417 61 22 torde
212 1417 74 21 kunna
302 1417 92 21 erhållas
411 1418 57 19 emot
484 1417 33 27 54%
531 1417 101 27 procents
647 1415 54 28 årlig
711 1415 113 28 betalning
