1003 1695
785 123 27 20 69

94 185 84 28 gierna,
195 185 69 20 skulle
280 186 59 27 förty
352 187 105 27 otvunget
471 186 63 28 följa:
550 188 32 20 att
597 187 103 20 herrarne
711 187 78 28 Uggla,
798 194 42 15 von

95 219 92 21 Schantz
203 220 40 20 och
258 220 82 27 Bruun,
355 221 71 20 såsom
442 228 27 13 en
483 221 54 21 hvar
553 220 74 21 stadde
642 221 7 20 i
664 221 52 28 rysk
727 222 76 27 tjenst,
820 222 29 27 ej'

94 253 66 20 borde
176 253 80 21 tillåtas
272 256 31 19 att
316 255 37 20 vid
367 255 102 27 landtdag
484 257 51 26 taga
549 256 47 20 säte
612 255 39 20 och
665 256 92 20 stämma
767 256 74 20 ibland

94 287 150 28 ridderskapet
264 288 40 21 och
324 288 73 27 adeln;
417 295 50 14 men
485 289 27 20 då
530 289 29 27 på
573 289 68 20 andra
656 289 61 21 sidan
732 289 108 21 förekom-

94 328 53 20 mer,
166 323 31 18 att
215 321 251 27 riddarhusdirektionen
481 322 203 27 anmärkningsfritt
699 323 67 20 redan
779 323 62 21 utde-

94 355 31 21 lat
144 355 199 28 inträdespolletter
358 357 22 20 åt
395 357 51 20 flere
462 357 65 20 ärade
543 356 158 27 ståndsbröder,
717 357 80 26 hvilka,
812 357 29 28 på

94 389 81 28 antydd
193 390 77 27 grund,
285 391 43 21 alla
342 390 63 21 bordt
420 390 111 29 förvägras
547 392 46 19 säte
609 391 40 20 och
664 392 92 19 stämma
771 391 12 20 &
798 391 42 20 rid-

95 423 108 27 darhuset,
218 431 63 13 anser
294 425 40 26 jag
349 425 44 27 mig
408 424 53 21 böra
475 425 54 27 yrka
544 426 37 24 att,
597 424 38 20 der
645 425 118 27 alla
694 419 8 37 i
710 425 50 27 rysk
773 425 69 27 tjenst

95 457 75 21 stadde
184 458 68 20 finske
269 458 116 26 adelsmän,
400 461 53 18 utan
468 459 67 27 något
549 458 118 28 undantag,
678 466 89 13 numera
782 458 7 20 i
804 458 37 20 be-

95 492 114 21 traktande
229 492 24 21 af
271 492 262 22 riddarhusdirektionens
557 492 136 22 omförmälte
714 492 85 28 åtgärd,
820 492 21 28 ej

94 526 74 21 vidare
189 527 73 21 kunna
282 526 48 22 från
350 526 161 29 ridderskapets
532 527 40 21 och
587 526 75 22 adelns
678 526 163 28 förhandlingar

94 562 133 27 utestängas,
247 561 64 21 äfven
331 561 102 21 herrarne
452 562 75 28 Uggla,
543 568 42 14 von
601 561 93 21 Schantz
709 561 41 21 och
765 560 76 22 Bruun

93 602 40 21 par
153 602 149 22 consequence
319 596 36 20 må
370 596 80 21 tillåtas
467 598 30 18 att
513 596 33 20 sin
561 596 229 28 representationsrätt
805 595 36 20 vid

95 630 70 21 denna
180 630 103 28 landtdag
298 630 81 26 utöfva,
395 630 65 21 likväl
475 630 68 20 under
555 630 127 28 uttryckligt
692 629 106 21 förbehåll
810 631 31 19 att

95 664 59 21 detta
174 664 159 28 exceptionella
348 664 135 22 förhållande
499 665 20 27 ej
536 664 32 22 får
583 665 71 21 såsom
669 663 124 29 prejudikat
807 663 34 32 för

94 698 115 22 framtiden
225 699 111 27 åberopas.

162 734 57 20 Herr
234 734 99 27 Arppe:
349 734 34 20 Då
398 741 49 13 man
463 733 143 21 underkastar
622 732 142 22 förevarande
780 732 62 28 fråga

95 775 27 14 en
138 768 124 21 fördomsfri
277 768 141 28 granskning,
433 768 70 20 finner
517 775 51 13 man
581 768 86 26 främst,
679 768 32 28 att
720 766 51 21 våra
781 767 61 27 lagar

94 803 52 27 inga
166 802 79 21 sådana
264 802 162 28 bestämningar
446 797 119 31 innehålla,
585 809 46 13 som
646 801 51 21 med
711 800 103 21 afseende
830 800 13 21 &

95 838 59 19 detta
174 838 63 19 ämne
257 844 51 13 vore
324 836 49 21 fullt
389 836 128 28 tillämpliga
532 836 28 28 på
574 836 38 21 vår
627 843 29 13 nu
672 835 100 27 gällande
787 834 54 28 poli-

94 871 58 21 tiska
167 871 109 27 ställning.
298 870 247 28 Riddarhusordningen
561 870 24 21 af
599 870 53 20 1626
668 869 40 20 och
719 869 123 21 stadfästel-

95 913 38 13 sen
153 905 24 21 af
194 905 161 28 ridderskapets
378 905 40 20 och
441 905 74 20 adelns
536 904 125 28 privilegier
681 904 64 25 1723,
761 903 38 20 der
815 902 26 21 de

95 942 99 19 närmare
210 939 191 28 bestämningarne
415 939 68 20 borde
497 939 71 26 sökas,
579 938 131 28 uppkommo
721 937 69 21 under
799 937 42 20 för-

95 974 122 25 hållanden,
233 973 89 27 alldeles
338 973 58 20 olika
411 973 26 20 de
452 973 125 21 nuvarande
592 973 7 20 i
616 972 59 21 detta
689 971 58 22 land.
769 970 72 21 Emel-

94 1009 36 20 lan
147 1008 89 27 Sverige
253 1008 39 20 och
307 1004 94 24 Finland
416 1007 55 28 ägde
487 1008 20 27 ej
524 1014 27 13 en
565 1006 66 21 sådan
646 1005 67 22 union
729 1012 54 20 rum,
796 1011 45 14 som

95 1043 93 20 emellan
210 1040 111 29 Ryssland
343 1041 40 21 och
405 1041 100 21 Finland.
535 1041 99 28 Sveriges
654 1040 113 27 provinser
786 1039 56 20 hade

95 1077 181 21 sammansmultit
298 1076 50 20 med
371 1076 148 21 moderlandet
538 1076 34 20 till
588 1082 26 14 en
629 1075 109 27 homogen
752 1073 90 29 politisk

95 1112 71 20 enhet.
188 1111 65 21 Hvad
267 1118 46 13 som
329 1110 36 28 låg
379 1112 60 19 utom
455 1110 70 21 denna
539 1110 76 21 enhets
627 1111 96 26 gränser,
731 1108 36 28 låg
778 1108 64 20 äfven

95 1147 59 19 utom
175 1145 82 27 landet,
278 1151 38 14 var
335 1144 89 21 utrikes.
454 1145 46 21 När
519 1144 36 21 det
575 1144 85 21 derföre
676 1144 7 20 i
698 1144 26 20 32
739 1149 65 14 mom.
820 1141 24 21 af

95 1179 41 21 den
158 1179 90 21 sednare
268 1178 114 29 urkunden
401 1179 71 21 heter:
492 1179 38 20 vill
549 1178 72 28 någon
637 1177 79 22 svensk
731 1176 111 21 adelsman

96 1213 64 27 sättja
176 1214 37 19 sitt
228 1213 27 20 bo
271 1213 87 25 utrikes,
375 1213 24 20 så
411 1220 37 14 var
459 1212 111 28 uttrycket
580 1212 133 27 fullkomligt
723 1209 119 27 bestämdt;

95 1254 50 13 men
161 1248 39 19 när
214 1246 93 21 berörda
324 1249 93 19 moment
432 1253 90 14 numera
537 1246 54 21 skall
602 1246 7 20 i
620 1245 95 21 Finland
726 1244 116 27 tillämpas,

96 1282 23 19 är
139 1281 37 20 det
196 1280 105 27 naturligt
322 1281 31 19 att
373 1280 58 21 olika
451 1280 81 27 åsigter
547 1279 53 21 söka
616 1281 52 26 göra
683 1279 34 27 sig
731 1277 111 28 gällande,

96 1315 38 20 allt
149 1315 102 19 eftersom
267 1321 50 13 man
333 1321 60 13 mera
407 1314 70 20 håller
492 1314 33 26 sig
538 1314 33 19 till
582 1313 129 20 bokstafven
723 1312 53 20 eller
787 1311 56 20 låter

96 1347 67 21 andra
183 1347 186 27 omständigheter
389 1347 90 20 influera
498 1347 29 27 på
542 1347 135 26 tolkningen.
707 1345 71 20 Anser
792 1351 50 14 man

96 1381 34 28 sig
147 1381 87 21 bunden
254 1381 24 20 af
296 1381 125 21 urkundens
437 1380 135 28 ordalydelse
588 1393 28 3 —
630 1379 83 22 hvilket
725 1379 40 27 jag
780 1384 63 15 anser

97 1423 52 14 vara
168 1415 36 22 det
222 1417 63 26 rätta,
305 1415 40 22 och
358 1415 79 23 inlåter
453 1415 32 28 sig
501 1415 20 28 ej
537 1415 28 30 på
580 1415 68 28 några
663 1413 122 28 subjektiva
800 1412 43 22 för-
