1009 1692
764 126 27 22 45

74 192 135 27 husordning
228 191 55 29 yrka
300 193 32 19 att
350 190 42 22 den
407 198 79 21 genom
501 191 63 21 deras
580 192 146 26 faderbroder,
741 192 79 22 aflidne

74 226 239 28 packhusinspektoren
334 226 25 20 G.
376 226 20 20 J.
413 226 134 27 Jägerhorns
567 226 42 20 död
624 226 33 20 till
672 226 63 26 hans,
751 226 69 28 enligt

73 260 104 21 herrarne
198 260 134 27 Jägerhorns
351 259 147 26 förmenande,
515 259 56 21 enda
585 260 7 19 i
607 259 78 27 lagligt
699 259 121 28 äktenskap

73 293 69 21 aflade
158 300 39 13 son
212 293 98 27 majoren
326 292 80 21 Gustaf
420 292 122 28 Jägerhorn
561 292 151 27 öfverflyttade
727 293 92 20 hufvud-

73 329 130 24 mannarätt,
217 327 68 21 måtte
301 327 106 21 förklaras
420 327 37 20 vid
468 327 42 20 den
522 326 144 21 sistnämndes
678 326 33 21 för
720 327 100 28 omkring

72 362 75 21 trettio
162 362 25 20 är
202 361 66 21 sedan
283 361 114 21 inträffade
413 361 101 21 fränfälle
530 361 65 20 hafva
610 360 108 29 öfvergätt
732 361 34 20 till
777 361 42 21 den

73 403 54 20 gren
142 396 24 20 af
179 397 70 26 ätten,
265 395 88 21 hvartill
367 395 104 21 herrarne
486 395 130 28 Jägerhorn,
627 395 110 21 Reinhold
749 395 70 21 Johan

73 430 38 21 och
135 430 109 21 Blechard
267 430 79 21 Gustaf
365 429 63 27 höra,
449 430 40 21 och
509 429 54 21 böra
581 429 37 21 der
633 429 110 28 orubbligt
759 437 60 20 gvar-

72 464 68 21 blifva
156 464 83 21 oafsedt
255 464 42 21 den
312 464 145 28 legitimation
473 464 51 21 herr
536 463 129 28 Jägerhorn,
678 463 49 22 Carl
741 464 78 27 Johan,

74 499 124 21 sedermera
211 499 40 20 hos
266 499 62 20 Hans
343 498 60 28 Kejs.
419 499 63 27 Maj:t
496 498 101 21 utverkat
613 498 38 28 sig.

141 533 33 21 Pä
194 533 73 21 derom
288 533 24 21 af
327 533 51 20 herr
392 532 200 21 landtmarskalken
608 533 63 27 gjord
685 533 135 28 proposition

73 567 124 21 förklarade
217 567 150 28 ridderskapet
387 567 39 20 och
447 567 63 20 adeln
526 567 49 20 herr
591 567 50 20 Carl
657 567 69 21 Johan
744 568 76 27 Jäger-

73 602 66 21 horns
157 603 44 19 rätt
216 603 31 19 att
263 601 34 21 för
313 603 59 19 ätten
388 601 41 21 N:o
445 602 12 19 5
473 601 122 28 Jägerhorn
611 601 24 20 af
649 601 86 28 Spurila
747 597 9 36 &
777 602 42 21 rid-

73 636 104 21 darhuset
192 636 75 28 intaga
282 637 46 20 säte
344 635 113 28 fulleligen
472 635 87 27 utredd;
575 636 39 20 och
630 635 70 21 skulle
715 636 58 28 förty
788 637 31 21 in-

73 671 152 28 trädespollett
244 670 97 21 utfärdas
361 670 33 21 till
409 670 51 21 herr
475 670 50 21 Carl
541 669 71 22 Johan
628 670 129 28 Jägerhorn,
774 679 45 13 som

73 705 55 21 dock
148 705 141 21 derförinnan
311 705 67 20 borde
399 705 33 20 till
452 704 148 21 riddarhusets
619 705 71 20 kansli
710 705 111 22 äterställa

73 740 42 20 den
130 740 78 28 pollett
223 740 43 21 han
281 747 30 13 nu
325 739 34 20 för
375 740 59 19 ätten
449 739 41 21 N:o
508 739 25 21 16
549 739 74 21 Brand
637 739 114 22 innehade.

141 808 58 21 Herr
214 807 199 22 landtmarskalken
431 807 100 22 förmälte
547 809 32 20 att
593 808 226 28 generalguvernören

74 842 60 21 öfver
149 843 80 25 landet,
242 842 117 28 generalen
375 841 24 21 af
411 842 134 26 infanteriet,
559 842 92 20 friherre
660 843 161 27 Rokassowsky

73 876 31 21 uti
125 876 114 21 skrifvelse
260 876 108 21 meddelat
388 876 50 20 herr
456 876 199 21 landtmarskalken
671 878 32 19 att
718 876 36 21 det
769 884 51 14 vore

72 910 265 28 tidningsredaktionerne
352 910 80 21 tillåtet
447 912 32 19 att
493 910 7 21 i
517 910 46 21 sina
571 910 110 28 tidningar
689 911 71 21 införa
770 911 49 21 kor-

73 946 46 20 tare
139 945 106 21 referater
265 952 34 14 om
320 944 103 21 ståndens
443 944 165 28 förhandlingar
627 945 40 20 och
682 945 71 21 beslut
768 947 51 19 utan

73 980 31 20 att
120 980 66 27 något
201 978 145 29 bestyrkande
362 978 63 22 deraf
439 978 144 28 erfordrades,
598 986 50 14 men
663 979 76 28 längre
754 980 64 20 fram-

74 1014 128 27 ställningar
225 1013 112 29 angående
360 1013 199 28 förhandlingarne,
580 1013 73 21 hvilka
672 1014 69 20 skulle
757 1014 7 20 i
779 1014 41 20 tid-

74 1048 78 28 ningar
171 1048 61 28 ingå,
250 1048 67 21 borde
333 1047 23 21 af
370 1048 102 20 ståndens
488 1048 135 20 sekreterare
639 1048 33 20 till
687 1048 133 28 riktigheten

74 1082 121 28 bestyrkas,
211 1082 111 21 äfvensom
338 1082 36 20 det
389 1082 95 21 berodde
496 1082 24 20 af
529 1082 26 20 de
567 1082 105 20 särskilde
685 1082 91 20 stånden
789 1084 32 19 att

74 1116 102 21 förordna
191 1116 92 21 rörande
299 1116 116 27 tryckning
431 1116 23 20 af
467 1116 63 20 deras
545 1116 109 28 protokoll
669 1116 7 20 i
692 1116 33 20 sin
740 1116 80 20 helhet.

73 1150 11 20 I
99 1150 119 27 anledning
236 1150 65 21 häraf
313 1150 60 20 hade
388 1150 7 20 i
411 1150 239 21 talmanskonferensen
669 1149 62 27 fråga
748 1150 73 20 blifvit

72 1184 65 20 väckt
154 1184 56 20 huru
229 1184 75 20 härvid
318 1183 67 21 borde
401 1184 91 20 förfaras
509 1184 39 20 och
564 1183 75 21 dervid
653 1183 110 27 beslutits,
779 1185 41 25 att,

73 1219 53 19 enär
149 1218 36 20 det
207 1218 48 20 icke
278 1224 51 14 vore
352 1218 75 27 troligt
447 1219 32 19 att
497 1217 103 21 ståndens
619 1217 134 21 sekreterare
769 1218 51 20 ville

73 1252 64 28 åtaga
157 1252 34 27 sig
205 1252 101 20 besväret
321 1251 39 21 och
375 1253 102 19 ansvaret
491 1251 34 21 för
541 1251 42 21 den
598 1251 132 21 föreskrifna
745 1258 75 14 censu-

72 1286 104 28 reringen
196 1286 23 20 af
235 1286 223 28 tidningsartiklarne,
473 1286 52 20 herr
539 1285 199 21 landtmarskalken
751 1286 69 26 jemte

64 1320 35 20 -de
119 1320 125 27 respektive
265 1320 102 20 ståndens
385 1320 83 20 talmän
483 1320 70 19 skulle
569 1320 39 19 hos
623 1319 196 27 generalguvernö-

72 1360 39 13 ren
134 1354 53 26 göra
209 1353 161 27 framställning
390 1360 35 13 om
443 1352 92 21 berörde
554 1352 39 20 och
609 1352 71 28 öfriga
694 1352 37 21 vid
746 1352 74 21 ofvan-

73 1386 142 22 omförmälde
225 1387 145 28 stadgandens
378 1386 166 28 verkställighet
556 1386 33 27 sig
600 1386 127 21 företeende
739 1386 81 27 svårig-

72 1421 68 22 heter.
163 1421 44 22 Vid
223 1421 36 22 det
273 1421 94 22 nämnde
382 1421 71 22 beslut
468 1421 72 21 blifvit
555 1420 88 27 utfördt,
654 1419 56 24 hade
721 1420 99 29 general-
