1017 1692
774 116 42 22 359

158 182 129 22 Emellertid
303 182 97 22 anhåller
408 183 39 28 jag
458 184 32 20 att
500 182 63 21 äfven
575 182 70 22 denna
656 182 62 28 fråga
729 183 67 21 måtte
810 182 34 21 till

89 217 162 29 ridderskapets
267 217 40 22 och
323 217 74 21 adelns
414 217 99 21 enskilda
529 217 174 21 besvärsutskott
717 218 8 20 i
740 217 104 21 afseende

90 252 13 21 å
118 252 159 21 förberedande.
292 252 166 28 handläggning
473 251 152 22 öfverlemnas.

159 286 59 21 Herr
230 286 201 28 Björkenheim,
447 286 25 21 L.
483 286 36 21 M.:
535 285 36 22 Då
585 293 30 14 nu
630 285 163 29 ridderskapets
804 286 41 21 och

91 320 75 21 adelns
181 320 51 21 vida
247 319 161 29 öfvervägande
423 320 113 28 pluralitet
551 320 81 21 utfallit
647 320 24 21 så
686 320 92 21 alldeles
791 320 54 27 ogil-

91 354 64 21 lande
176 355 34 20 för
230 355 38 21 vår
287 355 82 21 indelta
385 355 71 20 armés
472 355 115 20 förseende
602 354 50 21 med
668 354 120 28 soldattorp
804 355 40 20 och

92 388 74 22 desses
186 389 154 28 bebyggande,
359 389 24 20 så
399 389 40 20 och
455 389 92 21 emedan
562 389 60 21 detta
637 389 80 21 ärende
733 390 24 20 är
772 389 34 20 för
817 396 27 14 en

90 423 54 21 hvar
157 423 131 22 rotehållare
299 423 24 21 af
332 423 97 21 särdeles
438 423 137 22 brådskande
586 423 117 28 egenskap,
715 423 92 22 emedan
818 423 27 22 de

90 457 39 22 allt
135 458 56 28 jemt
202 458 24 20 af
235 458 302 28 guvernementsstyrelserne
549 458 33 21 till
594 457 92 22 berörde
698 459 61 27 torps
770 458 74 28 anläg-

90 492 70 27 gande
181 492 40 21 och
241 492 144 28 bebyggande
402 493 95 27 tvingas,
513 493 33 20 får
559 493 39 27 jag
613 491 125 29 ödmjukast
752 491 92 22 föreslå:

90 527 36 20 det
146 527 50 20 ville
216 527 120 28 höglofliga
356 527 151 28 ridderskapet
527 527 40 20 och
587 526 74 27 adeln,
680 527 7 20 i
703 527 71 20 likhet
793 527 51 21 med

90 561 57 20 hvad
167 561 59 21 inom
242 561 135 21 hedervärda
396 561 161 22 bondeståndet
573 561 72 21 blifvit
660 561 101 26 beslutet,
777 561 67 21 bland

90 596 33 27 sig
138 596 83 27 utvälja
236 596 69 28 några
319 595 24 21 af
357 596 92 26 ståndet,
462 603 46 14 som
520 596 12 21 å
542 595 163 28 ridderskapets
717 595 40 21 och
768 596 75 21 adelns

89 631 82 26 vägnar
191 631 117 27 snarligast
328 629 70 22 skulle
419 630 33 20 till
471 630 118 28 kejserliga
609 629 70 22 finska
699 631 90 20 senaten
809 630 33 21 in-

90 664 58 28 gifva
169 671 26 14 en
216 665 75 26 skrift,
307 667 55 18 samt
383 664 71 21 deruti
472 665 68 27 jemte
560 664 127 28 bifogandet
705 664 24 21 af
741 664 102 21 häröfver

90 699 59 20 inom
168 699 87 20 ståndet
270 699 62 21 förda
347 699 120 28 protokoll,
483 699 96 21 anhålla:
596 698 36 21 det
647 699 119 28 kejserliga
781 705 61 15 sena-

89 735 37 18 ten
147 733 67 21 måtte
235 734 24 20 så
276 733 66 28 begå,
359 735 32 19 att
406 733 153 28 skyndsamma
575 733 101 28 åtgärder
691 733 68 21 måtte
774 733 68 21 blifva

88 768 104 27 vidtagne
212 769 34 20 för
266 768 125 28 inhibering
409 768 24 21 af
449 769 43 20 alla
511 768 74 21 vidare
606 768 131 27 soldattorps
753 768 89 28 anlägg-

90 803 54 27 ning
164 803 53 20 eller
233 803 150 28 bebyggande,
400 802 131 21 åtminstone
546 803 33 20 till
595 803 48 20 dess
659 802 28 21 H.
703 802 61 28 Kejs.
780 802 63 27 Maj:t

88 837 78 20 hunnit
181 837 22 21 få
218 837 34 21 del
269 844 34 13 om
318 837 105 21 Finlands
439 837 98 21 ständers
552 837 77 20 härom
643 837 157 27 underdånigst
810 838 32 20 af-

89 871 60 28 gifne
170 872 125 27 petitioner,
314 872 40 20 och
374 872 28 20 H.
421 871 62 29 Kejs.
498 871 63 28 Maj:t
576 871 96 21 derefter
686 871 7 21 i
709 871 73 22 denna
795 872 47 28 vig-

88 906 46 28 tiga
150 906 45 26 sak,
210 906 42 20 fått
268 906 49 28 afge
334 906 33 20 sin
382 906 79 28 nådiga
476 906 53 27 vilja
545 906 39 20 och
599 905 128 29 befallning.

156 940 58 21 Herr
229 940 78 21 Rein:
329 940 42 28 Jag
392 940 61 21 delar
468 940 132 28 fullkomligt
616 940 40 20 den
673 941 66 20 ärade
754 940 87 28 petitio-

88 976 80 20 närens
184 975 56 27 åsigt
257 982 35 14 om
307 974 129 28 billigheten
451 975 63 20 deraf
527 976 32 19 att
574 974 86 21 landets
675 974 85 21 försvar
773 975 68 21 måtte

89 1010 73 27 åligga
183 1010 43 20 alla
246 1009 49 21 dess
311 1009 95 27 manliga
421 1009 113 26 invånare,
551 1008 70 22 ehvad
637 1008 62 21 stånd
714 1009 41 21 och
771 1009 70 21 vilkor

89 1044 26 20 de
132 1046 27 18 än
174 1044 35 20 må
230 1044 97 26 tillhöra,
344 1043 39 21 och
400 1044 89 20 sålunda
505 1043 42 21 den
563 1045 77 25 tunga,
655 1043 90 21 hvilken
760 1050 79 21 genom

88 1078 203 27 indelningsverket
305 1085 30 13 nu
351 1078 84 28 åligger
447 1078 86 27 jorden,
549 1078 36 21 må
600 1078 74 21 kunna
684 1078 89 26 lindras,
784 1080 56 19 samt

88 1114 32 19 att
142 1112 82 28 förslag
247 1113 33 20 till
303 1114 48 26 nytt
374 1112 159 28 beväringssätt
559 1112 28 28 på
614 1114 42 19 sätt
681 1112 159 28 krigskunnige

87 1147 75 21 kunna
180 1154 52 13 anse
248 1147 125 27 lämpligast
387 1146 72 22 blefve
475 1146 83 22 landets
574 1146 88 22 ständer
677 1147 7 20 i
700 1146 68 22 nåder
783 1146 57 22 före-

88 1182 66 27 lagdt.
185 1181 34 21 Då
234 1181 68 21 likväl
317 1181 60 21 detta
392 1181 191 28 maktpåliggande
600 1181 97 27 ärendet,
712 1181 7 20 i
735 1180 104 22 händelse

88 1216 61 20 Hans
169 1216 63 27 Maj:t
252 1216 7 20 i
280 1215 67 21 nåder
367 1215 73 21 dertill
460 1215 51 21 ville
531 1215 84 27 bifalla,
630 1215 8 20 i
653 1216 67 27 ingen
735 1215 105 21 händelse

87 1250 34 22 för
137 1251 27 19 än
183 1251 33 19 tre
232 1250 23 21 år
270 1250 96 20 härefter
382 1250 44 20 kan
441 1250 116 21 ständerne
573 1249 134 29 föreläggas,
723 1249 27 21 då
764 1249 75 21 vidare

88 1285 68 21 ovisst
176 1286 23 18 är
219 1283 107 21 huruvida
345 1283 37 21 det
402 1284 27 20 då
449 1284 89 21 allmänt
553 1285 101 26 antages,
670 1290 35 14 om
720 1283 49 21 icke
784 1291 54 21 upp-

87 1319 51 19 skof
155 1318 68 20 vållas
243 1325 80 20 genom
343 1318 77 27 gjorda
440 1319 169 26 anmärkningar
629 1318 40 20 och
689 1319 48 25 nytt
755 1318 83 27 förslag

87 1352 41 21 blir
143 1352 83 28 nödigt,
238 1359 46 13 som
299 1352 47 20 åter
356 1352 73 20 kunde
439 1352 113 21 föranleda
561 1352 128 27 ytterligare
700 1351 138 27 tidsutdrägt,

85 1386 105 28 möjligen
210 1386 34 20 till
263 1386 67 27 derpå
350 1386 145 27 nästföljande
514 1386 105 27 landtdag
639 1386 63 21 och
690 1382 15 36 i
722 1386 44 21 alla
784 1386 53 21 hän-

86 1421 73 21 delser
180 1421 111 28 åtskilliga
309 1421 24 20 år
353 1421 69 21 måste
442 1420 88 30 förflyta
549 1420 67 21 innan
632 1427 26 14 en
675 1420 23 21 så
713 1420 124 29 genomgri-
