992 1698
740 128 42 21 209

65 189 64 29 lagda
149 190 29 28 på
198 190 99 22 bestämd
312 190 41 27 tid,
369 191 26 21 de
411 191 42 21 alla
468 191 56 22 tider
539 192 28 28 på
582 192 71 29 dagen
668 192 70 22 skulle
753 193 61 29 ligga

61 225 28 26 på
104 224 87 27 bordet,
207 225 88 20 hvilken
310 225 136 28 proposition
460 225 131 22 besvarades
607 227 49 20 med
666 227 35 28 ja.

129 259 60 20 Herr
208 266 42 14 von
269 259 92 21 Essen:
383 259 43 28 Jag
446 260 70 21 skulle
536 260 77 21 förena
632 261 45 28 mig
696 261 51 22 med
761 261 51 22 herr

61 292 128 28 Furuhjelm
205 293 54 27 deri,
274 295 33 20 att
322 293 55 22 dock
390 294 67 27 något
468 294 114 28 klockslag
594 295 70 21 skulle
675 295 137 30 bestämmas,

61 328 40 20 när
116 327 87 21 lokalen
219 328 29 28 på
262 334 120 22 morgonen
399 328 54 21 skall
470 330 83 27 öppnas
564 329 41 21 och
618 336 34 14 om
666 329 100 22 aftnarne
779 330 33 22 får

60 361 111 22 tillslutas.

130 396 103 22 Friherre
254 397 24 21 af
296 397 138 22 Schultén:
455 397 80 22 Månne
556 399 20 28 ej
592 398 222 23 riddarhusutskottet

62 431 73 22 kunde
151 432 23 21 få
189 432 121 21 bestämma
326 432 130 28 detaljerna;
472 434 101 20 nätterna
588 433 62 21 torde
661 433 35 22 väl
708 434 20 27 ej
740 434 74 22 kunna

61 467 87 20 komma
163 467 7 20 i
187 466 68 28 fråga.

130 500 59 22 Herr
210 501 201 22 landtmarskalken
434 501 144 28 framställde,
600 502 107 22 huruvida
727 502 87 23 ståndet

61 534 52 23 ville
127 535 136 22 öfverlemna
275 536 22 21 åt
309 536 220 22 riddarhusutskottet
540 538 32 20 att
583 538 99 20 närmare
693 538 121 22 bestämma

63 570 32 22 tid
114 570 40 22 och
175 570 70 29 öfrige
263 570 94 29 detaljer
378 578 47 14 som
440 571 7 21 i
463 571 103 22 afseende
582 572 13 21 å
609 572 119 28 bordlagda
746 573 68 21 hand-

61 605 72 28 lingar
151 604 73 23 kunde
243 606 87 21 komma
349 606 7 20 i
371 606 71 28 fråga;
458 606 89 22 hvilken
562 606 136 28 proposition
713 607 101 22 besvara-

61 635 40 27 des
124 640 50 21 med
192 642 35 28 ja.
257 640 48 22 Och
327 640 69 22 skulle
417 641 58 28 förty
494 640 220 23 riddarhusutskottet
734 649 80 21 genom

62 675 201 29 protokollsutdrag
279 676 75 21 härom
369 676 145 21 underrättas.

131 744 105 22 Härefter
256 744 115 29 föredrogs
389 744 41 22 och
445 744 111 29 upplästes
572 751 27 15 en
614 752 90 14 numera
719 744 95 23 tillkom-

64 786 50 14 men
133 779 108 29 kejserlig
260 780 145 28 proposition,
426 780 113 28 angående
556 780 86 27 garanti
664 780 34 21 för
720 780 37 21 det
779 780 36 21 lån

62 814 241 29 hypoteksföreningen
326 814 7 21 i
355 814 74 22 landet
455 814 98 22 kommer
578 816 33 19 att
637 815 13 21 å
676 815 82 21 utrikes
780 817 35 19 ort

63 849 103 28 upptaga.

119 883 60 22 Herr
193 891 42 14 von
249 883 154 22 Bonsdorff:
423 883 81 29 yrkade
520 884 28 29 på
563 883 161 30 bordläggning
734 885 24 21 af
765 891 50 23 pro-

63 918 130 29 positionen.

134 954 81 21 Grefve
231 953 104 22 Creutz:
352 954 43 28 Jag
409 954 52 21 ville
476 954 56 21 blott
547 953 111 28 anmärka,
670 955 32 20 att
715 954 37 22 det
765 961 52 15 vore

65 988 23 21 af
108 988 79 28 högsta
206 989 56 27 vigt,
281 990 32 20 att
336 988 76 28 frågan
435 989 24 21 så
481 988 43 22 fort
546 995 46 14 som
614 988 87 29 möjligt
723 988 94 28 afgöres.

66 1022 44 21 Det
129 1024 23 19 är
168 1023 64 27 högst
251 1022 134 28 nödvändigt
404 1022 34 21 för
458 1022 105 22 Finlands
576 1022 116 28 jordbruk,
708 1025 32 19 att
758 1023 60 21 lånet

65 1057 7 20 i
88 1057 50 21 höst
158 1059 117 26 upptages,
291 1063 34 14 om
341 1056 130 28 föreningen
487 1056 55 22 skall
558 1056 74 21 kunna
646 1058 83 20 uträtta
743 1058 74 27 något.

64 1090 34 22 De
114 1097 111 22 personer,
236 1097 47 15 som
301 1090 61 22 skola
376 1097 50 15 resa
439 1090 34 22 till
489 1090 106 28 utlandet,
605 1090 34 22 för
655 1093 31 19 att
706 1098 111 22 uppnego-

66 1125 58 21 ciera
134 1126 67 26 lånet,
212 1128 37 18 äro
260 1125 67 21 redan
342 1125 91 21 utsedda
449 1125 40 21 och
503 1127 67 19 vänta
584 1125 78 21 endast
671 1125 35 28 på,
717 1127 32 19 att
759 1128 58 19 stän-

66 1159 68 22 derna
153 1160 68 21 måtte
241 1160 76 21 bifalla
337 1160 42 21 den
394 1159 25 21 af
431 1160 130 28 regeringen
577 1160 101 28 nådigast
692 1159 126 29 föreslagna

66 1194 107 28 garantin.
205 1194 42 28 Jag
267 1193 70 22 skulle
357 1194 86 21 derföre
463 1194 125 27 hemställa,
608 1194 107 21 huruvida
736 1195 20 27 ej
775 1194 43 21 den

65 1229 76 26 talare,
158 1236 46 14 som
219 1228 64 28 yrkat
297 1228 28 28 på
341 1228 169 28 bordläggning,
528 1228 51 22 ville
595 1228 56 22 afstå
666 1228 49 22 från
730 1229 38 21 sitt
783 1236 35 20 yr-

66 1263 80 26 kande,
164 1263 40 21 och
219 1270 64 14 anser
302 1262 78 28 frågan
395 1265 78 26 genast
487 1263 54 21 böra
555 1262 124 22 remitteras
694 1262 33 22 till
742 1263 76 21 veder-

68 1297 97 22 börande
179 1297 84 21 utskott
279 1296 40 22 och
335 1299 31 19 att
381 1298 107 20 utsköttet
503 1297 70 22 skulle
588 1304 122 21 uppmanas
720 1299 33 19 att
764 1297 55 21 först

66 1334 51 25 taga
133 1331 72 21 denna
220 1332 62 26 fråga
296 1331 69 20 under
379 1331 139 28 behandling.

134 1365 59 20 Herr
213 1371 42 14 von
276 1364 93 21 Essen:
389 1364 42 28 Jag
451 1365 39 20 har
509 1364 8 21 i
538 1363 42 22 alla
600 1363 61 22 delar
676 1364 72 21 blifvit
762 1364 57 22 före-

66 1399 103 22 kommen
184 1398 24 22 af
221 1398 75 29 grefve
313 1398 84 22 Creutz.
427 1397 44 23 Det
486 1405 38 15 var
539 1398 93 29 ungefär
647 1398 121 23 detsamma
780 1399 40 28 jag

67 1433 93 23 ämnade
181 1433 65 22 hafva
267 1435 53 20 äran
341 1435 31 20 att
392 1433 116 29 föredraga
528 1433 58 22 inför
601 1432 92 23 ståndet.
724 1433 43 30 Jag
781 1433 39 22 ber

114 1473 52 24 Högl.
179 1473 53 19 Ridd.
246 1474 30 18 och
289 1473 64 19 Adelns
364 1473 66 18 Protok.
730 1474 23 17 14
812 1476 3 1 N
