1017 1692
773 127 40 24 399

93 195 92 28 förslag;
206 194 87 22 sednast
313 196 39 21 har
369 197 39 27 jag
428 198 112 19 omnämnt
556 196 41 21 den
615 195 167 29 privilegierade
797 198 46 26 jor-

93 230 52 26 den;
166 230 33 20 till
220 230 49 20 dess
290 230 108 21 förmåner
419 231 63 20 hörer
502 231 48 20 icke
572 231 91 20 allenast
685 231 71 20 såsom
781 230 62 28 sagdt

91 264 82 26 blifvit,
193 264 118 20 befrielsen
330 264 47 20 från
399 265 229 27 skjutsningstungan,
651 265 42 20 den
716 265 83 20 betalar
822 265 21 27 ej

92 297 68 21 heller
180 298 71 27 någon
272 298 129 27 grundskatt
422 299 39 20 och
482 299 97 28 deltager
598 300 20 26 ej
638 299 7 20 i
659 299 52 20 flere
727 299 67 20 andra
809 301 33 18 ut-

93 331 94 28 skylder,
198 339 46 13 som
260 332 97 21 vidlåder
372 333 42 20 den
430 333 48 20 icke
491 333 166 28 privilegierade
667 333 85 28 jorden.
775 333 68 21 Detta

92 365 189 22 missförhållande
301 366 38 21 har
358 367 98 28 uppstått
471 367 7 20 i
494 367 59 21 äldre
572 367 65 27 tider,
659 367 26 21 då
701 367 63 21 adeln
780 368 62 20 sökte

92 400 28 27 på
140 401 39 20 allt
199 402 42 19 sätt
261 401 90 27 utvidga
371 401 31 21 sin
424 402 60 20 makt
504 402 40 21 och
564 402 37 20 sitt
616 402 118 26 anseende,
750 409 49 14 men
816 403 26 20 de

93 434 88 21 dermed
197 435 89 21 afsedda
301 435 110 21 förmoner
427 436 65 21 hafva
508 436 139 28 egenteligen
662 436 91 21 kommit
767 437 76 20 endast

94 469 25 20 de
135 469 122 21 dåvarande
269 469 169 22 innehafvarene
450 471 24 20 af
484 471 47 20 dess
541 471 180 27 jordlägenheter
731 471 34 20 till
776 471 66 28 godo;

93 503 25 21 af
131 504 42 20 alla
188 504 97 27 följande
301 505 141 20 innehafvaro
455 512 45 13 som
514 505 46 20 dels
572 512 79 21 genom
663 505 35 20 arf
707 505 46 21 dels
764 512 78 21 genom

93 537 43 28 köp
153 538 71 20 blifvit
238 540 65 25 ägare
319 539 24 20 af
356 539 67 20 sädan
436 539 56 27 jord,
507 541 37 19 äro
560 539 62 21 desse
634 539 111 21 förmoner
756 539 86 22 betrak-

94 571 49 21 tade
164 572 70 21 säsom
255 574 32 19 ett
306 573 65 20 ökadt
386 573 160 28 kapitalsvärde
562 574 12 20 &
589 573 166 28 lägenheterne,
772 574 71 21 hvari-

94 613 79 20 genom
197 607 90 20 sälunda
307 607 64 20 äfven
392 607 117 28 tillökning
529 608 57 20 skett
605 608 6 20 i
632 608 62 21 deras
717 608 66 28 köpe-
803 609 41 20 och

94 641 146 28 löseskilling,
261 641 66 21 hvarä
347 643 63 19 ränta
424 642 92 21 medelst
532 642 155 27 afkastningen
702 642 48 21 frän
763 643 79 27 jorden

96 675 125 28 päräknats.
251 675 35 21 En
305 676 54 21 hvar
377 676 123 21 nuvarande
517 676 117 29 jordägare
652 678 23 19 är
691 677 152 28 följakteligen

94 709 8 21 i
117 709 33 21 sin
167 709 54 21 fulla
240 711 43 20 rätt
299 712 31 19 att
345 711 135 20 fortfarande
495 711 154 28 tillgodonjuta
665 711 42 21 alla
722 712 62 21 desse
799 712 44 21 för-

95 751 81 20 moner,
200 744 57 21 intill
278 745 49 21 dess
347 745 26 21 de
392 745 28 28 pä
440 747 66 19 annat
526 747 43 19 sätt
589 745 71 21 blifvit
680 746 79 21 honom
783 746 60 28 godt-

94 779 83 28 gjorda.
208 779 51 21 Men
277 779 44 21 lika
337 780 85 27 obilligt
437 780 37 20 det
489 782 23 19 är
528 782 31 19 att
575 781 19 27 ej
611 780 74 28 hvarje
701 781 143 28 medborgare

94 814 7 20 i
116 814 143 20 fosterlandet
279 814 54 21 skall
354 816 40 26 äga

96 848 55 20 skild
171 856 61 12 mans
251 848 61 28 värjo
331 848 56 21 befin

96 882 119 28 oegentligt
236 884 23 19 är
275 882 37 21 det
327 883 63 21 äfven

94 919 79 26 tyngre
185 917 39 21 och
235 917 136 21 annorlunda
383 917 13 21 b

414 815 105 27 rättighet
539 816 31 20 att
591 814 84 22 besitta"
689 815 74 27 hvarje
783 816 8 20 i
807 822 36 14 en-

400 848 30 28 lig
443 849 122 27 jordtorfva
580 850 59 20 inom
655 850 128 26 detsamma,
800 850 44 22 lika

397 898 5 12 ,
418 885 30 19 att
464 884 41 20 den
522 891 41 13 ena
576 884 130 28 jordlappen
723 884 55 21 skall
793 892 52 14 vara

399 917 98 21 eskattad
508 920 28 19 än
550 918 41 20 den
602 918 77 27 andra;
695 918 148 22 förstnämnde

96 951 103 21 orättvisa
214 951 61 21 torde
292 951 121 21 emellertid
428 952 67 20 redan
510 952 35 21 vid
560 952 72 20 denna
644 952 103 28 landtdag
757 953 87 21 komma

95 987 32 19 att
142 986 105 28 upphöra.
277 986 46 21 Vär
343 986 119 21 Storfurste
477 986 45 28 har,
539 994 46 13 som
600 986 67 21 kändt
683 988 30 26 är,
729 987 116 31 framställt

96 1020 33 21 för
144 1020 116 21 ständerne
279 1020 133 28 proposition
429 1028 34 13 om
479 1021 152 28 upphäfvande
647 1022 24 20 af
683 1021 162 29 ridderskapets

96 1055 39 21 och
156 1055 75 21 adelns
251 1055 137 21 uteslutande
408 1056 44 20 rätt
471 1057 31 19 att
518 1058 41 25 äga
574 1056 116 27 frälsejord
705 1056 49 21 med
769 1057 76 20 säteri-

96 1090 75 26 frihet,
188 1096 26 14 en
230 1090 135 28 proposition
381 1090 12 20 ät
418 1090 88 21 hvilken
522 1090 34 21 väl
570 1090 43 21 alla
631 1090 214 22 fosterlandsvänner

96 1124 61 21 skola
172 1124 83 21 skänka
271 1124 37 20 sitt
324 1124 90 20 odelade
429 1124 67 21 bifall.
527 1125 36 20 Mä
578 1124 42 21 den
632 1125 155 27 oegentlighet,
799 1132 46 14 som

95 1159 70 27 ligger
180 1159 7 19 i
203 1158 41 21 den
261 1158 58 21 olika
331 1158 220 29 jordbeskattningen
568 1159 64 21 äfven
647 1160 28 27 pä
691 1161 30 19 ett
732 1160 50 20 med
792 1162 53 18 rätt-

95 1193 46 20 visa
162 1192 236 22 öfverensstämmande
421 1194 42 20 sätt
483 1194 85 23 häfvas,
585 1194 23 20 sä
624 1195 59 19 snart
699 1194 76 20 sädant
790 1194 55 20 läter

96 1227 33 27 sig
149 1228 61 26 göra;
229 1227 39 28 jag
288 1227 72 21 älskar
379 1229 31 19 att
430 1229 32 19 tro
484 1230 31 18 att
535 1228 71 20 denna
626 1228 72 27 frägas
717 1228 86 28 lösning
824 1229 20 27 ej

96 1263 69 19 möter
181 1262 198 27 oöfvervinnerliga
394 1262 83 21 hinder.

163 1296 44 21 För
225 1297 79 27 många
319 1297 24 20 år
358 1297 91 20 tillbaka
464 1296 134 22 framställde
614 1303 26 14 en
657 1296 24 21 af
694 1297 102 28 Sveriges
811 1299 34 19 ut-

96 1331 109 20 märktare
221 1332 105 19 statsmän
343 1332 31 18 ett
390 1331 82 26 förslag
488 1331 6 20 i
510 1337 82 14 samma
604 1331 65 26 syfte:
686 1333 31 18 att
728 1331 118 27 uppskatta

96 1363 155 28 frälsejordens
270 1364 164 21 skattefriheter
450 1365 33 19 till
498 1365 54 19 visst
567 1364 66 20 värde
649 1364 40 20 och
704 1364 142 27 kapitalisera

96 1398 129 27 detsamma,
245 1398 7 21 i
273 1398 68 21 likhet
360 1398 49 21 med
424 1398 57 21 hvad
501 1397 66 22 redan
583 1400 78 25 yttrats
677 1405 34 14 om
727 1397 118 22 befrielsen

95 1433 49 22 frän
167 1433 228 29 skjutsningstungan;
420 1433 59 21 detta
501 1433 162 28 kapitalbelopp
685 1433 70 20 skulle
779 1433 66 23 sedan
