1003 1698
748 136 41 20 307

69 197 79 29 lighet,
169 200 32 19 att
216 199 48 21 från
281 198 27 21 de
324 199 70 28 öfriga
410 199 91 22 stånden
517 199 73 22 kunna
606 202 50 26 taga
671 200 74 22 halfva
760 202 58 20 med-

68 233 98 21 lemmar.
200 232 94 22 Derföre
315 240 64 14 anser
396 234 39 27 jag
455 234 36 21 det
510 234 53 21 böra
578 241 51 14 vara
644 234 120 28 sjelffallet,
788 238 31 18 att

70 266 164 28 omröstningen
251 266 50 21 sker
317 274 39 20 per
372 268 78 27 capita.

137 300 58 21 Herr
211 300 179 21 Silfversvan:
406 301 43 21 Det
465 304 23 18 är
503 308 27 14 en
547 302 94 27 gammal
656 302 67 27 regel,
740 304 37 24 att,
792 303 27 21 då

67 335 36 27 lag
118 334 79 27 finnes,
218 334 43 21 kan
282 335 20 27 ej
321 335 73 28 praxis
416 335 115 29 tillämpas.
561 336 44 21 För
620 336 60 21 detta
695 336 38 21 fall
749 337 68 21 finnes

66 369 46 28 lag;
134 369 20 20 vi
170 369 64 21 hafva
251 370 26 19 14
293 370 11 26 $
320 370 23 20 af
358 370 53 20 1779
427 370 35 20 års
477 370 181 28 riksdagsbeslut,
682 378 46 14 som
744 374 72 25 säger:

66 420 11 10 n
77 403 40 21 Wi
137 404 95 20 erkänne
254 404 40 20 ock
314 404 127 27 härigenom
462 404 39 21 allt
521 404 56 21 hvad
598 405 68 27 enligt
685 405 70 21 thetta
770 406 47 20 vårt

67 438 78 20 Beslut
163 438 39 20 och
222 438 36 20 the
278 438 58 20 såväl
351 438 39 21 hos
405 438 80 28 Kongl.
501 439 74 27 Maj:t,
597 446 45 13 som
656 440 29 27 på
699 439 117 21 Rikssalen

67 472 74 21 hållne
152 472 140 28 protokoller,
304 472 36 21 vid
351 472 70 22 denne
432 473 69 21 första
510 473 99 28 Riksdag
620 473 55 21 efter
683 474 134 28 Regerings-

68 507 77 19 sättets
161 506 149 21 förbättrande
327 506 71 22 blifvit
413 507 24 21 af
450 506 80 29 Kongl.
546 507 64 28 Maj:t
620 508 13 20 å
643 508 67 26 Thes,
727 508 53 21 eller
796 508 24 21 af

67 548 36 13 oss
123 540 13 20 å
156 540 37 20 vår
213 540 47 20 sida
280 540 8 20 i
306 540 38 21 akt
362 541 65 27 tagit,
450 541 6 21 i
475 541 103 21 afseende
597 542 27 28 på
644 542 122 28 ordningen
781 542 36 22 vid

66 574 136 28 Riksdagars
212 574 109 27 hållande,
332 575 103 21 ärenders
446 576 119 27 afgörande
576 576 40 21 och
627 576 36 21 the
674 577 142 27 röstägandes

65 609 119 28 egenskap,
204 608 40 21 och
264 611 80 26 antage
365 609 76 22 sådant
462 609 33 22 för
514 611 37 27 lag
571 611 39 20 och
630 612 133 26 rättesnöre,
784 613 32 19 att

65 643 37 22 vid
122 643 27 21 de
169 643 126 28 påföljande
315 644 130 21 Riksmöten
465 645 142 28 oryggeligen
626 645 55 28 följa
701 645 40 21 och
760 645 55 22 efter

65 678 77 22 lefva.”

135 712 29 21 Vi
184 714 69 20 måste
274 713 84 22 således
373 713 53 21 söka
442 714 62 26 efter,
519 713 56 21 huru
590 713 36 21 vid
642 714 53 20 1778
711 715 34 20 års
761 714 54 21 riks-

67 747 43 28 dag
129 747 39 21 har
188 748 81 27 tillgått
288 747 40 22 och
347 748 19 27 ej
382 747 58 22 hålla
456 755 34 14 oss
506 748 33 21 till
555 747 41 22 den
611 748 84 28 praxis,
718 755 46 14 som
780 749 35 20 vid

65 782 156 27 efterföljande
241 782 114 27 riksdagar
375 783 59 27 gjort
453 783 32 27 sig
501 782 107 28 gällande.
638 782 35 21 Nu
688 783 40 21 har
743 789 50 14 man
808 783 7 20 i

67 818 33 19 ett
118 816 122 21 utkommet
259 817 145 27 reglemente,
425 823 46 14 som
489 817 69 20 kallas
575 817 204 28 ,sammanfattning
794 817 23 21 af

65 851 104 27 gällande
185 851 87 28 stadgar
288 852 40 20 och
343 851 133 27 vedertagna
492 851 64 27 bruk,
576 851 74 21 hvilka
665 854 41 25 äga
721 852 94 28 tillämp-

65 885 54 27 ning
134 886 28 27 på
177 885 122 28 ordningen
314 885 36 21 vid
368 885 128 28 landtdagar
512 886 7 20 i
538 885 211 22 Storfurstendömet
763 886 52 21 Fin-

65 920 63 20 land*
144 920 7 20 i
167 920 26 20 22
209 920 11 27 $
236 919 60 21 2:dra
314 922 119 18 momentet
452 920 34 21 för
505 920 161 28 omröstningar
682 920 35 21 vid
733 920 82 21 utskot-

63 957 38 18 ten
117 954 103 21 fastställt
241 954 41 21 den
303 954 73 28 praxis
396 962 46 13 som
461 955 60 27 gjort
539 954 34 28 sig
593 954 100 28 gällande
709 955 36 21 vid
760 954 55 22 riks-

64 989 98 27 dagarna
174 989 62 27 1786,
250 989 60 27 1789,
324 989 60 27 1792,
398 990 53 20 1800
463 990 39 20 och
515 989 60 27 1809,
589 996 49 14 men
652 989 42 21 den
708 991 23 19 är
740 990 20 28 ej
770 990 45 27 gäl-

67 1023 64 21 lande
147 1030 47 14 som
209 1024 45 27 lag,
270 1025 52 19 utan
340 1024 53 20 1778
407 1024 34 20 års
457 1023 174 28 riksdagspraxis
648 1024 40 21 och
704 1023 26 21 då
746 1024 36 20 det
794 1024 19 27 ej

64 1060 26 18 är
105 1058 81 26 bevist,
202 1059 32 19 att
249 1057 151 29 ridderskapet
416 1058 40 20 och
471 1058 64 20 adeln
546 1058 27 20 då
583 1059 68 19 röstat
662 1058 91 20 klassvis
764 1058 7 20 i
782 1060 32 18 ut-

65 1092 98 27 skotten,
179 1092 41 20 kan
234 1093 39 27 jag
289 1092 19 28 ej
325 1099 52 14 anse
393 1092 36 21 det
445 1099 51 14 vara
511 1092 46 28 lag,
572 1094 53 18 utan
640 1098 89 14 snarare
745 1092 69 21 skulle

62 1128 41 26 jag
117 1128 41 24 tro,
174 1128 31 19 att
220 1127 112 20 utskotten
349 1126 27 21 då
392 1126 96 28 följande
506 1126 95 28 gammal
616 1126 83 27 praxis,
720 1126 28 20 då
763 1126 52 28 inga

66 1160 156 28 lagstadgande
234 1160 118 26 förefanns,
363 1162 68 19 röstat
441 1161 28 27 på
479 1167 82 14 samma
573 1162 47 24 sätt,
637 1167 46 13 som
694 1159 47 21 före
754 1161 60 20 1772.

65 1195 35 20 Nu
111 1194 121 28 upphäfdes
242 1194 201 28 klassindelningen
456 1195 53 20 1719
523 1194 39 21 och
573 1194 159 27 klassvotering
743 1194 71 21 kunde

64 1228 85 21 således
169 1229 49 21 icke
238 1229 88 21 komma
345 1229 7 20 i
372 1228 68 28 fråga.
470 1228 11 21 I
501 1229 42 20 alla
564 1228 114 21 händelser
698 1235 65 14 anser
775 1228 40 28 jag

63 1263 44 21 den
123 1263 83 27 praxis,
222 1270 46 14 som
285 1263 54 21 1778
354 1263 71 27 följts,
441 1270 51 14 vara
508 1263 34 20 för
557 1270 35 13 oss
607 1263 37 27 lag
660 1262 39 21 och
711 1263 20 27 ej
743 1263 70 27 någon

65 1304 78 14 annan.

134 1331 58 20 Herr
207 1330 126 26 Aminoff,
346 1331 24 20 G.
383 1330 32 20 G.:
427 1331 102 20 Rörande
540 1330 143 20 förevarande
694 1331 62 26 fråga
766 1331 49 19 sak-

65 1371 38 13 nas
120 1364 83 27 tydliga
219 1364 207 27 lagbestämmelser.
457 1363 151 28 Lagskiparen
623 1365 23 18 är
662 1363 105 21 hänvisad
783 1363 33 20 till

63 1398 143 21 deductioner
221 1405 25 13 ur
262 1398 111 21 allmänna
389 1397 110 28 principer
515 1397 49 27 och,
580 1404 78 21 genom
676 1398 25 19 14
717 1398 11 27 8
742 1397 7 20 i
762 1398 53 20 1779

61 1433 36 21 års
117 1432 181 28 riksdagsbeslut,
315 1432 32 20 till
364 1432 41 21 den
420 1432 36 20 vid
467 1439 81 14 samma
559 1431 88 29 riksdag
658 1431 68 28 följda
736 1432 80 27 praxis.
