992 1692
740 121 38 19 153

132 184 80 22 Grefve
228 184 112 22 Creutz:
355 184 71 28 Fråga
442 185 60 21 torde
518 186 78 27 uppstå
611 186 55 20 hvad
681 186 50 20 med
741 186 65 20 behö-

64 218 34 28 rig
112 218 90 21 kallelse
218 219 87 21 förstås.

131 252 58 21 Herr
207 253 110 21 Munck:
336 253 66 21 Detta
423 254 61 20 torde
504 254 73 20 kunna
595 254 131 21 bestämmas
741 255 15 19 t.
772 261 33 13 ex.

64 286 90 22 sålunda
169 294 90 20 ,genom
275 288 75 26 anslag
364 287 47 21 före
427 287 92 21 klockan
536 288 26 20 12
577 288 131 27 föregående
719 288 88 27 dagen.*

130 321 58 21 Herr
203 328 42 14 von
261 322 83 26 Born,
360 321 72 21 Johan
446 322 97 27 August:
559 322 44 20 För
617 322 45 20 min
674 322 34 20 del
718 322 89 21 instäm-

62 362 46 14 mer
120 356 40 28 jag
174 356 8 20 i
196 356 58 20 hvad
268 362 47 14 som
329 355 72 21 blifvit
416 356 24 20 af
453 356 131 28 föregående
599 356 68 20 talare
683 356 124 28 föreslaget,

63 396 50 15 men
134 390 38 21 vill
195 390 57 21 fästa
274 390 162 28 ridderskapets
458 390 40 21 och
521 390 75 21 adelns
617 390 192 28 uppmärksamhet

63 424 73 28 derpå,
152 426 32 19 att
206 424 26 21 de
254 431 104 21 personer
378 431 45 14 som
444 426 36 19 äro
501 424 90 22 utsedde
613 424 33 21 till
669 425 140 28 suppleanter

63 458 104 28 möjligen
183 459 20 27 ej
219 458 73 21 kunna
306 460 50 19 veta
373 460 39 19 när
432 458 26 22 de
474 458 107 21 ordinarie
591 458 169 22 medlemmarne
771 461 37 19 äro

63 493 24 19 af
100 494 31 19 ett
146 492 53 21 eller
215 495 67 19 annat
297 493 46 20 skäl
358 493 104 21 hindrade
478 495 32 19 att
525 493 78 21 bivista
622 494 185 27 sammanträden;

64 526 86 22 derföre
166 527 69 21 skulle
248 528 40 27 jag
302 534 52 14 anse
369 528 83 27 nödigt,
468 530 31 18 att
514 529 39 19 när
569 528 167 27 suppleanterne
747 528 61 21 skola

63 560 82 22 infinna
161 561 33 27 sig
209 562 13 20 å
237 561 166 27 sammanträde,
419 562 92 21 särskild
525 562 90 21 kallelse
627 562 71 20 dertill
709 562 39 21 bör
758 563 49 20 dem

64 595 118 21 meddelas.

131 630 58 20 Herr
204 630 101 21 Munck
320 630 103 21 förenade
440 630 33 28 sig
488 630 45 21 helt
547 631 39 20 och
601 630 68 21 hållet
683 631 54 21 häri.

131 664 59 21 Herr
211 664 199 21 landtmarskalken
432 665 139 27 hemställde,
593 664 106 22 huruvida
724 666 85 20 ståndet

62 698 52 21 ville
130 701 80 25 antaga
224 699 165 27 ifrågavarande
405 700 11 26 $
432 699 49 21 med
501 699 26 21 de
546 706 30 14 nu
595 699 124 27 föreslagna
737 699 71 21 förän-

65 733 125 27 dringarne;
206 733 89 20 hvilken
310 733 134 28 proposition
459 733 130 21 besvarades
603 734 50 20 med
663 734 35 27 ja.

132 768 40 19 8:o.
202 767 50 21 Den
267 774 46 13 som
328 767 38 20 vill
386 768 66 26 något
470 768 121 26 muntligen
607 768 102 26 andraga,
724 768 85 20 anmäle

64 801 33 27 sig
112 802 31 20 att
158 801 44 21 tala
217 801 27 21 då
260 801 198 21 landtmarskalken
473 802 7 20 i
496 801 106 28 ordning,
617 801 55 21 efter
693 808 45 14 som
757 802 52 20 hvar

65 835 39 20 och
121 841 27 14 en
163 835 33 28 sig
211 836 89 25 anmält,
320 835 98 28 tillsäger
437 836 64 20 hvem
521 842 46 14 som
586 836 33 20 får
640 835 67 21 ordet.
737 835 73 21 Faller

65 869 72 28 någon
152 876 71 14 annan
239 869 7 20 i
261 869 60 27 talet,
337 869 87 28 erlägge
441 869 33 21 för
492 869 76 28 hvarje
587 869 58 28 gång
660 870 43 20 han
723 869 88 21 dermed

64 903 102 21 beträdes
181 903 37 21 två
231 899 63 25 mark
310 903 38 21 och
364 903 90 22 dubbelt
472 903 97 22 deremot
587 911 35 14 om
638 904 42 21 sorl
697 904 39 21 och
752 904 58 21 skrål

66 937 120 28 dymedelst
201 939 149 27 uppkommer.

132 972 58 21 Herr
210 972 105 27 Munck,
336 972 23 21 C.
382 973 36 20 F.:
435 972 133 28 Stadgandet
589 973 82 26 börjar:
691 972 50 21 Den
764 979 44 14 som

66 1007 67 27 nägot
147 1007 122 27 muntligen
285 1007 106 27 andrager
406 1013 18 14 o.
436 1014 16 13 s.
463 1014 20 13 v.
507 1007 68 20 Ordet
586 1007 143 28 ,muntligen*
741 1007 69 20 skulle

64 1042 39 27 jag
117 1041 53 28 vilja
190 1042 120 19 utmönstra
332 1041 69 21 säsom
421 1041 130 28 oegentligt;
572 1041 95 20 derefter
685 1041 69 20 skulle
772 1041 39 28 jag

66 1075 53 28 vilja
134 1075 115 28 godkänna
264 1076 11 27 $
291 1075 55 21 ända
361 1075 33 20 till
410 1075 76 21 orden:
503 1076 24 25 ,2
542 1075 79 27 mark",
630 1082 48 13 men
699 1075 38 20 allt
755 1075 56 20 hvad

68 1117 45 14 som
129 1109 67 22 sedan
210 1109 75 28 följer,
302 1109 69 21 skulle
387 1110 39 27 jag
441 1110 53 27 vilja
508 1110 104 26 utesluta,
629 1110 90 20 emedan
739 1110 36 20 det
790 1110 20 27 ej

66 1145 43 20 kan
123 1145 76 27 läggas
214 1144 83 21 talaren
312 1144 34 21 till
360 1144 42 21 last
420 1151 35 14 om
470 1144 67 21 andra
551 1144 72 21 skråla
639 1144 40 21 och
694 1144 63 21 sorla.

135 1179 81 20 Grefve
232 1179 105 20 Creutz:
353 1178 43 28 Jag
410 1179 52 20 ville
477 1179 55 20 blott
547 1179 61 27 fråga
623 1178 41 21 den
685 1180 52 19 siste
757 1179 53 20 tala-

68 1221 38 13 ren
132 1213 55 20 huru
209 1213 61 27 långt
292 1213 42 20 han
353 1213 38 21 vill
410 1213 37 28 gå,
463 1213 27 21 då
510 1213 37 20 det
567 1215 22 18 är
609 1213 62 27 fråga
691 1220 34 13 om
745 1215 31 18 att
791 1213 21 27 ej

67 1248 51 21 falla
134 1255 28 13 en
176 1255 72 13 annan
261 1248 8 19 i
284 1247 60 21 talet.
373 1247 44 21 Får
431 1255 49 13 man
501 1248 20 27 ej
543 1249 50 26 säga
613 1249 14 18 t.
644 1254 32 13 ex.
697 1248 42 27 nej.
769 1247 43 27 Jag

68 1289 108 21 upprepar
191 1281 38 21 här
244 1281 56 22 hvad
313 1282 39 27 jag
367 1281 67 22 redan
449 1282 58 21 förut
522 1282 74 21 derom
610 1283 73 26 yttrat.

135 1316 58 20 Herr
208 1316 110 25 Munck,
334 1316 23 20 C.
372 1316 36 20 F.:
424 1316 43 27 Jag
482 1318 75 18 ämnar
577 1316 20 26 ej
618 1317 33 19 stå
669 1316 38 19 här
723 1322 46 13 som
785 1322 26 13 en

70 1350 113 27 skolpojke
199 1350 39 19 och
254 1356 62 14 svara
330 1349 28 28 på
373 1349 81 27 frågor.

136 1383 32 21 På
176 1383 144 28 anmärkning
333 1383 23 20 af
365 1383 49 20 herr
423 1383 204 26 landtmarskalken,
637 1384 30 19 att
676 1382 35 21 det
721 1383 19 27 ej
750 1382 61 21 torde

70 1425 50 14 vara
130 1418 99 28 lämpligt
240 1419 32 20 att
286 1417 76 22 hindra
374 1425 26 14 en
411 1418 67 21 talare
488 1420 31 19 att
526 1418 44 21 tala
578 1417 33 22 till
619 1417 75 28 punkt,
703 1417 108 28 genmälte
