992 1692
219 142 43 22 212

191 208 121 27 ställighet,
333 208 234 21 riddarhusutskottets
587 208 101 28 yttrande
707 208 8 20 i
735 209 77 27 frågan
827 208 68 22 borde
910 209 33 21 in-

190 242 92 22 hemtas.

259 277 59 21 Herr
337 283 43 15 von
399 277 93 21 Essen:
513 277 44 28 Jag
576 277 79 21 önskar
675 277 77 22 förena
767 277 45 28 mig
827 277 51 22 med
892 277 51 22 herr

190 310 82 22 Munck
288 311 40 22 och
344 318 63 14 anser
422 311 106 28 derjemte
544 313 38 26 att,
598 312 7 21 i
620 311 105 22 händelse
735 312 51 21 herr
796 312 92 21 Muncks
899 312 43 21 för-

190 345 48 28 slag
251 345 78 22 vinner
344 345 97 22 ståndets
456 346 69 27 bifall,
541 345 36 22 det
592 345 72 22 beslut
679 353 46 14 som
740 353 30 14 nu
785 346 72 27 fattas,
867 346 74 21 kunde

191 380 110 21 betraktas
316 380 71 21 såsom
404 381 32 20 ett
451 380 77 29 tillägg
542 380 34 21 till
591 380 37 21 det
643 380 65 27 förra,
722 380 90 28 sålunda
823 382 31 19 att
864 381 78 28 frågan

190 414 55 21 först
262 414 88 21 komme
365 416 32 19 att
411 414 120 22 behandlas
546 414 24 22 af
582 414 222 22 riddarhusutskottet
819 415 40 21 och
875 415 66 22 sedan

191 448 145 22 öfverlemnas
354 449 34 20 till
402 449 151 28 lagutskottet.
582 448 135 29 "Härigenom
733 449 71 21 skulle
819 449 37 21 det
870 449 73 22 beslut

191 482 87 23 ståndet
292 483 60 22 förut
366 483 63 22 fattat
444 483 50 21 icke
509 483 67 22 blifva
591 483 126 28 upphäfvet.

258 517 58 22 Herr
337 517 165 22 Silfversvan
523 517 114 22 anmärkte
658 519 41 25 att,
719 517 34 21 för
773 519 32 20 att
823 519 32 20 ett
869 517 72 22 beslut

190 550 55 23 skall
265 551 75 22 kunna
359 551 113 22 förändras
492 551 67 22 borde
575 552 43 21 alla
638 551 26 21 de
680 559 46 14 som
741 551 64 22 fattat
822 552 120 21 detsamma

190 592 52 16 vara
256 586 143 21 närvarande.

258 620 58 21 Herr
331 621 110 26 Munck,
458 621 23 21 C.
496 621 44 21 Fr.:
557 620 42 29 Jag
614 619 43 22 kan
672 621 21 27 ej
705 620 115 28 godkänna
830 620 51 21 herr
891 620 50 22 Silf-

191 660 103 16 versvans
309 655 57 28 åsigt
380 655 91 21 emedan
488 655 93 27 ståndet,
597 655 76 20 sådant
689 654 36 21 det
741 661 29 14 nu
786 655 30 27 är,
827 655 48 21 icke
887 655 54 21 min-

191 689 37 22 dre
250 691 165 27 representerar
437 689 152 29 ridderskapet
613 689 39 21 och
679 689 74 27 adeln,
774 691 27 19 än
817 689 26 22 de
867 689 74 22 hvilka

190 724 56 21 varit
261 724 107 21 tillstädes
380 725 8 20 i
403 725 86 20 ståndet
505 724 27 21 då
546 723 165 28 ifrågavarande
726 723 71 22 beslut
812 723 100 22 fattades.

258 758 103 22 Friherre
381 759 24 21 af
423 758 135 22 Schultén:
579 758 43 28 Jag
641 758 70 22 skulle
731 758 56 21 blott
808 758 81 22 föreslå
909 760 32 20 att

190 799 27 15 en
237 794 135 28 proposition
392 794 113 28 angående
524 794 37 21 det
575 793 165 28 ifrågavarande
756 793 100 29 tillägget
871 793 70 21 skulle

191 828 24 20 af
234 828 52 21 herr
307 827 202 22 landtmarskalken
527 828 35 21 till
577 827 87 21 ståndet
681 827 139 21 framställas.
852 827 89 22 Kanske

191 862 98 28 kommer
303 862 164 29 propositionen
482 864 33 20 att
529 862 107 28 enhälligt
650 862 93 21 bifallas.
768 890 2 2 —

258 897 59 21 Herr
335 897 199 28 Björkenheim,
554 896 63 22 R.:1
632 898 90 20 motsats
737 896 34 21 till
787 896 26 22 de
827 896 66 22 värde
909 898 32 20 ta-

191 930 55 29 lare,
262 932 132 21 åtminstone
410 932 26 21 de
451 932 72 27 fleste,
538 932 75 21 hvilka
627 932 79 20 uttalat
721 932 34 28 sig
769 931 7 21 i
792 931 60 21 detta
867 933 74 25 ämne,

191 966 34 21 får
236 966 41 29 jag
292 966 34 22 för
340 966 46 21 min
402 966 34 21 del
452 966 90 28 päyrka,
553 967 32 20 att
595 967 40 19 när
650 965 86 21 ståndet
751 965 64 21 fattat
829 967 31 19 ett
870 966 72 20 beslut

192 1000 36 22 det
242 1002 20 28 ej
279 1002 36 20 mä
329 1002 29 27 pä
372 1001 66 28 nägot
454 1002 42 20 sätt
512 1000 77 22 ändras
606 1007 38 14 ens
660 1000 36 21 vid
708 1000 145 28 justeringen.

258 1036 33 22 På
305 1036 51 21 herr
371 1035 209 22 landtmarskalkens
601 1035 74 21 derom
694 1034 135 22 framställda
843 1035 98 27 proposi-

190 1070 57 27 tion,
262 1070 82 22 beslöts
364 1072 32 20 att
416 1071 32 20 till
469 1070 97 21 ståndets
586 1068 41 22 den
648 1070 13 20 3
681 1069 148 21 innevarande
849 1069 91 21 oktober

190 1104 82 22 fattade
290 1105 82 27 beslut,
387 1106 33 20 att
435 1104 33 21 till
482 1104 145 28 lagutskottet
641 1104 113 20 remittera
769 1103 80 28 nådiga
861 1110 78 22 propo-

190 1139 94 22 sitionen
299 1139 113 28 angående
428 1138 152 29 upphäfvande
595 1138 24 20 af
632 1137 162 28 ridderskapets
809 1138 40 20 och
864 1138 76 20 adelns

190 1174 137 21 uteslutande
344 1175 44 19 rätt
406 1175 32 19 att
455 1174 41 27 äga
511 1172 116 28 frälsejord
645 1172 50 21 med
710 1172 143 27 säterifrihet,
869 1172 70 21 skulle

190 1210 64 26 göras
264 1208 38 21 det
314 1208 78 28 tillägg
405 1209 33 20 att
450 1206 94 22 nämnde
558 1206 79 28 nådiga
647 1206 136 28 proposition
798 1206 141 21 derförinnan

189 1241 70 21 skulle
275 1242 144 20 öfverlemnas
434 1242 33 20 till
483 1240 232 22 riddarhusutskottets
730 1240 139 27 behandling.

257 1315 34 22 En
307 1314 137 30 deputation,
460 1314 77 22 anförd
553 1314 24 21 af
589 1313 92 23 friherre
697 1313 153 28 Cedercreutz,
866 1313 73 29 afgick

189 1350 33 23 till
242 1349 170 31 prestaståndet,
428 1349 36 22 det
484 1349 56 22 enda
559 1356 47 15 som
621 1349 95 21 förutom
731 1348 152 29 ridderskapet
899 1349 39 21 och

190 1386 64 22 adeln
269 1385 7 22 i
292 1385 42 29 dag
348 1392 38 14 var
401 1384 128 22 församladt
544 1383 33 22 till
591 1384 96 28 plenum,
703 1383 34 21 för
752 1385 33 19 att
799 1383 22 21 åt
837 1383 36 21 det
885 1383 52 28 hög-

189 1421 91 28 vördiga
288 1419 86 23 ståndet
381 1419 48 21 icke
438 1419 93 22 allenast
540 1418 100 22 meddela
648 1417 151 29 ridderskapet
809 1417 41 22 och
863 1417 75 22 adelns

168 1453 6 2 ”
188 1455 73 21 beslut
272 1455 51 22 med
338 1453 120 29 anledning
472 1454 25 21 af
510 1454 51 21 herr
575 1459 43 16 von
627 1453 82 22 Essens
723 1453 40 21 och
778 1452 50 21 herr
843 1452 95 22 Schildts
