992 1695
751 127 38 20 133

77 191 32 21 till
128 191 106 28 egendom
259 191 46 21 blef
331 192 55 20 efter
410 192 129 27 uppläsning
562 192 130 27 hänskjuten
718 191 32 21 till
774 192 45 27 lag-

78 227 110 19 utskottet.

146 294 116 27 Upplästes
276 294 77 27 nådiga
365 295 161 27 propositionen
539 296 55 19 n:o
586 290 12 37 8
608 295 111 28 angående
733 295 87 28 uppsåt-

78 329 32 27 lig
124 329 156 26 misshandling
296 328 23 21 af
331 328 99 27 kreatur;
446 329 40 20 och
501 329 150 20 remitterades
667 329 59 20 detta
741 329 80 20 ärende

79 363 33 20 till
127 362 148 29 lagutskottet.

147 430 123 28 Föredrogs
285 430 39 21 och
340 430 110 28 upplästes
465 431 78 28 nådiga
562 432 164 27 propositionen
745 438 34 14 n:o
795 432 27 19 40

80 466 111 28 angående
212 465 122 28 grunderna
354 465 34 21 för
408 466 80 20 allmän
507 466 130 28 författning
657 473 34 13 om
709 466 58 27 jagt-
783 466 40 20 och

80 500 108 28 djurfång.

147 534 58 21 Herr
220 534 124 21 Forsman
359 534 52 20 fann
426 534 89 20 ärendet
530 542 52 13 vara
597 541 27 14 en
638 534 46 21 helt
699 534 40 21 och
756 534 68 21 hållet

81 568 128 22 ekonomisk
224 568 68 28 fråga,
307 568 100 21 hvarföre
423 568 116 22 detsamma
548 568 68 28 enligt
631 569 94 21 talarens
735 569 90 27 mening

82 603 65 21 borde
161 602 143 22 öfverlemnas
319 602 33 21 till
367 602 226 22 ekonomieutskottet.

149 637 101 21 Friherre
274 636 130 28 Carpelan
427 637 111 21 anmärkte
559 639 31 19 att
611 637 158 27 stadganderne
790 644 34 13 om

79 672 49 28 jagt
148 672 40 20 och
210 671 101 28 djurfång
330 671 89 27 inginge
440 672 7 20 i
466 671 109 21 allmänna
592 671 65 28 lagen
676 672 39 20 och
730 671 95 27 föreslog

82 706 57 28 förty
154 706 174 28 propositionens
343 705 152 21 remitterande
511 706 34 20 till
565 707 140 19 sammansatt
724 706 45 27 lag-
785 705 40 21 och

82 740 204 21 ekonomieutskott.
322 739 46 21 Och
388 746 46 14 som
454 739 149 28 ridderskapet
623 740 39 20 och
681 739 63 21 adeln
764 739 62 21 biföll

83 775 33 20 till
132 775 41 20 den
188 774 160 27 framställning
363 780 46 14 som
424 774 7 20 i
447 774 96 28 enlighet
557 774 90 20 härmed
661 774 24 20 af
693 774 51 20 herr
756 773 69 21 landt-

83 809 138 21 marskalken
236 808 94 28 gjordes,
346 808 24 21 så
384 808 86 21 komme
486 808 89 20 ärendet
589 810 31 18 att
636 808 144 21 öfverlemnas
792 808 34 20 till

84 845 140 20 sammansatt
238 844 45 26 lag-
299 842 40 21 och
354 842 202 21 ekonomieutskott.

152 923 61 21 Hans
228 922 124 28 Kejserliga
367 922 113 28 Majestäts
494 922 79 27 nådiga
591 921 134 28 proposition
745 928 34 13 n:o
799 921 27 20 42

85 957 111 29 angående
216 957 100 28 lindring.
331 957 24 20 af
369 956 128 28 jordägares
517 956 124 28 skyldighet
655 956 33 21 till
703 955 124 28 hållskjuts-

85 993 53 27 ning
153 994 55 19 samt
223 994 51 25 väg-
290 991 40 21 och
344 991 141 28 brobyggnad
499 991 110 28 upplästes
623 990 39 21 och
673 990 110 21 hänvistes
795 989 33 21 till

86 1028 140 20 sammansatt
241 1027 44 26 lag-
302 1025 39 21 och
356 1025 203 20 ekonomieutskott.

153 1107 85 28 Nådiga
252 1106 164 28 propositionen
431 1112 34 14 n:o
482 1106 25 20 39
529 1112 34 14 om
581 1105 92 27 ändring
694 1104 23 21 af
735 1111 29 14 nu
784 1104 44 28 gäl-

85 1142 63 21 lande
164 1140 169 29 lagstadganden
350 1140 91 20 rörande
458 1140 89 28 ägofred
565 1139 111 28 upplästes
696 1138 40 22 och
755 1138 74 21 remit-

86 1176 85 21 terades
186 1176 33 20 till
235 1176 139 20 sammansatt
389 1174 45 28 lag-
450 1174 39 20 och
504 1174 204 20 ekonomieutskott.

154 1250 49 20 Den
218 1250 34 20 till
266 1249 85 21 landets
367 1248 87 20 ständer
474 1247 159 22 öfverlemnade
653 1246 79 27 nådiga
751 1252 78 21 propo-

88 1285 65 20 sition
168 1291 35 14 n:o
219 1285 12 20 6
252 1283 112 28 angående
387 1282 156 28 ägostyckning
563 1281 40 21 och
621 1280 178 29 jordafsöndring
818 1279 13 20 ä

88 1319 76 20 frälse-
180 1319 39 19 och
234 1317 172 20 skattehemman
422 1318 55 19 samt
493 1315 103 28 legoaftal
612 1322 34 13 om
665 1315 71 26 någon
756 1313 35 21 del
811 1313 23 20 af

89 1352 55 21 slika
164 1351 128 28 lägenheter
310 1350 110 26 hänsköts,
442 1350 54 20 efter
516 1348 137 29 uppläsning,
673 1347 33 21 till
727 1353 105 15 samman-

89 1387 43 20 satt
146 1385 45 28 lag-
207 1385 39 21 och
262 1383 202 22 ekonomieutskott.
