1003 1692
759 136 41 21 373

147 199 39 21 Uti
206 199 66 28 nådig
291 199 134 28 proposition
441 200 33 20 till
489 200 105 21 Finlands
609 200 88 22 ständer
712 201 39 21 har
765 201 62 21 Hans

79 233 61 28 Kejs.
156 234 62 27 Maj:t
234 234 116 20 framställt
365 234 102 20 behofvet
483 234 24 21 af
519 235 78 27 anslag
611 235 33 20 till
656 235 126 27 folkskolor,
795 236 32 20 till

79 268 135 27 anläggande
235 268 24 20 af
276 275 42 20 nya
336 268 306 21 kommunikationsanstalter
658 269 39 20 och
713 270 33 19 till
761 270 68 20 andra

79 301 166 28 allmännyttiga
265 301 95 28 företag,
380 301 121 28 hvarjemte
521 302 62 21 Hans
602 302 62 28 Kejs.
683 303 62 28 Maj:t
764 304 63 20 aller-

79 335 86 28 nådigst
185 336 69 20 täckts
271 333 33 23 till
319 335 116 21 ständerna
451 336 134 21 öfverlemna
599 337 93 20 relation
708 344 34 14 om
758 337 69 21 finska

79 370 141 20 statsverkets
237 369 104 29 ställning
355 370 29 27 på
394 370 106 21 särskilda
510 370 57 21 tider
577 371 48 20 från
637 372 52 19 1811
702 371 125 21 tillochmed

80 405 61 20 1862.
171 404 31 21 Af
220 404 93 21 nämnde
333 404 103 27 relation,
457 411 46 14 som
523 405 82 27 jemväl
628 407 107 26 upptager
757 407 70 19 netto-

78 438 155 27 behållningen
248 438 24 21 af
285 438 141 21 tullmedlena
441 438 34 21 för
491 439 106 20 särskilda
612 439 30 26 år,
653 439 95 29 framgår
762 440 65 21 huru-

78 473 60 20 ledes
159 472 167 21 tullintraderna
346 472 69 21 under
435 472 26 21 de
477 473 87 20 sednast
579 473 102 24 förflutne
696 474 63 27 tjugu
775 474 52 21 åren

79 507 6 20 i
106 507 23 21 så
149 507 98 28 betydlig
267 507 50 20 mån
337 507 103 26 varierat,
461 509 32 18 att
513 507 110 21 desamma
647 507 34 21 för
701 515 26 14 en
748 508 34 21 del
803 509 24 20 år

77 541 50 21 med
147 541 80 21 dubbla
247 541 103 28 beloppet
370 541 139 28 öfverskjutit
527 541 148 22 inkomsterne
694 542 48 21 från
758 543 68 20 tullen

77 576 68 21 under
161 575 66 21 andra
241 576 30 26 år,
287 583 49 13 men
352 575 7 21 i
374 575 43 21 alla
432 575 38 21 fall
485 576 84 28 utgjort
585 583 26 14 en
626 576 65 28 högst
704 577 123 28 väsendtlig

77 611 34 20 del
128 610 23 21 af
165 610 25 21 de
205 610 35 21 för
255 610 185 27 statsutgifternas
461 610 138 21 bestridande
620 611 143 28 erforderliga
782 618 43 14 me-

77 645 41 20 del.
149 644 147 21 Statsverkets
316 646 70 19 större
405 644 53 21 eller
477 644 84 21 mindre
581 645 68 20 behof
661 645 24 20 af
698 645 76 28 anslag
792 645 33 21 till

77 679 166 28 allmännyttiga
258 679 86 28 företag
359 679 64 20 beror
439 679 84 20 således
538 679 64 20 äfven
618 679 24 20 af
653 679 128 21 tulltariffen
792 679 33 21 för

76 713 180 22 nästkommande
272 713 56 21 tider
344 713 40 21 och
399 713 102 28 beloppet
514 713 23 21 af
546 713 26 21 de
583 713 126 28 inkomster,
721 721 45 13 som
778 714 47 21 der-

76 749 69 20 under
161 748 47 21 från
224 748 69 21 tullen
308 748 44 20 kan
366 747 119 28 påräknas;
501 748 39 21 och
557 755 63 14 anser
633 749 39 27 jag
688 748 36 21 det
739 749 86 20 derföre

75 783 133 27 nödvändigt
230 784 32 19 att
284 782 224 28 tullförfattningarne
533 782 142 21 underkastas
698 783 127 21 ständernas

75 818 96 21 revision
186 818 27 26 på
229 817 36 21 det
280 816 76 28 frågan
372 823 34 14 om
423 817 85 27 anslags
524 817 123 27 beviljande
661 817 33 21 till
706 817 63 21 ofvan
780 824 44 14 om-

75 852 106 21 förmälde
197 851 99 21 ändamål
312 851 35 21 må
361 851 75 21 kunna
446 851 23 21 af
477 851 116 21 ständerna
606 853 74 26 moget
691 852 134 28 öfvervägas,

75 887 88 21 hvartill
182 886 32 21 för
236 886 74 28 öfrigt,
332 885 68 28 enligt
420 886 44 20 min
485 886 66 28 åsigt,
571 886 23 20 så
611 886 87 28 mycket
716 894 46 13 mer
778 886 47 22 skäl

75 921 147 21 förekommer
243 927 45 14 som
307 920 236 28 tullförfattningarnes
558 920 166 21 bestämmelser
739 921 6 20 i
761 921 64 27 högst

75 955 98 29 betydlig
193 962 49 13 mon
263 954 90 21 inverka
372 954 29 28 på
420 955 143 27 möjligheten
584 954 33 21 för
637 954 84 22 landets
736 955 88 21 innevå-

75 996 60 20 nare,
151 991 31 19 att
198 990 77 27 utgöra
290 989 42 20 den
347 989 127 27 bevillning,
490 996 46 14 som
551 988 34 21 för
600 988 68 22 redan
683 989 93 21 nämnde
787 996 37 14 an-

76 1025 57 27 slags
149 1023 125 21 erhållande
290 1023 108 21 måhända
413 1023 42 20 blir
470 1023 24 21 af
506 1023 79 21 nöden.

143 1058 51 20 Med
214 1057 154 21 föranledande
386 1057 64 21 häraf
468 1058 39 20 har
522 1058 39 27 jag
577 1059 52 19 äran
644 1058 81 20 föreslå
739 1058 84 28 höglof-

74 1094 44 27 lige
134 1092 150 28 ridderskapet
300 1092 40 20 och
354 1092 63 20 adeln
434 1093 31 19 att
480 1092 33 20 till
528 1092 28 20 H.
567 1091 61 28 Kejs.
640 1092 62 27 Maj:t
712 1092 52 28 ingå
774 1092 50 20 med

75 1126 135 28 underdånig
229 1126 91 28 petition
340 1126 73 20 derom
429 1128 32 18 att
476 1126 183 28 författningarne
675 1126 92 21 rörande
783 1127 41 20 tul-

74 1162 36 20 len
133 1161 67 21 måtte
221 1160 69 21 under
312 1168 29 12 nu
366 1160 113 28 pågående
498 1160 104 28 landtdag
622 1160 146 21 öfverlemnas
790 1160 33 21 till

75 1196 117 20 ständerna
211 1195 7 20 i
234 1194 114 21 enahanda
368 1194 101 21 afseende
490 1201 46 14 som
556 1194 183 28 författningarne
758 1195 65 27 angå-

75 1230 55 20 ende
149 1228 251 28 kartasigillataafgiften
421 1228 39 21 och
475 1228 124 28 personella
613 1228 211 28 kronoutskylderne

75 1264 108 21 allaredan
200 1264 72 20 blifvit
287 1263 33 20 till
336 1263 127 21 ständernas
478 1262 164 28 handläggning
653 1262 127 27 öfverlåtne,
794 1262 30 21 äf-

74 1304 97 20 vensom,
187 1298 72 20 derest
275 1297 59 21 detta
352 1297 49 21 mitt
419 1297 82 27 förslag
517 1297 77 21 vinner
608 1296 118 28 högloflige
742 1296 82 21 ridder-

75 1332 88 27 skapets
180 1332 39 19 och
235 1331 75 20 adelns
325 1331 68 25 bifall,
409 1330 89 27 inbjuda
515 1331 26 19 de
556 1332 33 18 tre
606 1330 69 27 öfrige
691 1330 91 20 stånden
793 1332 31 18 att

75 1372 35 14 om
131 1372 82 14 samma
232 1364 150 27 underdåniga
396 1364 93 27 petition
504 1364 51 20 med
569 1364 117 26 högloflige
702 1363 121 22 ridderska-

73 1402 38 26 pet
127 1399 40 21 och
182 1399 62 21 adeln
260 1399 34 28 sig
308 1398 83 21 förena,
