1000 1695
226 140 27 21 92

196 207 66 21 redan
279 207 22 21 så
317 208 63 20 sannt
395 207 84 27 uttalat,
495 208 109 27 emottaga
618 208 39 20 allt
671 207 57 21 hvad
743 207 71 21 denne
832 207 38 21 vår
888 207 53 27 hög-

196 242 57 20 sinte
268 241 92 22 Monark
375 242 89 21 kommer
479 243 31 20 att
526 242 52 28 göra
593 241 34 22 för
643 243 43 25 ,ett
701 241 143 29 regelbundet
858 241 83 21 konsti-

196 276 102 21 tutionelt
313 275 127 22 statsskicks
456 276 184 28 ändamålsenliga
655 276 137 28 utveckling”
804 276 7 20 i
822 276 47 21 vårt
880 276 60 26 land;

195 318 46 14 men
257 311 58 20 detta
330 310 88 22 hindrar
434 312 20 27 ej
470 317 27 15 en
512 311 152 28 representant
679 312 32 20 att
726 310 60 22 tolka
803 311 65 27 lagen
886 310 56 21 efter

194 345 54 21 hans
265 344 145 28 öfvertygelse
426 352 34 14 om
476 345 36 21 det
526 346 58 20 rätta
598 347 52 19 utan
664 347 31 20 att
707 345 45 22 låta
763 344 90 23 inverka
865 345 29 29 på
902 345 39 29 sig,

195 379 96 22 hvarken
307 379 75 21 ofvan-
398 380 53 20 eller
466 379 135 22 nedanifrån.

261 414 59 21 Herr
336 414 164 27 Grotenfelt,
515 414 75 21 Adolf:
602 414 71 21 Sedan
683 416 39 26 jag
733 421 96 20 numera,
841 414 50 21 med
902 414 42 21 den

196 450 42 19 rätt
253 448 181 28 riksdagsusance
448 449 45 28 mig
508 449 149 26 tillerkänner,
674 449 41 21 fått
723 451 31 27 på
769 449 71 21 bordet
853 449 7 20 i
872 449 71 20 denna

194 483 31 21 sal
242 484 137 27 genomögna
393 483 231 21 riddarhusutskottets
642 483 110 28 protokoll
771 483 6 21 i
797 483 143 21 förevarande

193 517 62 28 fråga
270 517 40 21 och
323 517 90 22 sålunda
427 517 150 29 tillgodogjort
589 518 45 27 mig
646 517 41 22 den
700 518 124 28 utredning,
836 517 33 22 för
877 517 64 22 hvars

192 552 172 21 införskaffande
379 552 75 28 frågan
470 553 33 20 till
518 553 106 20 utskottet
639 553 157 26 remitterades,
809 553 39 20 har
857 553 39 28 jag
904 553 36 20 be-

192 586 62 22 slutit
269 588 32 19 att
317 587 35 20 vid
367 586 60 21 detta
440 587 87 21 tillfälle
543 587 42 21 öka
600 587 83 21 antalet
697 587 24 21 af
734 587 26 21 de
779 587 64 21 ärade
863 588 77 26 talare,

192 621 75 22 hvilka
281 621 68 21 redan
367 621 111 22 tillförene
497 623 67 27 yttrat
583 622 33 27 sig
634 622 7 20 i
660 622 60 21 detta
740 622 69 21 ämne.
842 622 12 21 TI
871 621 70 21 likhet

192 656 50 21 med
250 656 53 21 flere
311 656 132 28 föregående
454 657 68 20 talare
533 656 39 21 har
585 656 64 21 äfven
659 657 40 28 jag
712 657 72 20 funnit
795 657 77 28 frågan
884 656 56 29 gälla

193 691 120 29 tolkningen
329 690 29 29 af
374 691 34 28 lag
428 691 7 20 i
454 691 100 28 gällande
576 691 208 28 riddarhusordning
807 691 39 21 och
869 691 72 30 adliga

191 726 133 28 privilegier.
354 725 44 21 Det
412 725 40 21 har
466 726 77 20 härvid
558 725 60 28 gladt
633 725 45 29 mig
693 728 32 18 att
739 726 32 20 uti
792 726 36 20 det
846 726 94 26 utskott,

192 760 32 21 till
240 760 65 22 hvars
320 760 134 28 behandling
469 760 76 29 frågan
557 760 33 21 till
602 760 54 28 följe
669 760 24 20 af
703 760 97 21 ståndets
808 760 72 21 beslut
887 760 52 20 hän-

192 795 95 28 skjutits,
301 795 59 21 finna
375 796 57 26 män,
447 795 74 21 hvilka
535 795 56 21 varit
605 794 55 22 både
675 794 50 22 fullt
740 794 141 29 kompetente
899 795 41 21 och

192 830 49 21 fullt
256 837 72 14 vuxne
344 829 36 22 det
395 830 191 28 maktpåliggande
607 830 39 20 och
666 829 145 22 ansvarsfulla
831 829 108 28 uppdrag,

192 872 44 15 som
252 871 79 21 genom
348 864 95 21 ståndets
458 864 125 23 förtroende
598 864 58 28 lagts
670 864 8 20 i
693 864 63 21 deras
769 864 89 21 händer.

259 899 111 22 Särskilda
385 898 141 21 medlemmar
540 899 59 20 inom
612 899 107 21 utskottet
730 898 66 21 hafva
808 898 49 21 med
865 899 73 20 värma

191 935 39 21 och
246 933 69 22 allvar
329 933 119 21 framhållit
464 934 70 20 såsom
550 940 28 14 en
591 933 122 28 lifsprincip
728 933 60 21 inom
801 933 75 28 hvarje
884 933 53 21 kon-

190 968 140 22 stitutionellt
346 967 104 22 samhälle
466 969 31 20 att
512 967 89 28 lagarne
616 968 59 21 inom
689 968 119 21 detsamma
816 968 71 21 stiftas
901 975 37 14 en-

191 1004 47 21 dast
253 1003 24 22 af
290 1009 111 22 personer,
416 1002 26 21 de
458 1002 38 21 der
511 1004 56 20 sätta
582 1002 38 21 sitt
633 1002 119 21 förnämsta
765 1003 133 27 ögonmärke
906 1003 32 20 uti

191 1040 32 19 att
238 1038 79 28 sjelfva
331 1037 8 21 i
354 1037 90 21 främsta
457 1039 94 19 rummet
566 1037 123 21 hörsamma
702 1037 26 21 de
741 1037 87 28 lagbud,
841 1037 36 20 vid
884 1037 54 21 hvil-

190 1073 38 21 kas
244 1072 107 21 tillkomst
366 1071 26 21 de
408 1071 132 22 medverkat.
561 1071 44 22 Det
614 1073 23 19 är
650 1071 89 21 alldeles
753 1078 82 15 samma
845 1072 93 27 princip,

190 1114 53 19 som,
259 1107 27 20 då
301 1106 52 21 våra
368 1105 98 22 förfäder
480 1113 53 14 voro
549 1105 95 22 samlade
658 1105 33 22 för
703 1107 31 20 att
742 1106 61 21 stifta
810 1106 43 27 lag,
862 1106 76 27 bragte

190 1141 49 21 dem
255 1142 32 20 att
300 1141 7 20 i
322 1141 56 20 12:te
391 1141 119 20 momentet
517 1139 235 29 riddarhusordningen
762 1140 41 21 och
811 1141 27 19 32
846 1141 12 26 $
866 1139 73 28 adliga

190 1175 155 28 privilegierna
359 1175 75 27 intaga
448 1174 134 29 stadganden
601 1174 82 28 derom,
703 1176 32 19 att
755 1174 142 21 medlemmar
917 1175 24 20 af

190 1210 58 27 adlig
264 1211 38 25 ätt,
317 1216 47 15 som
378 1215 52 16 voro
448 1209 82 21 bosatte
546 1211 60 19 utom
626 1211 83 19 statens
729 1209 141 26 territorium,
890 1209 48 21 icke

190 1243 54 28 ägde
259 1243 229 28 representationsrätt
503 1243 12 20 å
530 1243 93 21 svenska
638 1243 144 20 riddarhuset.
812 1243 42 27 Jag
874 1249 64 14 anser

190 1277 62 21 dessa
267 1276 141 28 stadganden,
425 1276 125 28 tillämpade
563 1276 28 28 på
603 1276 52 21 våra
662 1276 159 26 förhållanden,
829 1283 52 13 vara
891 1276 46 28 tyd-

189 1312 45 28 liga
249 1311 53 27 deri,
319 1312 31 20 att
363 1311 26 20 de
402 1310 48 22 från
463 1310 220 29 representantkallet
689 1310 97 22 utesluta
794 1310 88 28 enhvar,
891 1317 47 15 som

190 1348 23 20 är
228 1346 72 22 bosatt
315 1348 59 19 utom
390 1345 36 21 det
441 1347 57 20 rätta
513 1345 94 27 område,
622 1346 60 21 inom
695 1346 84 21 hvilket
788 1345 106 21 Finlands
902 1346 36 27 lag

191 1381 39 21 och
245 1381 50 28 laga
306 1380 86 29 stadgar
408 1379 64 29 gälla.

256 1415 32 22 Ur
304 1422 27 14 en
351 1422 71 15 annan
441 1415 110 28 synpunkt
570 1415 66 21 hafva
656 1415 67 28 några
743 1415 68 21 talare
831 1416 53 20 trott
904 1415 34 28 sig

188 1451 53 21 böra
255 1450 63 29 påstå
333 1451 32 21 att
385 1451 56 21 12:te
460 1451 119 22 momentet
599 1450 7 21 i
628 1450 237 29 riddarhusordningen
888 1450 48 22 icke
