1000 1698
209 147 27 21 82

249 212 76 22 Såsom
341 212 47 21 skäl
402 211 34 22 för
450 212 46 22 min
515 212 56 28 åsigt
590 212 33 21 får
640 211 39 29 jag
699 210 94 30 åberopa
812 212 32 20 att
863 210 62 22 Hans

180 248 103 28 Majestät
293 247 81 28 Kejsar
383 247 124 21 Alexander
522 246 42 22 den
577 247 74 26 förste,
662 246 7 20 i
678 246 37 21 sitt
725 246 30 21 tal
764 246 34 20 till
809 245 116 22 ständerna

180 282 37 22 vid
231 281 143 29 landtdagens
390 281 7 21 i
412 281 73 29 Borgå
500 281 49 27 slut,
564 280 85 30 yttrade
664 282 32 19 att
711 280 69 21 finska
800 280 68 22 folket
891 280 34 20 för

181 316 116 22 framtiden
312 322 52 15 vore
379 316 107 28 upphöjdt
500 316 74 21 ibland
589 316 139 21 nationernas
739 315 65 21 antal.
824 315 38 21 Ett
872 314 52 27 folk,

181 358 46 14 som
242 352 65 27 utgör
322 357 28 14 en
370 351 74 21 nation
465 350 33 21 för
519 350 39 28 sig,
578 350 43 21 kan
641 350 35 21 väl
696 356 62 15 anses
778 356 52 15 vara
851 351 31 19 ett
902 349 24 21 sä

180 392 50 22 pass
245 384 148 29 sjelfständigt
407 385 46 21 helt
469 386 31 20 att
514 384 76 29 hvarje
605 386 59 20 utom
685 384 49 21 dess
753 384 62 21 lands
836 385 89 27 gränser

180 420 93 28 belägen
287 419 71 29 punkt
374 419 178 29 ovedersägligen
567 420 68 20 mäste
650 419 69 21 kallas
735 426 27 14 en
777 419 83 21 utrikes
876 420 40 19 ort.

249 454 42 28 Jag
306 454 52 22 ville
374 456 57 20 ännu
446 454 76 22 anföra
535 456 31 19 att
574 461 49 14 man
632 454 34 21 för
676 456 32 19 att
718 454 87 21 komma
815 453 49 21 frän
874 453 51 21 Fin-

180 489 52 22 land
246 490 33 20 till
294 489 110 28 Ryssland
424 489 53 21 eller
497 490 92 20 tvärtom
609 488 69 22 mäste
698 496 52 14 vara
770 488 88 22 försedd
876 487 50 22 med

179 531 57 22 pass,
251 526 32 19 att
297 524 8 20 i
321 524 27 20 de
363 524 55 21 bäda
432 523 105 22 länderna
552 523 70 22 skilda
636 523 61 29 lagar
713 525 36 19 äro
765 523 99 28 gällande
886 522 39 22 och

180 560 32 20 att
227 566 27 14 en
269 559 7 21 i
292 558 36 21 det
343 565 41 15 ena
398 558 74 22 landet
487 558 54 22 fälld
556 558 49 22 dom
620 558 48 22 icke
679 558 184 28 omedelbarligen
875 559 51 27 äger

180 594 50 27 laga
244 593 59 21 kraft
317 593 8 20 i
340 592 37 22 det
398 593 73 21 andra.
505 593 94 21 Finland
618 594 40 20 och
678 593 111 28 Ryssland
808 595 37 19 äro
862 592 64 21 också

180 623 70 26 skilda
272 627 48 22 frän
343 627 121 22 hvarandra
485 635 78 21 genom
592 634 26 14 en
644 628 113 28 tullgräns.
795 627 46 21 Allt
867 627 59 21 detta

180 664 39 27 gör
234 664 31 19 att
277 663 46 27 jag,
339 662 90 21 oaktadt
443 662 94 22 Finland
552 664 70 27 styres
642 662 23 21 af
683 669 82 14 samma
784 664 77 26 regent
880 669 45 15 som

179 697 116 29 Ryssland,
310 696 48 22 icke
373 697 43 21 kan
432 704 51 14 anse
499 699 66 19 annat
580 699 28 19 än
623 699 32 19 att
670 704 27 14 en
710 697 7 21 i
725 697 110 28 Ryssland
841 697 85 21 boende

180 738 79 22 person
275 733 30 26 är,
320 731 48 22 frän
383 731 57 22 finsk
455 732 110 29 synpunkt
579 731 130 28 betraktadt,
725 732 89 27 utrikes,
831 732 39 21 och
882 732 44 21 mä-

180 769 33 19 ste
226 768 39 27 jag
280 766 64 22 alltså
358 767 28 28 pä
401 767 71 28 grund
486 767 24 21 af
523 767 99 28 gällande
642 767 61 28 lagar
722 767 54 28 yrka
796 767 36 20 det
851 766 76 22 herrar

179 809 20 14 v.
215 801 100 28 Schantz,
330 801 73 28 Uggla
418 801 39 22 och
473 802 75 21 Bruun
562 801 49 22 icke
627 801 82 22 erhälla
723 803 45 20 säte
785 802 39 21 och
835 803 91 20 stämma

180 837 28 29 pä
223 836 70 22 finska
306 836 139 22 riddarhuset
460 836 68 22 under
543 836 147 22 innevarande
705 836 109 29 landtdag.

248 871 32 21 På
295 871 37 22 det
347 871 83 29 frågan,
446 878 46 14 som
508 873 22 19 är
546 871 24 21 af
583 873 44 19 stor
642 872 52 27 vigt,
709 872 68 21 måtte
797 874 73 26 moget
890 872 36 21 be-

181 906 98 28 handlas,
294 906 98 22 anhåller
404 907 40 28 jag
458 906 8 21 i
480 906 70 22 likhet
565 906 49 22 med
628 906 51 21 herr
694 906 128 29 Lagerborg
837 909 32 19 att
884 907 42 21 rid-

181 941 196 28 darhusutskottets
392 942 7 20 i
416 942 67 20 saken
498 941 83 28 afgifna
592 940 111 22 utlätande
717 942 66 20 mätte
791 941 135 29 bordläggas.

248 975 58 22 Herr
321 976 196 28 Björkenheim,
532 976 54 21 Lars
602 976 92 27 Magnus
709 976 93 26 Robert,
818 976 81 28 yrkade
920 976 7 21 i

180 1010 70 22 likhet
265 1010 49 22 med
328 1010 51 21 herr
399 1010 127 28 Lagerborg
545 1012 31 20 att
594 1010 90 21 ärendet
704 1011 67 20 mätte
791 1010 135 29 bordläggas.

180 1045 45 22 För
236 1044 70 32 öfrigt
321 1044 113 23 anmärkte
449 1044 83 22 talaren
548 1047 31 19 att
594 1051 29 15 nu
638 1044 48 22 icke
702 1052 50 14 vore
768 1045 61 28 fräga
845 1052 35 14 om
895 1047 33 19 att

182 1080 60 21 stifta
256 1087 29 21 ny
300 1080 37 28 lag
351 1082 52 19 utan
420 1080 76 21 endast
512 1087 34 14 om
557 1080 144 28 lagtolkning.
729 1080 51 21 Man
796 1080 55 21 hade
863 1080 64 21 alltsä

181 1112 40 24 här
235 1115 116 28 ingenting
370 1116 32 20 att
422 1114 69 22 skaffa
505 1115 50 21 med
570 1114 151 21 förhällanden
741 1114 7 21 i
766 1114 101 28 England
888 1114 39 21 och

182 1149 99 28 Belgien,
297 1156 46 14 som
358 1156 27 14 en
400 1149 68 21 talare
483 1148 102 29 framlagt
600 1149 70 21 säsom
687 1148 46 22 skäl
748 1148 34 21 för
797 1150 33 20 sin
845 1149 57 27 äsigt
920 1149 8 21 i

182 1185 80 26 ämnet,
277 1190 51 14 man
343 1183 55 22 hade
413 1184 39 20 här
466 1183 46 21 helt
527 1184 74 20 enkelt
616 1184 32 20 att
663 1185 53 26 göra
730 1183 56 21 blott
800 1183 50 21 med
859 1184 69 27 några

181 1218 126 28 paragrafer
323 1218 24 20 af
359 1219 52 20 vära
426 1218 131 28 grundlagar
572 1218 40 20 och
627 1217 63 21 dessa
705 1218 67 20 mäste
788 1218 70 20 tolkas
872 1217 56 21 efter

183 1250 68 28 ordet,
265 1252 21 26 ej
302 1251 7 20 i
325 1251 97 27 enlighet
436 1251 50 20 med
501 1251 41 21 den
558 1256 40 15 ene
614 1250 53 21 eller
682 1250 67 21 andre
763 1257 119 21 personens
896 1251 32 21 in-

183 1284 108 21 dividuela
306 1284 81 28 äsigter
402 1291 36 14 om
452 1284 57 21 hvad
524 1291 46 14 som
585 1290 38 15 var
637 1284 74 28 billigt
726 1284 54 21 eller
794 1285 27 27 ej.

250 1318 59 22 Herr
335 1318 158 28 Schauman,
518 1318 82 21 Berndt
624 1318 64 27 Otto,
715 1325 45 14 som
783 1318 6 21 i
812 1318 116 22 hufvudsa-

183 1353 43 22 ken
248 1361 38 14 var
307 1353 24 21 af
352 1361 82 14 samma
455 1353 89 29 mening
569 1360 45 14 som
638 1353 95 21 flertalet
754 1353 24 22 af
796 1353 132 28 föregående

183 1389 78 27 talare,
284 1388 40 21 och
346 1388 130 22 framförallt
497 1388 108 22 instämde
627 1388 7 21 i
656 1388 93 22 friherre
770 1388 24 21 af
814 1388 114 23 Schultöns

183 1423 112 29 yttrande,
317 1424 69 28 ansäg
407 1425 31 20 att
461 1424 150 21 diskussionen
635 1423 114 29 angäende
772 1423 26 22 de
821 1423 107 22 konstitu-

183 1459 82 25 tionela
289 1458 40 22 och
353 1459 154 28 statsrättsliga
528 1459 138 29 principerna
689 1459 32 20 uti
741 1459 70 21 denna
829 1459 99 29 maktpä-
