995 1698
753 120 39 22 103

79 184 71 32 Uggla
164 186 39 22 och
219 186 74 22 Bruun
310 187 53 21 böra
376 187 109 22 hänföras.
505 187 71 22 Hafva
588 188 27 20 de
628 187 81 22 lemnat
722 188 37 20 sitt
770 186 51 22 land

77 222 77 20 endast
169 221 33 21 för
217 223 32 19 att
263 222 65 20 vinna
343 229 60 14 mera
417 223 39 20 och
476 222 69 22 bättre
565 222 134 22 förfarenhet
718 221 33 21 till
772 222 49 21 dess

76 255 61 21 desto
153 256 108 27 nyttigare
277 256 67 27 tjenst
358 254 54 22 eller
427 256 64 21 hafva
505 256 33 28 de,
554 257 33 20 för
605 257 71 27 nägon
697 257 33 20 sin
750 256 71 21 fördel

77 290 53 20 eller
145 290 113 28 lägenhets
275 290 56 20 skull
346 292 43 19 satt
404 290 38 21 sitt
456 291 27 21 bo
499 290 96 22 utrikes?
609 290 45 21 Det
669 292 24 20 är
711 290 35 22 väl
765 290 55 28 möj-

75 324 42 28 ligt
131 325 32 19 att
177 324 27 21 de
219 324 37 21 vid
270 324 61 28 långt
346 324 144 22 framskriden
505 325 59 21 ålder
584 324 87 22 komma
691 326 32 20 att
741 325 7 19 i
768 324 53 21 Fin-

75 358 52 22 land
141 358 92 21 bekläda
249 359 66 27 något
331 358 92 22 embete.
452 359 66 21 Detta
533 361 23 19 är
570 359 86 28 möjligt
670 359 41 21 och
724 359 39 27 jag
782 358 38 21 vill

75 392 91 22 alldeles
181 393 20 27 ej
217 392 91 22 förneka
322 395 31 19 att
363 393 27 21 de
401 394 68 20 under
481 394 32 20 sin
524 393 88 21 vistelse
624 394 7 20 i
644 394 31 20 ett
685 392 135 22 fremmande

75 427 51 21 land
141 426 74 22 kunna
228 427 66 21 hafva
306 427 120 21 förvärfvat
438 428 94 28 mängen
543 428 71 27 nyttig
624 427 83 21 lärdom
719 434 46 14 som
776 427 43 20 kan

75 461 64 21 lända
154 462 62 20 deras
231 462 51 20 land
297 461 33 21 till
344 468 65 21 gagn.
434 462 52 21 Men
497 462 52 28 föga
560 462 80 27 troligt,
651 462 30 27 ja,
693 461 69 28 enligt
774 461 46 21 min

75 496 64 28 äsigt,
154 496 94 28 omöjligt
263 498 23 18 är
306 498 31 19 att
356 496 26 20 de
404 496 89 21 sälunda
511 502 79 22 genom
611 498 32 18 att
663 496 69 21 under
750 497 70 20 större

75 530 64 22 delen
154 530 24 22 af
191 530 37 21 sitt
243 530 28 21 lif
283 530 64 22 hafva
362 530 67 22 lefvat
445 531 33 27 sig
492 531 22 21 in
530 531 7 21 i
558 533 31 19 ett
608 532 66 20 annat
694 530 62 21 lands
776 530 43 21 för-

75 565 123 27 hällanden,
214 572 78 21 genom
307 567 32 19 att
353 565 66 21 hafva
434 565 96 21 studerat
545 565 48 21 dess
609 566 60 27 lagar
690 565 39 21 och
750 565 69 26 seder,

74 600 84 21 kunnat
173 600 65 21 vinna
251 606 62 15 mera
328 600 40 20 och
382 600 71 21 bättre
465 600 134 21 förfarenhet
611 600 33 20 till
657 600 37 21 sitt
708 600 110 20 fädernes-

74 634 63 22 lands
151 634 61 22 desto
227 634 110 28 nyttigare
352 634 74 28 tjenst,
441 636 28 19 än
484 642 35 13 om
535 634 26 22 de
576 634 95 21 användt
683 634 50 21 hela
746 634 38 20 sitt
794 634 28 20 lif

75 669 58 28 uppä
147 671 32 19 att
193 669 46 21 lära
252 669 34 27 sig
304 669 73 21 känna
397 670 37 20 sitt
454 671 50 26 eget
521 669 56 27 land,
598 669 49 21 dess
665 668 155 28 egendomliga

74 703 157 27 förhällanden,
247 703 49 21 dess
311 704 67 28 lagar,
395 704 69 26 seder,
480 704 48 20 dess
543 703 72 27 behof,
628 703 49 21 dess
690 703 130 28 rättigheter

74 738 40 22 och
130 738 49 21 dess
194 738 129 28 fordringar.
346 738 106 28 Omöjligt
467 740 24 19 är
505 740 32 19 att
548 738 25 21 de
585 737 70 22 under
667 738 26 20 de
707 737 22 22 fä
740 738 24 20 är
772 744 46 14 som

74 773 56 21 efter
145 772 148 22 äterkomsten
308 772 34 21 till
353 772 175 22 fäderneslandet
541 775 57 19 ännu
611 773 44 20 stär
667 772 48 21 dem
727 772 48 21 äter
788 774 31 19 att

73 808 73 26 verka,
162 807 74 21 kunna
251 808 82 20 uträtta
348 814 60 14 mera
424 807 34 21 för
477 807 50 21 dess
547 814 68 14 sanna
634 807 35 21 väl
689 808 28 20 än
737 813 34 14 om
791 806 28 20 de

73 842 69 22 under
156 842 50 22 hela
221 842 38 21 sitt
273 842 28 21 lif
313 841 74 28 lefvat,
404 842 91 27 arbetat,
509 842 74 21 stridit
597 842 39 21 och
652 842 78 21 stretat
740 840 78 23 endast

72 877 40 22 och
125 877 94 22 allenast
233 877 34 20 för
281 877 100 21 Finland

140 912 43 28 Jag
202 912 69 21 måste
294 911 88 22 derföre
402 919 51 14 anse
474 913 31 19 att
521 911 47 22 4:de
587 911 12 28 $
615 911 6 21 i
637 911 73 28 adliga
728 911 88 28 privile-

72 947 76 28 gierna
164 948 20 27 ej
200 947 39 21 här
253 946 44 21 kan
312 946 116 29 tillämpas.
459 947 42 28 Jag
516 947 69 21 måste
600 946 28 28 pä
643 945 42 22 den
700 947 62 27 fråga
776 947 40 27 jag

71 983 94 26 förelagt
185 981 44 28 mig
250 988 62 14 svara
331 983 31 19 att
382 981 68 28 enligt
465 981 44 21 min
525 981 56 28 äsigt
597 981 62 20 dessa
679 981 75 20 herrar
773 981 43 20 rid-

69 1017 100 21 dersmän
185 1018 36 19 äro
230 1017 31 19 att
276 1015 101 22 hänföras
393 1016 32 21 till
441 1016 41 21 den
497 1015 100 28 kategori
605 1022 46 14 som
667 1016 55 20 12:te
736 1011 23 37 Si
756 1015 60 21 rid-

69 1051 202 27 darhusordningen
286 1050 58 21 afser
359 1051 40 20 och
416 1050 25 21 de
457 1051 38 20 der
505 1051 34 20 för
549 1050 71 27 nägon
631 1050 33 20 sin
674 1049 77 27 fördel,
762 1050 54 21 eller

70 1085 114 29 lägenhets
199 1085 56 21 skull
271 1086 43 19 satt
329 1085 37 20 sitt
381 1085 27 20 bo
424 1085 89 21 utrikes.

138 1120 51 21 Man
205 1119 39 21 har
259 1121 48 26 sagt
322 1121 31 19 att
368 1119 72 21 denna
454 1119 104 28 paragraf
571 1120 19 27 ej
607 1121 52 26 äger
677 1118 139 29 tillämpning

70 1155 13 20 å
96 1154 164 27 ifrågavarande
275 1153 38 22 fall
329 1153 90 22 emedan
434 1154 39 21 der
485 1155 55 20 talas
551 1160 34 14 om
596 1154 126 27 bosättning
733 1153 82 21 utrikes

69 1189 41 21 och
125 1190 33 19 att
173 1188 26 21 de
215 1195 46 14 som
276 1187 27 22 bo
318 1189 7 20 i
341 1188 109 28 Ryssland
465 1189 19 27 ej
501 1188 50 21 med
566 1187 102 22 afseende
687 1188 15 20 &
720 1187 95 21 Finland

69 1223 87 21 befinna
172 1223 33 28 sig
220 1223 88 20 utrikes..
339 1223 51 20 Man
406 1223 39 20 har
460 1225 48 26 sagt
523 1224 31 19 att
569 1223 20 20 vi
605 1223 20 27 ej
641 1222 66 21 borde
717 1222 98 27 tillämpa

69 1257 72 21 denna
157 1259 55 19 12:te
227 1257 103 28 paragraf
343 1257 7 20 i
366 1257 234 28 riddarhusordningen
616 1257 91 20 emedan
722 1256 36 21 det
777 1256 38 20 fall

68 1299 47 14 som
131 1299 29 14 nu
174 1293 24 19 är
213 1291 121 22 förkanden
349 1291 21 28 ej
385 1291 72 21 kunde
472 1292 94 21 förutses
581 1293 40 18 när
636 1290 41 21 den
693 1291 64 27 lagen
768 1290 46 21 stif-

69 1326 67 20 tades.
166 1326 57 26 Men,
239 1326 57 19 mine
312 1326 81 25 herrar,
409 1326 55 19 hvad
485 1325 54 20 hade
559 1325 21 20 vi
600 1325 34 19 väl
655 1325 27 19 då
701 1325 33 19 för
754 1325 61 26 lagar

68 1361 32 19 att
117 1359 102 27 tillämpa.
250 1359 50 20 Alla
316 1359 26 20 de
357 1359 61 27 lagar
437 1359 20 20 vi
478 1366 29 13 nu
527 1358 96 21 erkänna
644 1358 70 20 såsom
734 1358 80 27 grund-

69 1393 68 28 lagar,
152 1393 99 21 stiftades
266 1393 69 21 under
350 1399 27 14 en
394 1392 30 21 tid
438 1392 27 22 dä
481 1393 36 20 det
532 1399 37 14 var
580 1392 99 28 omöjligt
689 1393 33 19 att
732 1392 82 21 förutse

67 1428 58 21 hvad
140 1435 45 14 som
201 1426 66 23 redan
283 1427 49 22 med
346 1434 34 14 oss
396 1427 101 21 inträffat.
531 1427 12 21 I
558 1427 43 21 alla
616 1427 51 21 våra
682 1426 132 28 grundlagar
