1000 1692
198 128 42 23 360

168 194 71 29 pande
259 195 128 28 förändring
402 196 43 20 kan
461 196 82 20 införas
559 196 33 20 till
608 196 140 27 efterlefnad;
764 196 24 21 sä
803 203 64 14 anser
880 197 40 27 jag

169 229 36 21 det
220 229 143 28 betänkeligt,
379 231 31 19 att
425 230 66 20 redan
507 237 36 19 nu,
559 230 32 20 uti
607 237 26 13 en
650 230 23 20 sä
689 230 120 28 väsentelig
820 230 42 27 del,
873 238 47 13 som

168 263 43 21 den
231 264 64 20 ärade
313 264 146 27 petitionären
480 264 124 27 föreslagit,
624 264 69 21 rubba
714 264 53 21 eller
788 265 133 28 suspendera

169 297 42 21 den
232 298 71 27 gamla
323 298 158 28 författningen
502 305 35 14 om
557 299 47 20 vårt
624 298 156 21 försvarsverk.
810 299 35 20 Då
863 298 57 21 stad-

168 339 68 20 garne
248 339 34 14 om
294 332 202 28 indelningsverket
507 333 116 27 medgifva,
633 334 31 19 att
677 333 12 20 å
702 334 64 25 orter,
780 333 39 20 der
829 333 91 20 knekte-

168 368 60 26 torps
244 367 160 28 uppbyggande
420 367 70 20 skulle
506 367 29 20 bli
552 367 61 20 öfver
628 367 81 21 höfvan
726 367 144 28 betungande,
884 374 36 14 ve-

169 400 136 21 derbörande
326 401 143 21 auktoriteter
490 403 41 26 äga
550 401 80 28 bevilja
650 401 113 26 befrielse,
784 401 24 21 sä
827 402 40 20 bör
885 401 35 22 väl

168 434 50 21 icke
232 442 53 14 vara
300 437 31 18 att
347 435 73 21 befara
437 437 31 19 att
483 435 160 22 rotehällarene
659 435 127 28 derigenom
802 443 28 14 en
845 436 76 28 obillig

169 471 68 26 tunga
252 469 118 22 ähvälfves.
400 470 40 20 Att
455 470 134 27 suspendera
605 477 27 13 en
648 470 94 27 gammal
752 470 36 27 lag
800 470 67 21 innan
878 471 42 20 den

169 510 53 21 nya,
243 510 46 14 som
309 503 56 22 skall
384 504 132 21 substituera
532 504 52 26 den,
604 504 34 20 till
654 504 131 21 efterlefnad
800 506 23 19 är
838 505 82 28 färdig,

168 537 44 21 kan
230 538 39 28 jag
289 538 34 20 för
343 538 66 27 ingen
430 538 34 21 del
484 538 119 28 tillstyrka;
623 539 27 20 än
666 538 84 21 mindre
765 540 47 26 när,
826 539 71 21 såsom
913 539 7 21 i

169 572 134 21 närvarande
320 572 48 27 fall,
384 572 87 21 osäkert
487 574 23 19 är
525 573 56 20 huru
596 572 64 28 länge
676 572 50 21 med
741 572 41 21 den
798 580 42 21 nya
856 574 64 27 lagen

168 606 44 21 kan
228 606 67 28 dröja.

237 640 58 21 Herr
305 640 202 22 landtmarskalken
518 641 147 28 tillkännagaf
673 643 32 19 att
715 641 78 28 utdrag
804 648 25 14 ur
839 641 81 22 bonde-

170 675 96 21 ständets
282 675 109 28 protokoll
406 675 34 21 för
456 675 42 21 den
514 676 25 21 16
550 675 89 27 dennes,
650 675 93 21 rörande
754 676 166 28 ifrägavarande

170 710 62 20 ämne
255 709 69 21 under
347 710 170 21 sammanträdet
539 710 124 26 inkommit,
684 710 84 21 hvilket
790 711 130 27 protokolls-

169 743 79 28 utdrag
267 751 29 13 nu
316 744 112 27 upplästes
449 744 40 21 och
509 745 97 20 innehöll
626 744 143 21 meddelande
790 745 75 21 derom
888 747 32 20 att

168 777 99 22 bemälde
289 778 63 21 ständ
367 778 89 21 beslutit
471 779 39 20 hos
526 779 28 20 H.
570 778 61 28 Kejs.
647 779 63 28 Maj:t
725 779 7 20 i
747 779 174 28 underdänighet

169 813 53 27 göra
237 812 96 21 ansökan
350 812 74 21 derom
434 814 32 19 att
477 813 162 21 vederbörande
655 815 133 26 guvernörer
799 814 67 21 mätte
878 815 42 20 för-

168 846 78 28 bjudas
261 846 88 28 vidtaga
364 847 180 28 tvängsätgärder
560 849 59 19 emot
635 847 56 27 dem,
703 855 46 13 som
764 848 112 21 uraktlätit
887 849 33 21 till

168 880 99 21 bestämd
287 880 32 21 tid
338 880 41 22 den
401 882 9 19 1
433 881 98 21 sistlidne
553 882 124 27 september
697 882 72 28 bygga
789 883 131 29 knektetorp

168 914 34 22 för
217 914 82 22 indelta
314 915 117 21 militären.

237 949 62 21 Efter
315 949 37 21 det
366 950 146 21 förordnande
523 950 121 22 meddelats
656 952 31 20 att
697 951 224 29 protokollsutäraget

169 983 70 21 skulle
255 984 61 28 fogas
331 984 35 20 till
380 984 159 28 handlingarne
555 985 7 21 i
577 985 91 21 ärendet
683 986 40 20 och
738 986 160 22 bondeständet
913 987 8 21 i

169 1018 69 21 sinom
259 1018 31 21 tid
309 1018 83 21 erhälla
412 1026 49 14 svar
481 1020 28 27 pä
528 1020 92 20 berörde
640 1020 142 21 meddelande
808 1021 112 21 fortsattes

169 1052 158 21 diskussionen.

237 1087 80 21 Grefve
334 1087 103 21 Creutz:
453 1080 119 36 Ätskilliga
587 1088 69 21 talare
671 1089 66 21 hafva
750 1089 40 21 här
806 1091 113 27 uppträdt,

168 1120 24 22 af
205 1120 74 22 hvilka
293 1121 69 28 några
377 1122 53 20 talat
444 1124 45 18 mot
504 1122 45 21 min
564 1122 100 28 petition,
680 1130 35 14 om
731 1123 65 21 också
811 1124 19 28 ej
847 1124 7 20 i
870 1124 49 22 dess

168 1154 81 28 helhet,
265 1155 56 21 dock
336 1156 33 20 till
384 1156 69 27 nägra
468 1156 60 21 delar
542 1156 67 21 deraf.
639 1157 59 21 Herr
713 1158 75 20 Taube
803 1158 39 21 har
852 1160 68 26 yttrat

169 1191 31 19 att
220 1190 43 20 han
279 1190 76 20 endast
370 1189 127 22 instämmer
513 1191 7 20 i
535 1191 41 21 den
592 1198 77 14 senare
685 1192 64 20 delen
764 1192 24 21 af
801 1193 67 27 sagde
882 1200 37 21 pe-

168 1224 64 20 tition
249 1224 53 20 eller
318 1224 71 20 deruti
404 1226 32 18 att
452 1224 86 21 ständet
553 1225 70 21 skulle
638 1225 39 20 hos
693 1226 28 20 H.
733 1226 60 26 Kejs.
804 1227 62 27 Maj:t
880 1235 39 12 un-

169 1256 125 28 derdänigst
309 1257 132 27 petitionera
456 1259 32 19 att
503 1258 26 20 de
545 1258 60 20 delar
620 1258 24 20 af
657 1259 84 27 landet,
756 1260 8 20 i
779 1260 73 20 hvilka
863 1262 56 19 rote-

168 1290 111 21 hällarene
295 1291 20 27 ej
332 1290 69 28 enligt
416 1291 215 22 knektekontrakten
647 1294 41 26 äga
703 1293 105 28 rättighet
823 1295 32 20 att
870 1294 50 22 med

169 1324 97 22 soldaten
287 1325 190 22 öfverenskomma
498 1332 34 14 om
552 1326 102 28 vederlag
674 1327 34 21 för
728 1329 48 27 torp
793 1328 7 20 i
815 1328 104 22 händelse

168 1361 63 19 rotan
250 1360 40 20 har
311 1360 59 21 svärt
390 1361 32 19 att
440 1360 74 21 lemna
528 1360 81 21 honom
625 1363 31 19 ett
672 1362 82 28 sädant,
770 1362 64 22 äfven
850 1364 68 21 mätte

167 1394 87 21 komma
273 1394 7 20 i
301 1394 127 29 ätnjutande
448 1394 24 21 af
485 1402 82 14 samma
581 1396 106 28 rättighet
703 1404 46 14 som
766 1398 26 20 de
808 1398 62 21 fleste
886 1399 31 20 öf-

167 1428 47 28 rige
232 1428 67 22 redan
319 1429 69 28 enligt
406 1429 93 22 berörde
519 1429 105 22 kontrakt
639 1431 46 28 äga.
717 1431 43 29 Jag
775 1432 83 22 erinrar
873 1433 46 30 mig
