992 1698
214 133 38 20 138

183 199 130 28 hänskjuten
329 197 33 21 till
377 197 226 27 riddarhusutskottet,
619 203 63 15 anser
695 197 38 28 jag
749 197 37 21 det
799 204 51 14 vara
867 197 59 28 prin-

182 233 105 29 cipenligt
307 234 31 19 att
354 233 19 26 ej
390 232 68 21 heller
474 231 70 21 denna
559 232 61 27 fråga
635 232 31 21 dit
681 232 129 21 remitteras.

250 267 58 21 Herr
322 266 199 21 landtmarskalken
536 266 128 21 hemställde
680 267 33 20 till
727 266 150 28 ridderskapet
888 267 39 20 och

182 302 64 21 adeln
260 301 107 22 huruvida
382 301 86 20 ståndet
482 301 51 20 ville
549 301 76 20 förena
640 301 33 28 sig
689 308 34 13 om
739 301 50 20 herr
803 308 42 13 von
859 301 68 21 Bons-

183 336 65 21 dorffs
268 336 82 27 förslag
369 337 31 19 att
422 335 112 21 remittera
556 335 165 28 ifrågavarande
741 336 134 27 proposition
896 336 33 20 till

183 370 221 22 riddarhusutskottet
419 370 67 21 innan
501 370 42 20 den
559 369 172 22 öfverlemnades
747 370 33 21 till
791 370 137 21 statsutskot-

182 408 41 25 tet;
234 406 40 21 och
284 405 129 21 besvarades
422 404 70 21 denna
500 404 160 28 framställning
667 405 50 20 med
726 404 159 29 öfvervägande
889 405 40 28 ja!

250 475 122 27 Föredrogs
388 474 40 21 och
438 474 111 28 upplästes
559 473 62 21 Hans
634 473 123 29 Kejserliga
767 473 114 29 Majestäts
891 474 37 21 nå-

184 510 50 28 diga
248 509 136 29 proposition
394 516 35 13 n:o
440 509 27 20 38
478 508 112 28 angående
605 508 171 28 tillverkningen
787 508 40 21 och
843 508 86 28 försälj-

184 545 81 27 ningen
279 544 23 21 af
315 544 91 20 bränvin
422 543 7 21 i
444 542 99 22 Finland.

250 578 58 21 Herr
323 577 196 27 Björkenheim,
530 576 25 21 L.
564 576 29 21 M.
601 576 96 22 Robert:
709 577 70 27 Ingen
790 577 43 21 kan
846 584 46 14 mer
901 578 27 20 än

179 614 40 27 jag
226 613 42 20 ifra
276 612 34 21 för
318 619 28 14 en
354 612 66 20 sädan
428 612 87 27 lösning
527 611 24 21 af
561 611 42 21 den
616 611 151 28 ridderskapet
779 611 40 21 och
827 611 64 21 adeln
899 618 30 14 nu

182 647 112 28 förelagda
301 646 68 28 fräga,
378 648 31 19 att
420 645 255 29 husbehofsbränningen
684 646 70 20 skulle
762 646 7 20 i
777 646 42 20 allo
827 646 102 21 afskaffas

183 682 40 21 och
231 684 31 18 att
270 682 96 20 deremot
374 681 70 21 skulle
452 680 82 21 införas
543 687 27 14 en
578 680 125 21 illitimerad
713 688 51 13 men
772 680 63 28 drygt
843 680 86 21 beskat-

182 716 37 22 tad
227 715 225 28 fabrikstillverkning
460 715 24 21 af
489 715 98 21 bränvin.
603 715 43 28 Jag
657 722 62 14 anser
729 715 46 27 mig
782 715 53 21 böra
843 715 87 21 förorda

183 751 125 21 densamma
316 750 60 21 säväl
381 757 25 13 ur
412 749 233 27 nationalekonomisk,
651 756 46 14 som
703 750 104 20 moralisk
813 750 116 28 synpunkt.

184 786 49 21 Men
238 786 47 28 just
293 785 85 21 derföre
387 791 63 14 anser
454 784 39 28 jag
501 784 36 21 det
545 791 51 14 vara
604 784 89 21 alldeles
701 784 140 28 nödvändigt,
847 786 32 19 att
886 784 43 21 frä-

183 828 42 20 gan
240 827 36 19 nu,
292 819 27 21 dä
334 819 42 21 den
391 819 69 21 första
476 819 85 28 gängen
576 818 98 22 kommer
689 819 33 21 till
737 819 133 28 behandling
889 819 40 21 hos

182 855 104 20 Finlands
302 854 94 26 ständer,
411 854 83 21 inledes
509 854 28 27 pä
553 861 26 14 en
595 853 66 22 sädan
676 854 56 21 bana
747 855 32 20 att
799 861 50 14 man
869 853 63 22 deraf

182 889 43 21 kan
240 889 82 28 hoppas
338 895 28 14 en
380 888 67 28 riktig
462 888 87 28 lösning
563 888 23 21 af
599 888 83 28 frägan.
705 888 51 21 Man
771 888 39 21 har
826 888 45 21 ofta
885 888 44 21 för-

183 923 49 21 sökt
247 925 31 19 att
292 923 98 21 beräkna
405 923 58 21 säväl
478 922 160 29 produktionen
654 930 46 14 som
718 923 168 21 konsumtionen
908 923 25 21 af

182 958 92 21 bränvin
289 958 8 20 i
311 957 49 21 vårt
374 957 60 27 land;
450 959 32 19 att
503 964 26 14 en
548 957 66 21 sådan
634 957 122 29 beräkning
775 958 69 20 måste
862 958 68 21 blifva

183 992 117 22 sväfvande
316 992 40 21 och
371 992 76 21 endast
462 992 159 28 approximativ
636 992 63 22 faller
713 992 24 22 af
751 992 33 29 sig
799 993 56 27 sjelf.
871 992 58 22 Från

183 1027 51 27 håll,
250 1027 38 21 der
303 1034 51 14 man
369 1026 73 22 kunde
457 1027 90 28 hoppas,
563 1029 31 19 att
609 1034 50 14 man
679 1028 98 28 inträngt
797 1028 24 20 så
841 1027 62 29 djupt
922 1028 18 22 i.

182 1062 84 28 frågan,
282 1068 46 14 som
344 1068 49 14 man
408 1061 44 21 kan
467 1064 53 26 göra
535 1062 43 26 det,
593 1062 39 21 har
647 1069 50 14 man
711 1062 82 27 erfarit,
804 1064 32 19 att
846 1062 37 21 det
892 1062 37 21 be-

182 1096 50 28 lopp
248 1096 98 26 bränvin,
362 1102 45 14 som
420 1096 8 20 i
440 1096 74 20 landet
528 1096 148 27 konsumeras,
684 1096 61 21 torde
759 1097 73 27 uppgå
843 1097 33 20 till
885 1104 44 13 om-

182 1130 64 28 kring
261 1130 24 20 11
302 1130 102 28 miljoner
419 1130 93 28 kannor;
528 1130 69 21 likaså
612 1130 75 28 troligt
702 1132 30 25 är,
748 1132 38 25 att,
797 1131 70 20 såsom
879 1138 50 13 man

182 1164 112 26 beräknat,
310 1164 36 20 det
368 1164 92 21 bränvin
481 1165 68 20 som
535 1160 15 36 i
569 1164 74 21 landet
661 1165 112 21 tillverkas
793 1165 84 27 uppgår
897 1165 33 20 till

182 1198 92 27 ungefär
290 1198 11 20 7
317 1198 101 27 miljoner
433 1198 90 21 kannor.
539 1198 44 21 För
597 1200 32 19 att
644 1199 39 21 här
699 1200 20 26 ej
731 1199 74 21 kunna
821 1198 108 28 beskyllas

182 1232 33 20 för
224 1232 119 26 öfverdrift,
352 1232 37 20 vill
394 1232 40 26 jag
441 1232 66 26 något
515 1232 100 21 nedsätta
625 1233 63 21 dessa
696 1234 37 19 tal.
749 1233 43 27 Jag
800 1233 37 20 vill
850 1235 80 25 antaga

182 1264 271 21 bränvinskonsumtionen
469 1265 33 21 till
518 1266 12 20 9
545 1266 102 27 miljoner
664 1266 39 21 och
721 1266 160 28 produktionen
896 1266 34 20 till

183 1299 12 20 5
210 1298 102 28 miljoner
327 1298 90 22 kannor.
447 1298 56 22 Lika
518 1300 24 20 så
557 1300 58 20 svårt
630 1307 45 14 som
691 1300 36 21 det
743 1302 24 19 är
781 1302 32 19 att
832 1300 98 22 beräkna

182 1333 37 21 det
234 1334 104 27 qvantum
353 1333 98 28 bränvin,
468 1341 45 14 som
529 1334 118 28 tillverkas,
663 1336 24 21 är
703 1335 36 21 det
757 1335 64 22 äfven
842 1337 31 19 att
892 1335 37 21 be-

182 1368 68 21 räkna
265 1368 42 21 den
323 1368 56 21 vinst
395 1375 45 14 som
456 1368 63 21 deraf
534 1369 65 28 följer
615 1370 33 21 för
663 1370 26 21 de
704 1377 111 21 personer,
828 1377 45 14 som
887 1370 43 21 till-

183 1402 67 21 verka
266 1402 71 21 denna
352 1410 57 14 vara.
439 1397 71 27 Äfven
527 1404 38 21 här
581 1405 68 20 måste
665 1412 49 13 man
731 1405 33 21 för
784 1407 31 19 att
835 1405 96 21 undvika

183 1438 90 27 misstag
288 1437 68 21 hellre
371 1438 58 21 hålla
445 1438 33 27 sig
493 1439 33 20 för
542 1439 51 28 lågt,
609 1441 26 19 än
656 1440 33 20 för
709 1440 59 27 högt.
803 1440 42 27 Jag
866 1447 63 15 anser
