<?xml version="1.0" encoding="UTF-8"?>
<alto xmlns="http://www.loc.gov/standards/alto/ns-v3#" xmlns:xlink="http://www.w3.org/1999/xlink" xmlns:xsi="http://www.w3.org/2001/XMLSchema-instance" xsi:schemaLocation="http://www.loc.gov/standards/alto/ns-v3# http://www.loc.gov/alto/v3/alto-3-0.xsd">
	<Description>
		<MeasurementUnit>pixel</MeasurementUnit>
		<sourceImageInformation>
			<fileName>/tmp/tess_qitbbthw_input.PNG</fileName>
		</sourceImageInformation>
		<OCRProcessing ID="OCR_0">
			<ocrProcessingStep>
				<processingSoftware>
					<softwareName>tesseract 5.3.4</softwareName>
				</processingSoftware>
			</ocrProcessingStep>
		</OCRProcessing>
	</Description>
	<Layout>
		<Page WIDTH="992" HEIGHT="1695" PHYSICAL_IMG_NR="0" ID="page_0">
			<PrintSpace HPOS="0" VPOS="0" WIDTH="992" HEIGHT="1695">
				<ComposedBlock ID="cblock_0" HPOS="205" VPOS="130" WIDTH="41" HEIGHT="21">
					<TextBlock ID="block_0" HPOS="205" VPOS="130" WIDTH="41" HEIGHT="21">
						<TextLine ID="line_0" HPOS="205" VPOS="130" WIDTH="41" HEIGHT="21">
							<String ID="string_0" HPOS="205" VPOS="130" WIDTH="41" HEIGHT="21" WC="0.96" CONTENT="218"/>
						</TextLine>
					</TextBlock>
				</ComposedBlock>
				<ComposedBlock ID="cblock_1" HPOS="173" VPOS="181" WIDTH="752" HEIGHT="454">
					<TextBlock ID="block_1" HPOS="173" VPOS="181" WIDTH="752" HEIGHT="282">
						<TextLine ID="line_1" HPOS="173" VPOS="181" WIDTH="752" HEIGHT="46">
							<String ID="string_1" HPOS="173" VPOS="197" WIDTH="54" HEIGHT="27" WC="0.96" CONTENT="berg"/><SP WIDTH="15" VPOS="197" HPOS="227"/>
							<String ID="string_2" HPOS="242" VPOS="196" WIDTH="40" HEIGHT="21" WC="0.96" CONTENT="och"/><SP WIDTH="16" VPOS="196" HPOS="282"/>
							<String ID="string_3" HPOS="298" VPOS="181" WIDTH="166" HEIGHT="46" WC="0.90" CONTENT="impedimenter"/><SP WIDTH="16" VPOS="181" HPOS="464"/>
							<String ID="string_4" HPOS="480" VPOS="195" WIDTH="47" HEIGHT="21" WC="0.91" CONTENT="deri"/><SP WIDTH="9" VPOS="195" HPOS="527"/>
							<String ID="string_5" HPOS="536" VPOS="195" WIDTH="136" HEIGHT="28" WC="0.89" CONTENT="inbegripne."/><SP WIDTH="11" VPOS="195" HPOS="672"/>
							<String ID="string_6" HPOS="683" VPOS="207" WIDTH="28" HEIGHT="4" WC="0.92" CONTENT="—"/><SP WIDTH="11" VPOS="207" HPOS="711"/>
							<String ID="string_7" HPOS="722" VPOS="195" WIDTH="43" HEIGHT="28" WC="0.96" CONTENT="Jag"/><SP WIDTH="10" VPOS="195" HPOS="765"/>
							<String ID="string_8" HPOS="775" VPOS="195" WIDTH="80" HEIGHT="22" WC="0.96" CONTENT="önskar"/><SP WIDTH="13" VPOS="195" HPOS="855"/>
							<String ID="string_9" HPOS="868" VPOS="195" WIDTH="57" HEIGHT="21" WC="0.96" CONTENT="fästa"/>
						</TextLine>
						<TextLine ID="line_2" HPOS="174" VPOS="229" WIDTH="751" HEIGHT="29">
							<String ID="string_10" HPOS="174" VPOS="230" WIDTH="59" HEIGHT="28" WC="0.92" CONTENT="högl."/><SP WIDTH="13" VPOS="230" HPOS="233"/>
							<String ID="string_11" HPOS="246" VPOS="230" WIDTH="162" HEIGHT="27" WC="0.91" CONTENT="ridderskapets"/><SP WIDTH="14" VPOS="230" HPOS="408"/>
							<String ID="string_12" HPOS="422" VPOS="229" WIDTH="39" HEIGHT="22" WC="0.96" CONTENT="och"/><SP WIDTH="13" VPOS="229" HPOS="461"/>
							<String ID="string_13" HPOS="474" VPOS="229" WIDTH="75" HEIGHT="22" WC="0.96" CONTENT="adelns"/><SP WIDTH="12" VPOS="229" HPOS="549"/>
							<String ID="string_14" HPOS="561" VPOS="229" WIDTH="193" HEIGHT="28" WC="0.93" CONTENT="uppmärksamhet"/><SP WIDTH="10" VPOS="229" HPOS="754"/>
							<String ID="string_15" HPOS="764" VPOS="229" WIDTH="75" HEIGHT="22" WC="0.91" CONTENT="dervid"/><SP WIDTH="8" VPOS="229" HPOS="839"/>
							<String ID="string_16" HPOS="847" VPOS="231" WIDTH="31" HEIGHT="19" WC="0.96" CONTENT="att"/><SP WIDTH="8" VPOS="231" HPOS="878"/>
							<String ID="string_17" HPOS="886" VPOS="230" WIDTH="39" HEIGHT="27" WC="0.95" CONTENT="jag"/>
						</TextLine>
						<TextLine ID="line_3" HPOS="175" VPOS="264" WIDTH="749" HEIGHT="27">
							<String ID="string_18" HPOS="175" VPOS="264" WIDTH="76" HEIGHT="21" WC="0.96" CONTENT="endast"/><SP WIDTH="13" VPOS="264" HPOS="251"/>
							<String ID="string_19" HPOS="264" VPOS="264" WIDTH="106" HEIGHT="21" WC="0.93" CONTENT="beräknat"/><SP WIDTH="13" VPOS="264" HPOS="370"/>
							<String ID="string_20" HPOS="383" VPOS="264" WIDTH="164" HEIGHT="27" WC="0.92" CONTENT="grundskatten,"/><SP WIDTH="13" VPOS="264" HPOS="547"/>
							<String ID="string_21" HPOS="560" VPOS="270" WIDTH="50" HEIGHT="15" WC="0.96" CONTENT="men"/><SP WIDTH="13" VPOS="270" HPOS="610"/>
							<String ID="string_22" HPOS="623" VPOS="265" WIDTH="32" HEIGHT="20" WC="0.93" CONTENT="att"/><SP WIDTH="13" VPOS="265" HPOS="655"/>
							<String ID="string_23" HPOS="668" VPOS="264" WIDTH="110" HEIGHT="21" WC="0.91" CONTENT="vakansen"/><SP WIDTH="12" VPOS="264" HPOS="778"/>
							<String ID="string_24" HPOS="790" VPOS="265" WIDTH="53" HEIGHT="20" WC="0.93" CONTENT="eller"/><SP WIDTH="11" VPOS="265" HPOS="843"/>
							<String ID="string_25" HPOS="854" VPOS="264" WIDTH="70" HEIGHT="27" WC="0.90" CONTENT="solda-"/>
						</TextLine>
						<TextLine ID="line_4" HPOS="174" VPOS="298" WIDTH="750" HEIGHT="29">
							<String ID="string_26" HPOS="174" VPOS="301" WIDTH="43" HEIGHT="25" WC="0.92" CONTENT="ten,"/><SP WIDTH="6" VPOS="301" HPOS="217"/>
							<String ID="string_27" HPOS="223" VPOS="298" WIDTH="213" HEIGHT="27" WC="0.91" CONTENT="bränvinsarrendet,"/><SP WIDTH="6" VPOS="298" HPOS="436"/>
							<String ID="string_28" HPOS="442" VPOS="299" WIDTH="116" HEIGHT="28" WC="0.91" CONTENT="hållskjuts"/><SP WIDTH="9" VPOS="299" HPOS="558"/>
							<String ID="string_29" HPOS="567" VPOS="299" WIDTH="39" HEIGHT="20" WC="0.93" CONTENT="och"/><SP WIDTH="9" VPOS="299" HPOS="606"/>
							<String ID="string_30" HPOS="615" VPOS="298" WIDTH="164" HEIGHT="29" WC="0.90" CONTENT="vägabyggnad,"/><SP WIDTH="6" VPOS="298" HPOS="779"/>
							<String ID="string_31" HPOS="785" VPOS="298" WIDTH="139" HEIGHT="29" WC="0.91" CONTENT="presterskap"/>
						</TextLine>
						<TextLine ID="line_5" HPOS="174" VPOS="333" WIDTH="751" HEIGHT="28">
							<String ID="string_32" HPOS="174" VPOS="333" WIDTH="40" HEIGHT="21" WC="0.96" CONTENT="och"/><SP WIDTH="20" VPOS="333" HPOS="214"/>
							<String ID="string_33" HPOS="234" VPOS="333" WIDTH="98" HEIGHT="26" WC="0.96" CONTENT="domare,"/><SP WIDTH="19" VPOS="333" HPOS="332"/>
							<String ID="string_34" HPOS="351" VPOS="333" WIDTH="118" HEIGHT="28" WC="0.93" CONTENT="fattigvård"/><SP WIDTH="19" VPOS="333" HPOS="469"/>
							<String ID="string_35" HPOS="488" VPOS="341" WIDTH="29" HEIGHT="13" WC="0.92" CONTENT="m."/><SP WIDTH="20" VPOS="341" HPOS="517"/>
							<String ID="string_36" HPOS="537" VPOS="333" WIDTH="21" HEIGHT="20" WC="0.93" CONTENT="fl."/><SP WIDTH="19" VPOS="333" HPOS="558"/>
							<String ID="string_37" HPOS="577" VPOS="333" WIDTH="104" HEIGHT="21" WC="0.92" CONTENT="insockne"/><SP WIDTH="16" VPOS="333" HPOS="681"/>
							<String ID="string_38" HPOS="697" VPOS="339" WIDTH="76" HEIGHT="21" WC="0.90" CONTENT="onera,"/><SP WIDTH="19" VPOS="339" HPOS="773"/>
							<String ID="string_39" HPOS="792" VPOS="333" WIDTH="75" HEIGHT="22" WC="0.96" CONTENT="hvilka"/><SP WIDTH="15" VPOS="333" HPOS="867"/>
							<String ID="string_40" HPOS="882" VPOS="333" WIDTH="43" HEIGHT="21" WC="0.96" CONTENT="alla"/>
						</TextLine>
						<TextLine ID="line_6" HPOS="173" VPOS="367" WIDTH="751" HEIGHT="28">
							<String ID="string_41" HPOS="173" VPOS="367" WIDTH="90" HEIGHT="28" WC="0.95" CONTENT="lindrigt"/><SP WIDTH="15" VPOS="367" HPOS="263"/>
							<String ID="string_42" HPOS="278" VPOS="367" WIDTH="124" HEIGHT="21" WC="0.96" CONTENT="beräknade"/><SP WIDTH="15" VPOS="367" HPOS="402"/>
							<String ID="string_43" HPOS="417" VPOS="367" WIDTH="85" HEIGHT="28" WC="0.96" CONTENT="uppgår"/><SP WIDTH="15" VPOS="367" HPOS="502"/>
							<String ID="string_44" HPOS="517" VPOS="367" WIDTH="28" HEIGHT="28" WC="0.96" CONTENT="på"/><SP WIDTH="15" VPOS="367" HPOS="545"/>
							<String ID="string_45" HPOS="560" VPOS="367" WIDTH="79" HEIGHT="28" WC="0.96" CONTENT="många"/><SP WIDTH="16" VPOS="367" HPOS="639"/>
							<String ID="string_46" HPOS="655" VPOS="369" WIDTH="59" HEIGHT="20" WC="0.95" CONTENT="orter"/><SP WIDTH="15" VPOS="369" HPOS="714"/>
							<String ID="string_47" HPOS="729" VPOS="367" WIDTH="33" HEIGHT="22" WC="0.96" CONTENT="till"/><SP WIDTH="15" VPOS="367" HPOS="762"/>
							<String ID="string_48" HPOS="777" VPOS="367" WIDTH="45" HEIGHT="22" WC="0.96" CONTENT="lika"/><SP WIDTH="15" VPOS="367" HPOS="822"/>
							<String ID="string_49" HPOS="837" VPOS="368" WIDTH="87" HEIGHT="27" WC="0.96" CONTENT="mycket"/>
						</TextLine>
						<TextLine ID="line_7" HPOS="174" VPOS="401" WIDTH="751" HEIGHT="28">
							<String ID="string_50" HPOS="174" VPOS="409" WIDTH="46" HEIGHT="14" WC="0.93" CONTENT="som"/><SP WIDTH="19" VPOS="409" HPOS="220"/>
							<String ID="string_51" HPOS="239" VPOS="401" WIDTH="159" HEIGHT="28" WC="0.90" CONTENT="grundskatten"/><SP WIDTH="21" VPOS="401" HPOS="398"/>
							<String ID="string_52" HPOS="419" VPOS="401" WIDTH="39" HEIGHT="21" WC="0.96" CONTENT="och"/><SP WIDTH="20" VPOS="401" HPOS="458"/>
							<String ID="string_53" HPOS="478" VPOS="401" WIDTH="83" HEIGHT="22" WC="0.96" CONTENT="kanske"/><SP WIDTH="19" VPOS="401" HPOS="561"/>
							<String ID="string_54" HPOS="580" VPOS="401" WIDTH="34" HEIGHT="21" WC="0.95" CONTENT="till"/><SP WIDTH="15" VPOS="401" HPOS="614"/>
							<String ID="string_55" HPOS="629" VPOS="409" WIDTH="70" HEIGHT="19" WC="0.96" CONTENT="mera,"/><SP WIDTH="15" VPOS="409" HPOS="699"/>
							<String ID="string_56" HPOS="714" VPOS="401" WIDTH="48" HEIGHT="22" WC="0.96" CONTENT="icke"/><SP WIDTH="16" VPOS="401" HPOS="762"/>
							<String ID="string_57" HPOS="778" VPOS="403" WIDTH="37" HEIGHT="20" WC="0.96" CONTENT="äro"/><SP WIDTH="16" VPOS="403" HPOS="815"/>
							<String ID="string_58" HPOS="831" VPOS="402" WIDTH="7" HEIGHT="21" WC="0.96" CONTENT="i"/><SP WIDTH="15" VPOS="402" HPOS="838"/>
							<String ID="string_59" HPOS="853" VPOS="402" WIDTH="72" HEIGHT="22" WC="0.96" CONTENT="denna"/>
						</TextLine>
						<TextLine ID="line_8" HPOS="174" VPOS="435" WIDTH="293" HEIGHT="28">
							<String ID="string_60" HPOS="174" VPOS="436" WIDTH="44" HEIGHT="21" WC="0.96" CONTENT="min"/><SP WIDTH="16" VPOS="436" HPOS="218"/>
							<String ID="string_61" HPOS="234" VPOS="435" WIDTH="122" HEIGHT="28" WC="0.93" CONTENT="beräkning"/><SP WIDTH="15" VPOS="435" HPOS="356"/>
							<String ID="string_62" HPOS="371" VPOS="436" WIDTH="96" HEIGHT="26" WC="0.92" CONTENT="intagne."/>
						</TextLine>
					</TextBlock>
					<TextBlock ID="block_2" HPOS="173" VPOS="470" WIDTH="752" HEIGHT="130">
						<TextLine ID="line_9" HPOS="242" VPOS="470" WIDTH="683" HEIGHT="28">
							<String ID="string_63" HPOS="242" VPOS="470" WIDTH="75" HEIGHT="20" WC="0.96" CONTENT="Skulle"/><SP WIDTH="16" VPOS="470" HPOS="317"/>
							<String ID="string_64" HPOS="333" VPOS="477" WIDTH="29" HEIGHT="13" WC="0.93" CONTENT="nu"/><SP WIDTH="10" VPOS="477" HPOS="362"/>
							<String ID="string_65" HPOS="372" VPOS="470" WIDTH="357" HEIGHT="28" WC="0.91" CONTENT="bränvinsbränningsrättigheten"/><SP WIDTH="11" VPOS="470" HPOS="729"/>
							<String ID="string_66" HPOS="740" VPOS="472" WIDTH="52" HEIGHT="20" WC="0.96" CONTENT="utan"/><SP WIDTH="11" VPOS="472" HPOS="792"/>
							<String ID="string_67" HPOS="803" VPOS="471" WIDTH="122" HEIGHT="27" WC="0.96" CONTENT="ersättning"/>
						</TextLine>
						<TextLine ID="line_10" HPOS="173" VPOS="504" WIDTH="752" HEIGHT="28">
							<String ID="string_68" HPOS="173" VPOS="504" WIDTH="112" HEIGHT="28" WC="0.91" CONTENT="fråntagas"/><SP WIDTH="13" VPOS="504" HPOS="285"/>
							<String ID="string_69" HPOS="298" VPOS="504" WIDTH="153" HEIGHT="28" WC="0.92" CONTENT="jordbrukarn,"/><SP WIDTH="11" VPOS="504" HPOS="451"/>
							<String ID="string_70" HPOS="462" VPOS="504" WIDTH="24" HEIGHT="21" WC="0.96" CONTENT="så"/><SP WIDTH="10" VPOS="504" HPOS="486"/>
							<String ID="string_71" HPOS="496" VPOS="510" WIDTH="51" HEIGHT="15" WC="0.96" CONTENT="vore"/><SP WIDTH="12" VPOS="510" HPOS="547"/>
							<String ID="string_72" HPOS="559" VPOS="504" WIDTH="36" HEIGHT="20" WC="0.96" CONTENT="det"/><SP WIDTH="10" VPOS="504" HPOS="595"/>
							<String ID="string_73" HPOS="605" VPOS="504" WIDTH="121" HEIGHT="21" WC="0.96" CONTENT="detsamma"/><SP WIDTH="13" VPOS="504" HPOS="726"/>
							<String ID="string_74" HPOS="739" VPOS="512" WIDTH="46" HEIGHT="13" WC="0.96" CONTENT="som"/><SP WIDTH="11" VPOS="512" HPOS="785"/>
							<String ID="string_75" HPOS="796" VPOS="506" WIDTH="31" HEIGHT="19" WC="0.96" CONTENT="att"/><SP WIDTH="12" VPOS="506" HPOS="827"/>
							<String ID="string_76" HPOS="839" VPOS="505" WIDTH="86" HEIGHT="21" WC="0.96" CONTENT="dömma"/>
						</TextLine>
						<TextLine ID="line_11" HPOS="174" VPOS="538" WIDTH="749" HEIGHT="28">
							<String ID="string_77" HPOS="174" VPOS="546" WIDTH="26" HEIGHT="13" WC="0.96" CONTENT="en"/><SP WIDTH="22" VPOS="546" HPOS="200"/>
							<String ID="string_78" HPOS="222" VPOS="540" WIDTH="44" HEIGHT="19" WC="0.96" CONTENT="stor"/><SP WIDTH="21" VPOS="540" HPOS="266"/>
							<String ID="string_79" HPOS="287" VPOS="538" WIDTH="35" HEIGHT="21" WC="0.96" CONTENT="del"/><SP WIDTH="20" VPOS="538" HPOS="322"/>
							<String ID="string_80" HPOS="342" VPOS="538" WIDTH="24" HEIGHT="21" WC="0.96" CONTENT="af"/><SP WIDTH="15" VPOS="538" HPOS="366"/>
							<String ID="string_81" HPOS="381" VPOS="538" WIDTH="85" HEIGHT="21" WC="0.93" CONTENT="landets"/><SP WIDTH="16" VPOS="538" HPOS="466"/>
							<String ID="string_82" HPOS="482" VPOS="539" WIDTH="101" HEIGHT="20" WC="0.91" CONTENT="besuttna"/><SP WIDTH="14" VPOS="539" HPOS="583"/>
							<String ID="string_83" HPOS="597" VPOS="538" WIDTH="144" HEIGHT="28" WC="0.96" CONTENT="jordbrukare"/><SP WIDTH="16" VPOS="538" HPOS="741"/>
							<String ID="string_84" HPOS="757" VPOS="539" WIDTH="34" HEIGHT="21" WC="0.96" CONTENT="till"/><SP WIDTH="15" VPOS="539" HPOS="791"/>
							<String ID="string_85" HPOS="806" VPOS="541" WIDTH="32" HEIGHT="19" WC="0.93" CONTENT="att"/><SP WIDTH="15" VPOS="541" HPOS="838"/>
							<String ID="string_86" HPOS="853" VPOS="539" WIDTH="70" HEIGHT="21" WC="0.92" CONTENT="öfver-"/>
						</TextLine>
						<TextLine ID="line_12" HPOS="174" VPOS="572" WIDTH="749" HEIGHT="28">
							<String ID="string_87" HPOS="174" VPOS="572" WIDTH="59" HEIGHT="28" WC="0.96" CONTENT="gifva"/><SP WIDTH="15" VPOS="572" HPOS="233"/>
							<String ID="string_88" HPOS="248" VPOS="572" WIDTH="48" HEIGHT="21" WC="0.96" CONTENT="sina"/><SP WIDTH="14" VPOS="572" HPOS="296"/>
							<String ID="string_89" HPOS="310" VPOS="572" WIDTH="127" HEIGHT="28" WC="0.96" CONTENT="lägenheter"/><SP WIDTH="16" VPOS="572" HPOS="437"/>
							<String ID="string_90" HPOS="453" VPOS="573" WIDTH="40" HEIGHT="21" WC="0.96" CONTENT="och"/><SP WIDTH="16" VPOS="573" HPOS="493"/>
							<String ID="string_91" HPOS="509" VPOS="573" WIDTH="36" HEIGHT="21" WC="0.96" CONTENT="det"/><SP WIDTH="16" VPOS="573" HPOS="545"/>
							<String ID="string_92" HPOS="561" VPOS="574" WIDTH="24" HEIGHT="19" WC="0.96" CONTENT="är"/><SP WIDTH="13" VPOS="574" HPOS="585"/>
							<String ID="string_93" HPOS="598" VPOS="573" WIDTH="35" HEIGHT="21" WC="0.96" CONTENT="väl"/><SP WIDTH="10" VPOS="573" HPOS="633"/>
							<String ID="string_94" HPOS="643" VPOS="573" WIDTH="48" HEIGHT="21" WC="0.93" CONTENT="icke"/><SP WIDTH="12" VPOS="573" HPOS="691"/>
							<String ID="string_95" HPOS="703" VPOS="573" WIDTH="85" HEIGHT="21" WC="0.92" CONTENT="derföre"/><SP WIDTH="11" VPOS="573" HPOS="788"/>
							<String ID="string_96" HPOS="799" VPOS="574" WIDTH="21" HEIGHT="20" WC="0.96" CONTENT="vi"/><SP WIDTH="11" VPOS="574" HPOS="820"/>
							<String ID="string_97" HPOS="831" VPOS="575" WIDTH="36" HEIGHT="19" WC="0.96" CONTENT="äro"/><SP WIDTH="11" VPOS="575" HPOS="867"/>
							<String ID="string_98" HPOS="878" VPOS="573" WIDTH="45" HEIGHT="21" WC="0.96" CONTENT="här."/>
						</TextLine>
					</TextBlock>
					<TextBlock ID="block_3" HPOS="242" VPOS="606" WIDTH="682" HEIGHT="29">
						<TextLine ID="line_13" HPOS="242" VPOS="606" WIDTH="682" HEIGHT="29">
							<String ID="string_99" HPOS="242" VPOS="606" WIDTH="43" HEIGHT="28" WC="0.96" CONTENT="Jag"/><SP WIDTH="15" VPOS="606" HPOS="285"/>
							<String ID="string_100" HPOS="300" VPOS="608" WIDTH="24" HEIGHT="19" WC="0.96" CONTENT="är"/><SP WIDTH="15" VPOS="608" HPOS="324"/>
							<String ID="string_101" HPOS="339" VPOS="606" WIDTH="48" HEIGHT="21" WC="0.96" CONTENT="icke"/><SP WIDTH="16" VPOS="606" HPOS="387"/>
							<String ID="string_102" HPOS="403" VPOS="606" WIDTH="24" HEIGHT="21" WC="0.95" CONTENT="af"/><SP WIDTH="13" VPOS="606" HPOS="427"/>
							<String ID="string_103" HPOS="440" VPOS="607" WIDTH="56" HEIGHT="27" WC="0.96" CONTENT="dem,"/><SP WIDTH="16" VPOS="607" HPOS="496"/>
							<String ID="string_104" HPOS="512" VPOS="614" WIDTH="46" HEIGHT="14" WC="0.96" CONTENT="som"/><SP WIDTH="15" VPOS="614" HPOS="558"/>
							<String ID="string_105" HPOS="573" VPOS="607" WIDTH="105" HEIGHT="28" WC="0.96" CONTENT="möjligen"/><SP WIDTH="15" VPOS="607" HPOS="678"/>
							<String ID="string_106" HPOS="693" VPOS="608" WIDTH="54" HEIGHT="27" WC="0.96" CONTENT="vilja"/><SP WIDTH="14" VPOS="608" HPOS="747"/>
							<String ID="string_107" HPOS="761" VPOS="608" WIDTH="86" HEIGHT="21" WC="0.93" CONTENT="behålla"/><SP WIDTH="14" VPOS="608" HPOS="847"/>
							<String ID="string_108" HPOS="861" VPOS="608" WIDTH="63" HEIGHT="21" WC="0.91" CONTENT="brän-"/>
						</TextLine>
					</TextBlock>
				</ComposedBlock>
				<ComposedBlock ID="cblock_2" HPOS="172" VPOS="640" WIDTH="752" HEIGHT="98">
					<TextBlock ID="block_4" HPOS="172" VPOS="640" WIDTH="752" HEIGHT="98">
						<TextLine ID="line_14" HPOS="172" VPOS="640" WIDTH="752" HEIGHT="30">
							<String ID="string_109" HPOS="172" VPOS="641" WIDTH="186" HEIGHT="28" WC="0.91" CONTENT="vinsbränningen"/><SP WIDTH="20" VPOS="641" HPOS="358"/>
							<String ID="string_110" HPOS="378" VPOS="640" WIDTH="72" HEIGHT="22" WC="0.96" CONTENT="fästad"/><SP WIDTH="18" VPOS="640" HPOS="450"/>
							<String ID="string_111" HPOS="468" VPOS="641" WIDTH="37" HEIGHT="21" WC="0.93" CONTENT="vid"/><SP WIDTH="19" VPOS="641" HPOS="505"/>
							<String ID="string_112" HPOS="524" VPOS="641" WIDTH="105" HEIGHT="21" WC="0.92" CONTENT="mantalet"/><SP WIDTH="20" VPOS="641" HPOS="629"/>
							<String ID="string_113" HPOS="649" VPOS="642" WIDTH="54" HEIGHT="20" WC="0.96" CONTENT="eller"/><SP WIDTH="17" VPOS="642" HPOS="703"/>
							<String ID="string_114" HPOS="720" VPOS="642" WIDTH="79" HEIGHT="28" WC="0.93" CONTENT="jorden"/><SP WIDTH="24" VPOS="642" HPOS="799"/>
							<String ID="string_115" HPOS="823" VPOS="654" WIDTH="24" HEIGHT="3" WC="0.92" CONTENT="—"/><SP WIDTH="16" VPOS="654" HPOS="847"/>
							<String ID="string_116" HPOS="863" VPOS="642" WIDTH="61" HEIGHT="28" WC="0.96" CONTENT="långt"/>
						</TextLine>
						<TextLine ID="line_15" HPOS="172" VPOS="675" WIDTH="750" HEIGHT="29">
							<String ID="string_117" HPOS="172" VPOS="675" WIDTH="102" HEIGHT="27" WC="0.92" CONTENT="derifrån,"/><SP WIDTH="16" VPOS="675" HPOS="274"/>
							<String ID="string_118" HPOS="290" VPOS="675" WIDTH="26" HEIGHT="21" WC="0.96" CONTENT="de"/><SP WIDTH="16" VPOS="675" HPOS="316"/>
							<String ID="string_119" HPOS="332" VPOS="675" WIDTH="52" HEIGHT="21" WC="0.96" CONTENT="böra"/><SP WIDTH="15" VPOS="675" HPOS="384"/>
							<String ID="string_120" HPOS="399" VPOS="682" WIDTH="52" HEIGHT="14" WC="0.96" CONTENT="vara"/><SP WIDTH="16" VPOS="682" HPOS="451"/>
							<String ID="string_121" HPOS="467" VPOS="676" WIDTH="23" HEIGHT="21" WC="0.96" CONTENT="så"/><SP WIDTH="15" VPOS="676" HPOS="490"/>
							<String ID="string_122" HPOS="505" VPOS="676" WIDTH="61" HEIGHT="28" WC="0.93" CONTENT="långt"/><SP WIDTH="15" VPOS="676" HPOS="566"/>
							<String ID="string_123" HPOS="581" VPOS="675" WIDTH="93" HEIGHT="22" WC="0.92" CONTENT="afskilda"/><SP WIDTH="10" VPOS="675" HPOS="674"/>
							<String ID="string_124" HPOS="684" VPOS="676" WIDTH="49" HEIGHT="22" WC="0.96" CONTENT="från"/><SP WIDTH="10" VPOS="676" HPOS="733"/>
							<String ID="string_125" HPOS="743" VPOS="676" WIDTH="122" HEIGHT="21" WC="0.95" CONTENT="hvarandra"/><SP WIDTH="11" VPOS="676" HPOS="865"/>
							<String ID="string_126" HPOS="876" VPOS="684" WIDTH="46" HEIGHT="14" WC="0.96" CONTENT="som"/>
						</TextLine>
						<TextLine ID="line_16" HPOS="174" VPOS="710" WIDTH="116" HEIGHT="28">
							<String ID="string_127" HPOS="174" VPOS="710" WIDTH="91" HEIGHT="28" WC="0.92" CONTENT="möjligt."/><SP WIDTH="22" VPOS="710" HPOS="265"/>
							<String ID="string_128" HPOS="287" VPOS="710" WIDTH="3" HEIGHT="2" WC="0.80" CONTENT="&#39;"/>
						</TextLine>
					</TextBlock>
				</ComposedBlock>
				<ComposedBlock ID="cblock_3" HPOS="171" VPOS="744" WIDTH="754" HEIGHT="717">
					<TextBlock ID="block_5" HPOS="171" VPOS="744" WIDTH="753" HEIGHT="304">
						<TextLine ID="line_17" HPOS="241" VPOS="744" WIDTH="683" HEIGHT="30">
							<String ID="string_129" HPOS="241" VPOS="744" WIDTH="43" HEIGHT="28" WC="0.93" CONTENT="Jag"/><SP WIDTH="22" VPOS="744" HPOS="284"/>
							<String ID="string_130" HPOS="306" VPOS="744" WIDTH="58" HEIGHT="21" WC="0.96" CONTENT="inser"/><SP WIDTH="21" VPOS="744" HPOS="364"/>
							<String ID="string_131" HPOS="385" VPOS="744" WIDTH="64" HEIGHT="22" WC="0.96" CONTENT="äfven"/><SP WIDTH="20" VPOS="744" HPOS="449"/>
							<String ID="string_132" HPOS="469" VPOS="744" WIDTH="42" HEIGHT="22" WC="0.93" CONTENT="den"/><SP WIDTH="20" VPOS="744" HPOS="511"/>
							<String ID="string_133" HPOS="531" VPOS="745" WIDTH="154" HEIGHT="28" WC="0.96" CONTENT="oberäkneliga"/><SP WIDTH="20" VPOS="745" HPOS="685"/>
							<String ID="string_134" HPOS="705" VPOS="747" WIDTH="63" HEIGHT="27" WC="0.34" CONTENT="nytta"/><SP WIDTH="17" VPOS="747" HPOS="768"/>
							<String ID="string_135" HPOS="785" VPOS="746" WIDTH="79" HEIGHT="28" WC="0.79" CONTENT="jorden"/><SP WIDTH="20" VPOS="746" HPOS="864"/>
							<String ID="string_136" HPOS="884" VPOS="747" WIDTH="40" HEIGHT="21" WC="0.96" CONTENT="och"/>
						</TextLine>
						<TextLine ID="line_18" HPOS="171" VPOS="779" WIDTH="752" HEIGHT="29">
							<String ID="string_137" HPOS="171" VPOS="779" WIDTH="129" HEIGHT="28" WC="0.95" CONTENT="jordbruket"/><SP WIDTH="13" VPOS="779" HPOS="300"/>
							<String ID="string_138" HPOS="313" VPOS="780" WIDTH="25" HEIGHT="27" WC="0.96" CONTENT="ja"/><SP WIDTH="14" VPOS="780" HPOS="338"/>
							<String ID="string_139" HPOS="352" VPOS="779" WIDTH="50" HEIGHT="21" WC="0.96" CONTENT="hela"/><SP WIDTH="10" VPOS="779" HPOS="402"/>
							<String ID="string_140" HPOS="412" VPOS="779" WIDTH="48" HEIGHT="21" WC="0.95" CONTENT="vårt"/><SP WIDTH="9" VPOS="779" HPOS="460"/>
							<String ID="string_141" HPOS="469" VPOS="779" WIDTH="52" HEIGHT="21" WC="0.95" CONTENT="land"/><SP WIDTH="10" VPOS="779" HPOS="521"/>
							<String ID="string_142" HPOS="531" VPOS="780" WIDTH="70" HEIGHT="20" WC="0.93" CONTENT="skulle"/><SP WIDTH="12" VPOS="780" HPOS="601"/>
							<String ID="string_143" HPOS="613" VPOS="780" WIDTH="128" HEIGHT="28" WC="0.92" CONTENT="tillskyndas"/><SP WIDTH="12" VPOS="780" HPOS="741"/>
							<String ID="string_144" HPOS="753" VPOS="788" WIDTH="80" HEIGHT="20" WC="0.93" CONTENT="genom"/><SP WIDTH="10" VPOS="788" HPOS="833"/>
							<String ID="string_145" HPOS="843" VPOS="780" WIDTH="80" HEIGHT="28" WC="0.92" CONTENT="grund-"/>
						</TextLine>
						<TextLine ID="line_19" HPOS="174" VPOS="813" WIDTH="750" HEIGHT="30">
							<String ID="string_146" HPOS="174" VPOS="813" WIDTH="98" HEIGHT="21" WC="0.91" CONTENT="skattens"/><SP WIDTH="20" VPOS="813" HPOS="272"/>
							<String ID="string_147" HPOS="292" VPOS="813" WIDTH="118" HEIGHT="27" WC="0.91" CONTENT="aflyftande"/><SP WIDTH="21" VPOS="813" HPOS="410"/>
							<String ID="string_148" HPOS="431" VPOS="814" WIDTH="49" HEIGHT="26" WC="0.93" CONTENT="(och"/><SP WIDTH="20" VPOS="814" HPOS="480"/>
							<String ID="string_149" HPOS="500" VPOS="814" WIDTH="116" HEIGHT="20" WC="0.90" CONTENT="mantalets"/><SP WIDTH="21" VPOS="814" HPOS="616"/>
							<String ID="string_150" HPOS="637" VPOS="814" WIDTH="163" HEIGHT="28" WC="0.96" CONTENT="försvinnande)"/><SP WIDTH="19" VPOS="814" HPOS="800"/>
							<String ID="string_151" HPOS="819" VPOS="822" WIDTH="50" HEIGHT="14" WC="0.96" CONTENT="men"/><SP WIDTH="16" VPOS="822" HPOS="869"/>
							<String ID="string_152" HPOS="885" VPOS="816" WIDTH="39" HEIGHT="27" WC="0.95" CONTENT="jag"/>
						</TextLine>
						<TextLine ID="line_20" HPOS="174" VPOS="847" WIDTH="749" HEIGHT="30">
							<String ID="string_153" HPOS="174" VPOS="847" WIDTH="69" HEIGHT="20" WC="0.95" CONTENT="skulle"/><SP WIDTH="20" VPOS="847" HPOS="243"/>
							<String ID="string_154" HPOS="263" VPOS="847" WIDTH="34" HEIGHT="20" WC="0.96" CONTENT="för"/><SP WIDTH="20" VPOS="847" HPOS="297"/>
							<String ID="string_155" HPOS="317" VPOS="848" WIDTH="44" HEIGHT="19" WC="0.96" CONTENT="min"/><SP WIDTH="17" VPOS="848" HPOS="361"/>
							<String ID="string_156" HPOS="378" VPOS="847" WIDTH="35" HEIGHT="20" WC="0.96" CONTENT="del"/><SP WIDTH="15" VPOS="847" HPOS="413"/>
							<String ID="string_157" HPOS="428" VPOS="848" WIDTH="68" HEIGHT="20" WC="0.96" CONTENT="önska"/><SP WIDTH="16" VPOS="848" HPOS="496"/>
							<String ID="string_158" HPOS="512" VPOS="849" WIDTH="32" HEIGHT="20" WC="0.96" CONTENT="att"/><SP WIDTH="15" VPOS="849" HPOS="544"/>
							<String ID="string_159" HPOS="559" VPOS="848" WIDTH="115" HEIGHT="27" WC="0.93" CONTENT="hvardera,"/><SP WIDTH="16" VPOS="848" HPOS="674"/>
							<String ID="string_160" HPOS="690" VPOS="848" WIDTH="233" HEIGHT="29" WC="0.91" CONTENT="bränvinsbrännings-"/>
						</TextLine>
						<TextLine ID="line_21" HPOS="172" VPOS="881" WIDTH="752" HEIGHT="28">
							<String ID="string_161" HPOS="172" VPOS="881" WIDTH="134" HEIGHT="28" WC="0.96" CONTENT="rättigheten"/><SP WIDTH="19" VPOS="881" HPOS="306"/>
							<String ID="string_162" HPOS="325" VPOS="881" WIDTH="53" HEIGHT="20" WC="0.96" CONTENT="eller"/><SP WIDTH="19" VPOS="881" HPOS="378"/>
							<String ID="string_163" HPOS="397" VPOS="881" WIDTH="41" HEIGHT="21" WC="0.96" CONTENT="den"/><SP WIDTH="19" VPOS="881" HPOS="438"/>
							<String ID="string_164" HPOS="457" VPOS="882" WIDTH="58" HEIGHT="21" WC="0.96" CONTENT="vinst"/><SP WIDTH="20" VPOS="882" HPOS="515"/>
							<String ID="string_165" HPOS="535" VPOS="882" WIDTH="41" HEIGHT="21" WC="0.96" CONTENT="den"/><SP WIDTH="19" VPOS="882" HPOS="576"/>
							<String ID="string_166" HPOS="595" VPOS="882" WIDTH="43" HEIGHT="21" WC="0.96" CONTENT="kan"/><SP WIDTH="15" VPOS="882" HPOS="638"/>
							<String ID="string_167" HPOS="653" VPOS="883" WIDTH="108" HEIGHT="20" WC="0.96" CONTENT="beräknas"/><SP WIDTH="16" VPOS="883" HPOS="761"/>
							<String ID="string_168" HPOS="777" VPOS="885" WIDTH="31" HEIGHT="19" WC="0.96" CONTENT="att"/><SP WIDTH="15" VPOS="885" HPOS="808"/>
							<String ID="string_169" HPOS="823" VPOS="883" WIDTH="73" HEIGHT="22" WC="0.93" CONTENT="lemna"/><SP WIDTH="15" VPOS="883" HPOS="896"/>
							<String ID="string_170" HPOS="911" VPOS="884" WIDTH="13" HEIGHT="21" WC="0.91" CONTENT="å"/>
						</TextLine>
						<TextLine ID="line_22" HPOS="174" VPOS="915" WIDTH="749" HEIGHT="30">
							<String ID="string_171" HPOS="174" VPOS="922" WIDTH="41" HEIGHT="14" WC="0.96" CONTENT="ena"/><SP WIDTH="16" VPOS="922" HPOS="215"/>
							<String ID="string_172" HPOS="231" VPOS="915" WIDTH="71" HEIGHT="27" WC="0.96" CONTENT="sidan,"/><SP WIDTH="21" VPOS="915" HPOS="302"/>
							<String ID="string_173" HPOS="323" VPOS="917" WIDTH="55" HEIGHT="19" WC="0.93" CONTENT="samt"/><SP WIDTH="18" VPOS="917" HPOS="378"/>
							<String ID="string_174" HPOS="396" VPOS="915" WIDTH="138" HEIGHT="28" WC="0.92" CONTENT="jordskatten"/><SP WIDTH="21" VPOS="915" HPOS="534"/>
							<String ID="string_175" HPOS="555" VPOS="917" WIDTH="70" HEIGHT="20" WC="0.96" CONTENT="såsom"/><SP WIDTH="20" VPOS="917" HPOS="625"/>
							<String ID="string_176" HPOS="645" VPOS="917" WIDTH="121" HEIGHT="28" WC="0.96" CONTENT="utgörande"/><SP WIDTH="20" VPOS="917" HPOS="766"/>
							<String ID="string_177" HPOS="786" VPOS="919" WIDTH="63" HEIGHT="20" WC="0.93" CONTENT="ränta"/><SP WIDTH="8" VPOS="919" HPOS="849"/>
							<String ID="string_178" HPOS="857" VPOS="911" WIDTH="13" HEIGHT="38" WC="0.92" CONTENT="&amp;"/><SP WIDTH="21" VPOS="911" HPOS="870"/>
							<String ID="string_179" HPOS="891" VPOS="920" WIDTH="32" HEIGHT="19" WC="0.97" CONTENT="ett"/>
						</TextLine>
						<TextLine ID="line_23" HPOS="173" VPOS="949" WIDTH="750" HEIGHT="28">
							<String ID="string_180" HPOS="173" VPOS="949" WIDTH="53" HEIGHT="21" WC="0.96" CONTENT="visst"/><SP WIDTH="14" VPOS="949" HPOS="226"/>
							<String ID="string_181" HPOS="240" VPOS="949" WIDTH="84" HEIGHT="28" WC="0.93" CONTENT="kapital"/><SP WIDTH="16" VPOS="949" HPOS="324"/>
							<String ID="string_182" HPOS="340" VPOS="950" WIDTH="13" HEIGHT="20" WC="0.92" CONTENT="å"/><SP WIDTH="14" VPOS="950" HPOS="353"/>
							<String ID="string_183" HPOS="367" VPOS="950" WIDTH="68" HEIGHT="21" WC="0.96" CONTENT="andra"/><SP WIDTH="15" VPOS="950" HPOS="435"/>
							<String ID="string_184" HPOS="450" VPOS="951" WIDTH="71" HEIGHT="26" WC="0.95" CONTENT="sidan,"/><SP WIDTH="17" VPOS="951" HPOS="521"/>
							<String ID="string_185" HPOS="538" VPOS="951" WIDTH="69" HEIGHT="21" WC="0.96" CONTENT="skulle"/><SP WIDTH="16" VPOS="951" HPOS="607"/>
							<String ID="string_186" HPOS="623" VPOS="951" WIDTH="34" HEIGHT="21" WC="0.96" CONTENT="för"/><SP WIDTH="14" VPOS="951" HPOS="657"/>
							<String ID="string_187" HPOS="671" VPOS="952" WIDTH="109" HEIGHT="21" WC="0.96" CONTENT="vinnande"/><SP WIDTH="16" VPOS="952" HPOS="780"/>
							<String ID="string_188" HPOS="796" VPOS="952" WIDTH="24" HEIGHT="21" WC="0.96" CONTENT="af"/><SP WIDTH="13" VPOS="952" HPOS="820"/>
							<String ID="string_189" HPOS="833" VPOS="953" WIDTH="90" HEIGHT="20" WC="0.96" CONTENT="rättvisa"/>
						</TextLine>
						<TextLine ID="line_24" HPOS="172" VPOS="984" WIDTH="751" HEIGHT="31">
							<String ID="string_190" HPOS="172" VPOS="984" WIDTH="35" HEIGHT="21" WC="0.96" CONTENT="för"/><SP WIDTH="15" VPOS="984" HPOS="207"/>
							<String ID="string_191" HPOS="222" VPOS="984" WIDTH="85" HEIGHT="21" WC="0.93" CONTENT="landets"/><SP WIDTH="16" VPOS="984" HPOS="307"/>
							<String ID="string_192" HPOS="323" VPOS="984" WIDTH="116" HEIGHT="28" WC="0.92" CONTENT="frälsejord"/><SP WIDTH="15" VPOS="984" HPOS="439"/>
							<String ID="string_193" HPOS="454" VPOS="985" WIDTH="40" HEIGHT="21" WC="0.96" CONTENT="och"/><SP WIDTH="16" VPOS="985" HPOS="494"/>
							<String ID="string_194" HPOS="510" VPOS="985" WIDTH="107" HEIGHT="27" WC="0.96" CONTENT="städerna,"/><SP WIDTH="12" VPOS="985" HPOS="617"/>
							<String ID="string_195" HPOS="629" VPOS="986" WIDTH="127" HEIGHT="28" WC="0.93" CONTENT="ömsesidigt"/><SP WIDTH="15" VPOS="986" HPOS="756"/>
							<String ID="string_196" HPOS="771" VPOS="987" WIDTH="152" HEIGHT="28" WC="0.91" CONTENT="kapitaliseras"/>
						</TextLine>
						<TextLine ID="line_25" HPOS="173" VPOS="1018" WIDTH="566" HEIGHT="30">
							<String ID="string_197" HPOS="173" VPOS="1025" WIDTH="78" HEIGHT="21" WC="0.96" CONTENT="genom"/><SP WIDTH="17" VPOS="1025" HPOS="251"/>
							<String ID="string_198" HPOS="268" VPOS="1018" WIDTH="134" HEIGHT="28" WC="0.96" CONTENT="amortering"/><SP WIDTH="14" VPOS="1018" HPOS="402"/>
							<String ID="string_199" HPOS="416" VPOS="1019" WIDTH="69" HEIGHT="21" WC="0.96" CONTENT="under"/><SP WIDTH="16" VPOS="1019" HPOS="485"/>
							<String ID="string_200" HPOS="501" VPOS="1027" WIDTH="27" HEIGHT="13" WC="0.96" CONTENT="en"/><SP WIDTH="15" VPOS="1027" HPOS="528"/>
							<String ID="string_201" HPOS="543" VPOS="1019" WIDTH="44" HEIGHT="21" WC="0.95" CONTENT="viss"/><SP WIDTH="15" VPOS="1019" HPOS="587"/>
							<String ID="string_202" HPOS="602" VPOS="1019" WIDTH="55" HEIGHT="29" WC="0.96" CONTENT="följd"/><SP WIDTH="14" VPOS="1019" HPOS="657"/>
							<String ID="string_203" HPOS="671" VPOS="1020" WIDTH="24" HEIGHT="21" WC="0.96" CONTENT="af"/><SP WIDTH="14" VPOS="1020" HPOS="695"/>
							<String ID="string_204" HPOS="709" VPOS="1021" WIDTH="30" HEIGHT="20" WC="0.96" CONTENT="år."/>
						</TextLine>
					</TextBlock>
					<TextBlock ID="block_6" HPOS="172" VPOS="1052" WIDTH="753" HEIGHT="409">
						<TextLine ID="line_26" HPOS="239" VPOS="1052" WIDTH="684" HEIGHT="32">
							<String ID="string_205" HPOS="239" VPOS="1052" WIDTH="59" HEIGHT="22" WC="0.92" CONTENT="Herr"/><SP WIDTH="22" VPOS="1052" HPOS="298"/>
							<String ID="string_206" HPOS="320" VPOS="1053" WIDTH="198" HEIGHT="28" WC="0.90" CONTENT="Björkenheim,"/><SP WIDTH="23" VPOS="1053" HPOS="518"/>
							<String ID="string_207" HPOS="541" VPOS="1053" WIDTH="25" HEIGHT="22" WC="0.91" CONTENT="L."/><SP WIDTH="23" VPOS="1053" HPOS="566"/>
							<String ID="string_208" HPOS="589" VPOS="1053" WIDTH="39" HEIGHT="22" WC="0.92" CONTENT="M.:"/><SP WIDTH="21" VPOS="1053" HPOS="628"/>
							<String ID="string_209" HPOS="649" VPOS="1054" WIDTH="162" HEIGHT="30" WC="0.92" CONTENT="Fullkomligen"/><SP WIDTH="20" VPOS="1054" HPOS="811"/>
							<String ID="string_210" HPOS="831" VPOS="1056" WIDTH="92" HEIGHT="22" WC="0.96" CONTENT="delande"/>
						</TextLine>
						<TextLine ID="line_27" HPOS="172" VPOS="1087" WIDTH="750" HEIGHT="31">
							<String ID="string_211" HPOS="172" VPOS="1087" WIDTH="42" HEIGHT="21" WC="0.93" CONTENT="den"/><SP WIDTH="16" VPOS="1087" HPOS="214"/>
							<String ID="string_212" HPOS="230" VPOS="1088" WIDTH="93" HEIGHT="27" WC="0.91" CONTENT="åsigten,"/><SP WIDTH="12" VPOS="1088" HPOS="323"/>
							<String ID="string_213" HPOS="335" VPOS="1089" WIDTH="31" HEIGHT="19" WC="0.93" CONTENT="att"/><SP WIDTH="10" VPOS="1089" HPOS="366"/>
							<String ID="string_214" HPOS="376" VPOS="1088" WIDTH="256" HEIGHT="28" WC="0.90" CONTENT="husbehofsbränningen"/><SP WIDTH="16" VPOS="1088" HPOS="632"/>
							<String ID="string_215" HPOS="648" VPOS="1091" WIDTH="23" HEIGHT="19" WC="0.96" CONTENT="är"/><SP WIDTH="16" VPOS="1091" HPOS="671"/>
							<String ID="string_216" HPOS="687" VPOS="1096" WIDTH="27" HEIGHT="14" WC="0.96" CONTENT="en"/><SP WIDTH="15" VPOS="1096" HPOS="714"/>
							<String ID="string_217" HPOS="729" VPOS="1090" WIDTH="24" HEIGHT="20" WC="0.96" CONTENT="af"/><SP WIDTH="13" VPOS="1090" HPOS="753"/>
							<String ID="string_218" HPOS="766" VPOS="1090" WIDTH="51" HEIGHT="21" WC="0.93" CONTENT="våra"/><SP WIDTH="16" VPOS="1090" HPOS="817"/>
							<String ID="string_219" HPOS="833" VPOS="1091" WIDTH="89" HEIGHT="27" WC="0.91" CONTENT="olyckli-"/>
						</TextLine>
						<TextLine ID="line_28" HPOS="172" VPOS="1121" WIDTH="750" HEIGHT="31">
							<String ID="string_220" HPOS="172" VPOS="1122" WIDTH="61" HEIGHT="27" WC="0.91" CONTENT="gaste"/><SP WIDTH="27" VPOS="1122" HPOS="233"/>
							<String ID="string_221" HPOS="260" VPOS="1121" WIDTH="142" HEIGHT="21" WC="0.93" CONTENT="ekonomiska"/><SP WIDTH="22" VPOS="1121" HPOS="402"/>
							<String ID="string_222" HPOS="424" VPOS="1122" WIDTH="181" HEIGHT="28" WC="0.90" CONTENT="lagstadganden,"/><SP WIDTH="14" VPOS="1122" HPOS="605"/>
							<String ID="string_223" HPOS="619" VPOS="1123" WIDTH="100" HEIGHT="21" WC="0.91" CONTENT="hvarföre"/><SP WIDTH="24" VPOS="1123" HPOS="719"/>
							<String ID="string_224" HPOS="743" VPOS="1124" WIDTH="41" HEIGHT="21" WC="0.96" CONTENT="ock"/><SP WIDTH="21" VPOS="1124" HPOS="784"/>
							<String ID="string_225" HPOS="805" VPOS="1125" WIDTH="117" HEIGHT="27" WC="0.96" CONTENT="högeligen"/>
						</TextLine>
						<TextLine ID="line_29" HPOS="172" VPOS="1156" WIDTH="753" HEIGHT="24">
							<String ID="string_226" HPOS="172" VPOS="1162" WIDTH="51" HEIGHT="14" WC="0.95" CONTENT="vore"/><SP WIDTH="21" VPOS="1162" HPOS="223"/>
							<String ID="string_227" HPOS="244" VPOS="1157" WIDTH="31" HEIGHT="19" WC="0.96" CONTENT="att"/><SP WIDTH="20" VPOS="1157" HPOS="275"/>
							<String ID="string_228" HPOS="295" VPOS="1156" WIDTH="69" HEIGHT="20" WC="0.96" CONTENT="önska"/><SP WIDTH="20" VPOS="1156" HPOS="364"/>
							<String ID="string_229" HPOS="384" VPOS="1156" WIDTH="49" HEIGHT="20" WC="0.96" CONTENT="dess"/><SP WIDTH="21" VPOS="1156" HPOS="433"/>
							<String ID="string_230" HPOS="454" VPOS="1164" WIDTH="63" HEIGHT="14" WC="0.93" CONTENT="snara"/><SP WIDTH="20" VPOS="1164" HPOS="517"/>
							<String ID="string_231" HPOS="537" VPOS="1156" WIDTH="134" HEIGHT="22" WC="0.91" CONTENT="afskaffande"/><SP WIDTH="23" VPOS="1156" HPOS="671"/>
							<String ID="string_232" HPOS="694" VPOS="1158" WIDTH="40" HEIGHT="21" WC="0.92" CONTENT="och"/><SP WIDTH="23" VPOS="1158" HPOS="734"/>
							<String ID="string_233" HPOS="757" VPOS="1159" WIDTH="123" HEIGHT="21" WC="0.92" CONTENT="ersättande"/><SP WIDTH="21" VPOS="1159" HPOS="880"/>
							<String ID="string_234" HPOS="901" VPOS="1159" WIDTH="24" HEIGHT="21" WC="0.96" CONTENT="af"/>
						</TextLine>
						<TextLine ID="line_30" HPOS="173" VPOS="1189" WIDTH="750" HEIGHT="32">
							<String ID="string_235" HPOS="173" VPOS="1189" WIDTH="67" HEIGHT="21" WC="0.96" CONTENT="andra"/><SP WIDTH="21" VPOS="1189" HPOS="240"/>
							<String ID="string_236" HPOS="261" VPOS="1191" WIDTH="69" HEIGHT="19" WC="0.93" CONTENT="större"/><SP WIDTH="20" VPOS="1191" HPOS="330"/>
							<String ID="string_237" HPOS="350" VPOS="1190" WIDTH="236" HEIGHT="29" WC="0.87" CONTENT="fabriksinrättningar,"/><SP WIDTH="21" VPOS="1190" HPOS="586"/>
							<String ID="string_238" HPOS="607" VPOS="1192" WIDTH="63" HEIGHT="20" WC="0.96" CONTENT="deraf"/><SP WIDTH="12" VPOS="1192" HPOS="670"/>
							<String ID="string_239" HPOS="682" VPOS="1194" WIDTH="72" HEIGHT="20" WC="0.96" CONTENT="staten"/><SP WIDTH="13" VPOS="1194" HPOS="754"/>
							<String ID="string_240" HPOS="767" VPOS="1193" WIDTH="73" HEIGHT="21" WC="0.96" CONTENT="kunde"/><SP WIDTH="16" VPOS="1193" HPOS="840"/>
							<String ID="string_241" HPOS="856" VPOS="1193" WIDTH="67" HEIGHT="28" WC="0.96" CONTENT="draga"/>
						</TextLine>
						<TextLine ID="line_31" HPOS="172" VPOS="1223" WIDTH="751" HEIGHT="31">
							<String ID="string_242" HPOS="172" VPOS="1223" WIDTH="99" HEIGHT="28" WC="0.93" CONTENT="betydlig"/><SP WIDTH="19" VPOS="1223" HPOS="271"/>
							<String ID="string_243" HPOS="290" VPOS="1224" WIDTH="107" HEIGHT="27" WC="0.92" CONTENT="pekuniär"/><SP WIDTH="20" VPOS="1224" HPOS="397"/>
							<String ID="string_244" HPOS="417" VPOS="1224" WIDTH="105" HEIGHT="27" WC="0.96" CONTENT="inkomst,"/><SP WIDTH="15" VPOS="1224" HPOS="522"/>
							<String ID="string_245" HPOS="537" VPOS="1227" WIDTH="53" HEIGHT="19" WC="0.96" CONTENT="utan"/><SP WIDTH="16" VPOS="1227" HPOS="590"/>
							<String ID="string_246" HPOS="606" VPOS="1228" WIDTH="31" HEIGHT="18" WC="0.96" CONTENT="att"/><SP WIDTH="16" VPOS="1228" HPOS="637"/>
							<String ID="string_247" HPOS="653" VPOS="1226" WIDTH="55" HEIGHT="21" WC="0.96" CONTENT="dock"/><SP WIDTH="16" VPOS="1226" HPOS="708"/>
							<String ID="string_248" HPOS="724" VPOS="1226" WIDTH="41" HEIGHT="21" WC="0.96" CONTENT="den"/><SP WIDTH="16" VPOS="1226" HPOS="765"/>
							<String ID="string_249" HPOS="781" VPOS="1228" WIDTH="69" HEIGHT="26" WC="0.93" CONTENT="årliga"/><SP WIDTH="9" VPOS="1228" HPOS="850"/>
							<String ID="string_250" HPOS="859" VPOS="1228" WIDTH="64" HEIGHT="20" WC="0.93" CONTENT="brän-"/>
						</TextLine>
						<TextLine ID="line_32" HPOS="172" VPOS="1256" WIDTH="749" HEIGHT="31">
							<String ID="string_251" HPOS="172" VPOS="1256" WIDTH="187" HEIGHT="28" WC="0.92" CONTENT="vinsbränningen"/><SP WIDTH="22" VPOS="1256" HPOS="359"/>
							<String ID="string_252" HPOS="381" VPOS="1257" WIDTH="28" HEIGHT="28" WC="0.96" CONTENT="på"/><SP WIDTH="23" VPOS="1257" HPOS="409"/>
							<String ID="string_253" HPOS="432" VPOS="1257" WIDTH="36" HEIGHT="21" WC="0.96" CONTENT="det"/><SP WIDTH="22" VPOS="1257" HPOS="468"/>
							<String ID="string_254" HPOS="490" VPOS="1258" WIDTH="50" HEIGHT="21" WC="0.96" CONTENT="hela"/><SP WIDTH="22" VPOS="1258" HPOS="540"/>
							<String ID="string_255" HPOS="562" VPOS="1259" WIDTH="59" HEIGHT="20" WC="0.96" CONTENT="inom"/><SP WIDTH="22" VPOS="1259" HPOS="621"/>
							<String ID="string_256" HPOS="643" VPOS="1259" WIDTH="74" HEIGHT="21" WC="0.93" CONTENT="landet"/><SP WIDTH="22" VPOS="1259" HPOS="717"/>
							<String ID="string_257" HPOS="739" VPOS="1260" WIDTH="94" HEIGHT="21" WC="0.92" CONTENT="behöfde"/><SP WIDTH="27" VPOS="1260" HPOS="833"/>
							<String ID="string_258" HPOS="860" VPOS="1260" WIDTH="61" HEIGHT="27" WC="0.96" CONTENT="ökas,"/>
						</TextLine>
						<TextLine ID="line_33" HPOS="173" VPOS="1290" WIDTH="748" HEIGHT="30">
							<String ID="string_259" HPOS="173" VPOS="1297" WIDTH="63" HEIGHT="14" WC="0.96" CONTENT="anser"/><SP WIDTH="13" VPOS="1297" HPOS="236"/>
							<String ID="string_260" HPOS="249" VPOS="1291" WIDTH="39" HEIGHT="27" WC="0.96" CONTENT="jag"/><SP WIDTH="16" VPOS="1291" HPOS="288"/>
							<String ID="string_261" HPOS="304" VPOS="1290" WIDTH="55" HEIGHT="21" WC="0.96" CONTENT="dock"/><SP WIDTH="15" VPOS="1290" HPOS="359"/>
							<String ID="string_262" HPOS="374" VPOS="1291" WIDTH="34" HEIGHT="20" WC="0.96" CONTENT="för"/><SP WIDTH="16" VPOS="1291" HPOS="408"/>
							<String ID="string_263" HPOS="424" VPOS="1291" WIDTH="89" HEIGHT="21" WC="0.93" CONTENT="alldeles"/><SP WIDTH="16" VPOS="1291" HPOS="513"/>
							<String ID="string_264" HPOS="529" VPOS="1292" WIDTH="69" HEIGHT="28" WC="0.92" CONTENT="gifvet"/><SP WIDTH="16" VPOS="1292" HPOS="598"/>
							<String ID="string_265" HPOS="614" VPOS="1293" WIDTH="39" HEIGHT="20" WC="0.96" CONTENT="och"/><SP WIDTH="16" VPOS="1293" HPOS="653"/>
							<String ID="string_266" HPOS="669" VPOS="1293" WIDTH="93" HEIGHT="22" WC="0.96" CONTENT="bestämt"/><SP WIDTH="15" VPOS="1293" HPOS="762"/>
							<String ID="string_267" HPOS="777" VPOS="1295" WIDTH="32" HEIGHT="20" WC="0.96" CONTENT="att"/><SP WIDTH="10" VPOS="1295" HPOS="809"/>
							<String ID="string_268" HPOS="819" VPOS="1294" WIDTH="42" HEIGHT="21" WC="0.92" CONTENT="den"/><SP WIDTH="11" VPOS="1294" HPOS="861"/>
							<String ID="string_269" HPOS="872" VPOS="1296" WIDTH="49" HEIGHT="19" WC="0.92" CONTENT="när-"/>
						</TextLine>
						<TextLine ID="line_34" HPOS="172" VPOS="1325" WIDTH="750" HEIGHT="29">
							<String ID="string_270" HPOS="172" VPOS="1325" WIDTH="95" HEIGHT="21" WC="0.93" CONTENT="varande"/><SP WIDTH="19" VPOS="1325" HPOS="267"/>
							<String ID="string_271" HPOS="286" VPOS="1325" WIDTH="268" HEIGHT="29" WC="0.91" CONTENT="husbehofsbränningen,"/><SP WIDTH="17" VPOS="1325" HPOS="554"/>
							<String ID="string_272" HPOS="571" VPOS="1327" WIDTH="64" HEIGHT="21" WC="0.93" CONTENT="äfven"/><SP WIDTH="20" VPOS="1327" HPOS="635"/>
							<String ID="string_273" HPOS="655" VPOS="1327" WIDTH="113" HEIGHT="22" WC="0.92" CONTENT="bedrifven"/><SP WIDTH="15" VPOS="1327" HPOS="768"/>
							<String ID="string_274" HPOS="783" VPOS="1328" WIDTH="8" HEIGHT="21" WC="0.96" CONTENT="i"/><SP WIDTH="15" VPOS="1328" HPOS="791"/>
							<String ID="string_275" HPOS="806" VPOS="1329" WIDTH="37" HEIGHT="20" WC="0.93" CONTENT="sitt"/><SP WIDTH="16" VPOS="1329" HPOS="843"/>
							<String ID="string_276" HPOS="859" VPOS="1329" WIDTH="63" HEIGHT="21" WC="0.92" CONTENT="ofull-"/>
						</TextLine>
						<TextLine ID="line_35" HPOS="172" VPOS="1359" WIDTH="750" HEIGHT="32">
							<String ID="string_277" HPOS="172" VPOS="1359" WIDTH="100" HEIGHT="28" WC="0.96" CONTENT="ständiga"/><SP WIDTH="15" VPOS="1359" HPOS="272"/>
							<String ID="string_278" HPOS="287" VPOS="1359" WIDTH="68" HEIGHT="27" WC="0.96" CONTENT="skick,"/><SP WIDTH="16" VPOS="1359" HPOS="355"/>
							<String ID="string_279" HPOS="371" VPOS="1359" WIDTH="55" HEIGHT="22" WC="0.93" CONTENT="dock"/><SP WIDTH="15" VPOS="1359" HPOS="426"/>
							<String ID="string_280" HPOS="441" VPOS="1360" WIDTH="83" HEIGHT="21" WC="0.91" CONTENT="lemnar"/><SP WIDTH="15" VPOS="1360" HPOS="524"/>
							<String ID="string_281" HPOS="539" VPOS="1361" WIDTH="42" HEIGHT="21" WC="0.93" CONTENT="den"/><SP WIDTH="12" VPOS="1361" HPOS="581"/>
							<String ID="string_282" HPOS="593" VPOS="1361" WIDTH="121" HEIGHT="29" WC="0.91" CONTENT="ordentlige"/><SP WIDTH="9" VPOS="1361" HPOS="714"/>
							<String ID="string_283" HPOS="723" VPOS="1363" WIDTH="160" HEIGHT="28" WC="0.92" CONTENT="jordbrukaren"/><SP WIDTH="12" VPOS="1363" HPOS="883"/>
							<String ID="string_284" HPOS="895" VPOS="1370" WIDTH="27" HEIGHT="15" WC="0.96" CONTENT="en"/>
						</TextLine>
						<TextLine ID="line_36" HPOS="172" VPOS="1394" WIDTH="750" HEIGHT="31">
							<String ID="string_285" HPOS="172" VPOS="1394" WIDTH="82" HEIGHT="28" WC="0.96" CONTENT="ganska"/><SP WIDTH="16" VPOS="1394" HPOS="254"/>
							<String ID="string_286" HPOS="270" VPOS="1394" WIDTH="98" HEIGHT="28" WC="0.96" CONTENT="betydlig"/><SP WIDTH="15" VPOS="1394" HPOS="368"/>
							<String ID="string_287" HPOS="383" VPOS="1395" WIDTH="56" HEIGHT="28" WC="0.96" CONTENT="årlig"/><SP WIDTH="14" VPOS="1395" HPOS="439"/>
							<String ID="string_288" HPOS="453" VPOS="1395" WIDTH="96" HEIGHT="21" WC="0.96" CONTENT="inkomst"/><SP WIDTH="16" VPOS="1395" HPOS="549"/>
							<String ID="string_289" HPOS="565" VPOS="1396" WIDTH="40" HEIGHT="21" WC="0.96" CONTENT="och"/><SP WIDTH="15" VPOS="1396" HPOS="605"/>
							<String ID="string_290" HPOS="620" VPOS="1398" WIDTH="31" HEIGHT="25" WC="0.96" CONTENT="att"/><SP WIDTH="16" VPOS="1398" HPOS="651"/>
							<String ID="string_291" HPOS="667" VPOS="1397" WIDTH="71" HEIGHT="21" WC="0.93" CONTENT="denna"/><SP WIDTH="15" VPOS="1397" HPOS="738"/>
							<String ID="string_292" HPOS="753" VPOS="1397" WIDTH="86" HEIGHT="21" WC="0.92" CONTENT="derföre"/><SP WIDTH="16" VPOS="1397" HPOS="839"/>
							<String ID="string_293" HPOS="855" VPOS="1398" WIDTH="19" HEIGHT="27" WC="0.96" CONTENT="ej"/><SP WIDTH="13" VPOS="1398" HPOS="874"/>
							<String ID="string_294" HPOS="887" VPOS="1398" WIDTH="35" HEIGHT="21" WC="0.96" CONTENT="må"/>
						</TextLine>
						<TextLine ID="line_37" HPOS="172" VPOS="1428" WIDTH="749" HEIGHT="33">
							<String ID="string_295" HPOS="172" VPOS="1429" WIDTH="41" HEIGHT="20" WC="0.96" CONTENT="den"/><SP WIDTH="15" VPOS="1429" HPOS="213"/>
							<String ID="string_296" HPOS="228" VPOS="1429" WIDTH="8" HEIGHT="20" WC="0.96" CONTENT="i"/><SP WIDTH="16" VPOS="1429" HPOS="236"/>
							<String ID="string_297" HPOS="252" VPOS="1428" WIDTH="42" HEIGHT="21" WC="0.93" CONTENT="alla"/><SP WIDTH="16" VPOS="1428" HPOS="294"/>
							<String ID="string_298" HPOS="310" VPOS="1429" WIDTH="118" HEIGHT="22" WC="0.92" CONTENT="afseenden"/><SP WIDTH="16" VPOS="1429" HPOS="428"/>
							<String ID="string_299" HPOS="444" VPOS="1429" WIDTH="24" HEIGHT="22" WC="0.96" CONTENT="så"/><SP WIDTH="15" VPOS="1429" HPOS="468"/>
							<String ID="string_300" HPOS="483" VPOS="1432" WIDTH="63" HEIGHT="27" WC="0.96" CONTENT="tungt"/><SP WIDTH="15" VPOS="1432" HPOS="546"/>
							<String ID="string_301" HPOS="561" VPOS="1431" WIDTH="111" HEIGHT="22" WC="0.96" CONTENT="belastade"/><SP WIDTH="13" VPOS="1431" HPOS="672"/>
							<String ID="string_302" HPOS="685" VPOS="1431" WIDTH="80" HEIGHT="30" WC="0.96" CONTENT="jorden"/><SP WIDTH="12" VPOS="1431" HPOS="765"/>
							<String ID="string_303" HPOS="777" VPOS="1432" WIDTH="80" HEIGHT="28" WC="0.96" CONTENT="kunna,"/><SP WIDTH="12" VPOS="1432" HPOS="857"/>
							<String ID="string_304" HPOS="869" VPOS="1434" WIDTH="52" HEIGHT="22" WC="0.96" CONTENT="utan"/>
						</TextLine>
					</TextBlock>
				</ComposedBlock>
			</PrintSpace>
		</Page>
	</Layout>
</alto>
