992 1695
220 141 40 20 180

191 207 33 18 ter
246 205 51 20 herr
316 211 42 14 von
379 204 58 21 Born
458 205 84 26 uttalat,
564 206 50 19 utan
635 204 127 21 instämmer
781 204 133 28 fullkomligt
934 204 6 21 i

192 238 57 28 dem,
268 245 47 14 som
336 238 23 21 af
376 239 75 20 herrar
472 238 121 21 Schauman
609 238 40 21 och
664 238 128 28 Lagerborg
807 238 72 21 blifvit
899 240 42 26 ytt-

190 274 58 21 rade.
278 273 83 21 Genom
378 272 42 22 den
436 272 132 27 diskussion,
583 279 45 14 som
645 271 90 22 sålunda
750 272 6 20 i
773 272 42 28 dag
829 273 112 25 förevarit,

189 308 39 21 har
241 308 39 27 jag
296 307 70 21 blifvit
381 307 85 21 befriad
484 307 48 21 från
548 306 153 28 skyldigheten
720 309 32 18 att
767 308 99 19 närmare
881 308 8 19 i
905 307 36 20 da-

190 349 42 22 gen
252 342 66 28 lägga
336 341 26 21 de
383 341 57 27 skäl,
460 348 46 14 som
521 341 90 21 förmått
631 341 45 28 mig
691 343 32 19 att
738 338 86 24 anhålla
839 339 37 22 det
896 340 44 21 min

189 377 92 28 petition
298 376 69 21 skulle
383 376 25 21 af
420 376 42 21 alla
479 376 89 21 stånden
585 377 135 27 gemensamt
729 377 114 26 upptagas.
873 374 70 22 Deraf

190 412 64 27 följer
275 411 66 20 också
360 412 31 19 ett
411 410 150 28 berättigande
581 412 33 19 att
634 410 83 27 fordra,
734 410 36 20 det
789 410 86 20 ståndet
890 410 51 21 ville

190 445 68 22 uttala
274 445 33 21 sin
322 445 64 27 åsigt,
401 445 106 20 huruvida
520 445 39 27 jag
573 444 76 28 begått
665 446 32 19 ett
711 444 87 21 formfel
814 444 6 20 i
836 444 50 21 mitt
896 451 45 14 me-

189 479 78 22 morial
282 479 53 21 eller
350 479 55 26 icke,
422 479 39 20 och
474 480 39 27 jag
528 479 98 20 anhåller
637 480 31 19 att
678 479 51 20 herr
739 478 200 21 landtmarskalken

190 515 67 20 måtte
272 513 120 22 framställa
406 513 135 28 proposition
556 512 76 21 härom
648 513 32 20 till
697 511 92 22 ståndet.

257 546 104 23 Friherre
380 547 139 28 Carpelan:
540 546 42 28 Jag
601 547 40 20 har
660 547 56 21 blott
735 548 72 19 ansett
826 547 45 28 mig
888 547 53 20 böra

190 584 86 25 nämna,
290 582 37 21 det
340 582 39 27 jag
394 582 20 27 ej
431 581 84 22 kunnat
530 581 55 22 fatta
601 583 72 25 annat,
685 583 26 19 än
723 582 32 19 att
766 581 174 21 besvärsutskot-

189 619 32 18 tet
235 616 80 21 bildats
330 615 34 22 för
379 615 85 22 ståndet
480 615 81 22 enskilt
575 615 41 21 och
631 616 21 27 ej
668 617 143 26 gemensamt.

258 651 59 20 Herr
331 649 109 27 Linder,
456 650 23 21 C.
495 651 26 20 A.
537 649 76 22 Ernst:
633 649 43 28 Jag
690 649 99 22 anhåller
805 651 32 19 att
851 649 88 28 upplys-

189 685 98 28 ningsvis
302 684 23 21 fä
339 684 106 27 meddela,
460 687 33 18 att
507 684 36 21 vid
557 684 74 27 Borgä
645 683 105 29 landtdag
763 684 88 28 afgingo
862 684 79 21 visser-

190 720 59 27 ligen
270 719 20 28 ej
310 719 69 28 nägra
396 719 78 21 besvär
490 719 23 20 af
527 719 91 21 ständen
634 720 145 26 gemensamt,
795 725 50 14 men
861 719 24 20 af
897 719 43 20 rid-

190 754 117 28 derskapet
325 753 41 22 och
385 753 75 21 adelns
479 753 134 28 protokoller
632 753 70 20 finner
720 760 60 19 man,
799 754 32 19 att
851 753 36 20 det
902 760 38 14 var

189 789 95 20 beslutet
304 789 32 19 att
354 795 27 13 en
401 787 73 21 adress
493 787 48 22 frän
562 787 43 20 alla
626 787 90 21 ständen
733 787 69 21 skulle
818 794 79 21 genom
913 794 26 14 en

190 823 45 20 stor
256 822 126 27 deputation
401 822 51 27 afgä
471 821 34 21 till
519 822 28 21 H.
567 821 62 27 Maj:t
649 821 116 28 Kejsaren.
795 821 50 21 Den
867 821 74 28 afgick

189 856 67 21 likväl
272 857 20 27 ej
308 856 24 21 af
342 855 54 27 skäl,
412 863 46 13 som
470 856 39 27 jag
524 856 20 27 ej
560 855 91 27 känner,
666 862 50 14 men
732 855 65 21 häraf
809 862 65 21 synes
885 855 55 21 dock

190 891 32 20 att
237 889 117 22 ständerne
369 890 81 27 ansägo
466 889 33 28 sig
514 889 137 28 berättigade
665 891 33 19 att
713 890 52 27 ingä
779 889 49 21 med
845 896 26 14 en
885 889 56 28 peti-

190 924 46 21 tion
251 924 34 21 till
295 924 115 28 Kejsaren.
441 924 43 27 Jag
499 924 69 21 skulle
584 923 66 28 bedja
665 926 32 19 att
712 924 23 21 af
749 923 66 28 sagde
830 924 111 28 protokoll

189 958 39 21 här
243 958 22 21 fä
280 959 91 28 uppläsa
386 957 106 29 följande:

259 992 69 27 yHerr
343 992 68 21 baron
428 992 40 21 och
486 992 202 21 landtmarskalken
702 992 101 21 förmälte
818 991 75 22 vidare
909 994 32 19 att

189 1027 67 20 sedan
276 1027 118 27 högloflige
414 1026 151 29 ridderskapet
584 1026 40 21 och
640 1026 63 21 adeln
719 1027 8 20 i
743 1026 118 28 anledning
877 1027 24 20 af
914 1026 26 21 de

189 1063 78 19 trenne
283 1061 70 27 öfrige
368 1060 125 28 respektive
509 1061 102 20 ständens
627 1061 80 20 fattade
723 1061 78 26 beslut,
815 1062 32 19 att
861 1067 79 21 genom

189 1102 27 13 en
237 1097 45 18 stor
302 1095 127 27 deputation
448 1095 33 20 till
501 1095 28 20 H.
550 1094 27 21 K.
598 1095 62 26 Maj:t
675 1095 37 20 vid
727 1095 50 21 dess
792 1095 101 20 ankomst
907 1095 33 20 hit

189 1129 33 20 till
233 1128 77 21 staden
320 1129 8 20 i
338 1128 173 28 underdänighet
524 1129 134 20 öfverlemna
670 1136 27 13 en
711 1129 74 21 adress
793 1129 93 20 rörande
897 1129 43 20 den

188 1163 110 21 allmänna
317 1162 130 21 säkerheten
464 1163 40 20 och
519 1163 121 27 ersättning
657 1163 34 20 för
709 1163 68 21 under
792 1163 72 27 kriget
879 1163 60 20 lidne

189 1197 112 26 förluster,
317 1197 71 20 deruti
400 1197 64 20 äfven
480 1197 86 20 förenat
581 1197 34 28 sig
628 1197 50 20 med
693 1197 48 20 sine
756 1196 157 22 medständer.*

257 1231 32 20 Af
305 1231 63 20 dessa
383 1231 63 20 rader
460 1238 63 20 synes
539 1233 32 18 att
585 1231 92 20 ständen
692 1233 83 18 ansetts
791 1231 34 27 sig
840 1233 41 25 äga
896 1233 44 18 rätt

189 1266 33 18 att
236 1264 86 20 besluta
337 1271 35 13 om
392 1271 162 20 gemensamma
572 1265 85 26 besvär,
674 1265 69 20 ehuru
757 1265 95 20 beslutet
867 1265 72 19 seder-

188 1304 61 15 mera
263 1298 49 21 icke
328 1298 49 28 gick
392 1298 7 20 i
415 1297 172 29 verkställighet.

256 1333 82 21 Grefve
354 1333 104 21 Creutz:
474 1333 50 20 Med
538 1333 119 28 anledning
667 1333 24 21 af
699 1333 56 21 hvad
765 1333 50 21 herr
826 1340 41 15 von
879 1333 60 22 Born

188 1369 78 27 yttrat,
282 1368 38 21 vill
336 1369 39 27 jag
390 1369 89 25 nämna,
495 1367 36 21 det
543 1368 40 28 jag
598 1368 54 20 visst
667 1367 48 21 icke
732 1370 57 25 sagt,
805 1369 32 20 att
853 1369 31 20 ett
899 1369 39 20 all-

188 1404 59 19 mänt
261 1402 173 21 besvärsutskott
449 1409 52 14 vore
511 1402 89 21 alldeles
611 1402 139 28 nödvändigt.
781 1402 43 28 Jag
834 1403 39 20 har
883 1403 56 21 blott

187 1438 68 27 yttrat
270 1439 32 18 att
317 1436 27 21 dä
360 1439 31 18 ett
406 1437 77 20 sädant
497 1437 67 20 redan
581 1438 23 19 är
614 1437 93 26 nedsatt,
718 1437 84 20 hvilket
813 1438 23 20 är
847 1437 92 22 faktiskt
