992 1698
209 128 39 20 156

317 205 63 27 Den
402 207 16 25 5
441 205 126 34 oktober,
592 204 39 27 kl.
655 205 35 26 11
712 205 18 26 f.
752 214 35 17 m.

246 262 43 20 Till
298 262 110 28 justering
419 263 110 28 upplästes
537 262 36 21 det
583 261 36 22 vid
630 261 161 28 ridderskapets
799 261 40 22 och
847 260 76 22 adelns

178 297 159 20 sammanträde
352 297 42 20 den
410 298 26 20 28
451 297 117 28 nyssvikne
589 297 122 28 september
729 296 62 21 förda
806 296 116 29 protokoll.

244 330 59 21 Herr
325 331 199 22 landtmarskalken
547 331 146 28 tillkännagaf
711 333 31 18 att
761 331 162 21 vederbörande

179 365 109 20 elektorer
302 365 24 20 af
344 365 161 29 ridderskapets
525 365 40 21 och
579 365 76 21 adelns
670 366 69 21 första
757 365 59 21 klass
836 365 88 21 anställt

178 400 34 20 val
227 399 34 21 till
276 399 115 28 suppleant
406 401 7 19 i
428 399 181 22 bankutskottet
600 395 9 36 i
623 400 72 20 stället
705 399 34 22 för
752 400 74 27 grefve
839 399 86 27 Creutz,

177 441 46 12 som
239 433 50 21 med
303 433 97 22 ständets
416 434 130 28 begifvande
561 434 70 27 afsagt
642 435 33 26 sig
689 434 93 21 nämnde
794 434 130 27 befattning,

178 467 40 21 och
234 467 72 21 dertill
321 470 67 19 utsett
402 476 35 13 n:o
453 469 27 20 29
494 468 92 21 friherre
605 468 114 28 Hisinger,
739 467 87 22 Edvard
845 468 80 21 Viktor

179 501 85 29 Eugen.

247 564 117 29 Upplästes
379 566 162 22 vederbörande
555 566 119 22 elektorers
689 566 108 28 protokoll
812 566 36 20 vid
863 566 6 20 i
885 566 42 28 dag

180 600 68 20 hållet
264 600 159 22 sammanträde
438 601 34 21 till
487 601 104 21 utseende
607 600 24 22 af
644 608 27 14 en
690 600 93 22 medlem
803 600 24 22 af
844 600 82 22 ridder-

180 634 78 28 skapet
273 635 39 20 och
328 634 64 22 adeln
407 636 35 20 för
457 638 31 18 att
504 636 113 21 öfvervara
635 636 265 20 talmanskonferenserna
919 635 7 20 i

180 668 73 21 stället
268 669 35 21 för
319 669 75 28 grefve
410 669 85 28 Creutz,
511 678 46 14 som
570 670 27 29 på
615 670 95 28 begäran
730 670 72 21 blifvit
821 670 48 21 från
889 670 37 20 be-

180 702 64 22 rörde
260 703 124 22 förtroende
400 704 111 28 frikallad;
527 706 24 20 af
563 704 83 22 hvilket
663 704 109 28 protokoll
791 704 137 21 inhemtades

181 739 33 19 att
228 737 36 21 vid
284 738 95 21 anstäldt
399 739 34 20 val
456 740 91 20 tillfallit
569 739 91 21 friherre
679 746 43 14 von
737 739 132 21 Haartmans
885 739 42 20 för-

181 771 104 28 myndare
301 772 50 21 herr
365 780 43 14 von
423 773 67 27 Born,
505 774 71 21 Johan
591 774 92 27 August,
700 773 63 27 elfva,
779 774 74 27 grefve
868 774 60 20 Ami-

182 806 46 20 noff
242 806 43 27 nio,
299 807 91 22 friherre
406 808 143 21 Cedercreutz
564 808 37 21 tvä
616 808 39 21 och
671 808 92 21 friherre
777 808 151 21 Mannerheim

182 847 28 14 en
224 842 57 26 röst;
297 842 33 21 till
341 842 55 29 följd
405 842 78 22 hvaraf
492 843 142 22 omförmälde
646 842 99 29 uppdrag
752 842 71 22 blifvit
835 842 32 22 till
879 842 50 21 herr

181 882 42 14 von
239 875 60 22 Born
315 876 164 23 öfverlemnadt.

250 948 44 20 För
314 949 32 19 att
366 954 34 14 om
420 948 62 20 dessa
501 947 35 21 val
555 947 126 21 underrätta
701 947 26 21 de
747 948 70 28 öfriga
839 947 92 22 stånden

183 984 73 28 afgick
271 990 27 14 en
316 982 132 28 deputation,
468 982 88 21 hvilken
577 982 55 21 efter
654 982 70 27 nägon
746 982 65 21 stund
831 983 98 21 äterkom

184 1019 39 21 och
239 1018 94 21 anmälte
349 1018 31 20 att
399 1017 121 27 uppdraget
540 1016 71 21 blifvit
631 1016 40 21 hos
690 1018 83 26 presta-
789 1018 39 20 och
849 1018 80 20 bonde-

184 1052 91 22 ständen
290 1051 122 28 fullgjordt,
427 1058 49 14 men
492 1052 33 20 att
541 1050 180 29 borgareständet
736 1051 48 21 icke
797 1052 7 20 i
815 1052 43 28 dag
873 1052 56 21 hade

183 1086 167 22 sammanträde.

252 1154 123 28 Föredrogs
390 1154 62 21 Hans
467 1153 124 29 Kejserliga
606 1153 113 28 Majestäts
734 1153 79 29 nädiga
831 1154 100 28 proposi-

186 1192 45 19 tion
244 1198 35 13 n:o
290 1190 27 20 28
326 1188 112 28 angäende
447 1189 94 21 revision
549 1188 24 21 af
581 1188 181 28 författningarne
773 1196 35 13 om
815 1189 116 27 personela

185 1223 222 28 kronoutskyldernas
418 1223 78 27 belopp
507 1222 37 22 och
555 1222 123 28 grunderna
688 1223 34 21 för
735 1223 62 21 deras
810 1223 121 27 utgörande

184 1259 56 19 samt
256 1264 33 14 om
306 1263 24 14 en
348 1256 80 20 allmän
443 1256 110 28 reglering
568 1256 24 20 af
605 1255 62 21 dessa
682 1255 119 28 utskylder.

253 1291 71 20 Sedan
338 1290 51 20 herr
404 1290 200 20 landtmarskalken
614 1289 111 21 hemställt
735 1290 34 20 till
781 1289 151 29 ridderskapet

184 1326 41 20 och
240 1325 71 26 adeln,
326 1324 107 21 huruvida
447 1324 163 28 propositionen
630 1324 66 21 borde
716 1324 34 20 till
770 1324 161 21 statsutskottet

184 1360 130 26 remitteras,
329 1358 86 29 yttrade

254 1394 57 21 Herr
327 1400 47 15 von
389 1393 154 27 Bonsdorff,
559 1393 71 21 Johan
642 1393 97 21 Gabriel:
751 1394 70 21 denna
835 1395 97 27 proposi-

186 1429 45 21 tion
248 1431 35 19 rör
296 1427 81 29 jemväl
393 1427 160 28 ridderskapets
573 1428 38 21 och
631 1428 74 21 adelns
725 1429 100 21 enskilda
845 1429 87 28 angelä-
