1086 1798
210 130 41 22 806
453 139 24 17 R.
491 143 18 13 o.
521 139 25 17 A.
558 139 62 17 1900.
645 140 27 16 23
684 140 48 20 Maj.

181 205 57 21 inom
261 208 32 18 ett
314 206 93 28 omräde,
423 214 46 14 som
490 209 24 19 är
534 207 45 21 helt
600 207 41 22 och
661 207 67 22 hället
748 208 6 21 i
777 206 105 23 afsaknad
904 207 24 21 af
942 208 66 21 andra

182 233 265 23 kommunikationsmedel
461 237 27 19 än
505 236 133 28 landsvägar.
670 236 69 22 Deaf
754 236 35 22 Hr
804 236 101 21 Granfelt
916 236 93 22 nämnda

183 262 93 22 banorna
297 264 6 20 i
323 265 57 20 östra
401 264 74 22 landet
495 266 37 20 äro
547 265 32 21 till
594 268 46 18 stor
654 264 35 22 del
706 265 156 21 konkurrenter
877 265 31 21 till
925 268 84 18 vatten-

182 290 64 22 leder.
276 291 34 22 De
326 292 127 27 landsdelar,
468 301 78 20 genom
561 293 74 21 hvilka
650 293 28 21 de
694 294 68 21 skulle
778 293 66 26 ledas,
860 293 64 21 hafva
936 294 72 21 halfva

182 319 46 22 äret
248 327 34 14 om
305 328 26 13 en
354 321 126 29 begvämare
502 322 231 22 kommunikationsled
756 323 6 21 i
784 322 154 28 ängbätslinjer
956 323 52 21 än
993 315 17 39 i

176 344 100 58 Jernväg.
306 349 44 21 Det
367 349 87 22 område
469 350 52 28 åter,
536 358 46 14 som
598 351 69 21 skulle
682 351 125 28 tillgodoses
823 358 76 20 genom
915 351 94 21 Kemi—

202 378 106 20 ovaniemi
325 378 76 27 banan,
411 379 120 21 utsträcker
546 380 33 27 sig
594 380 62 21 öfver
672 387 26 13 en
714 380 24 21 sä
753 383 46 18 stor
814 379 34 21 del
859 380 23 20 af
893 380 72 20 landet
978 382 30 19 att

181 405 107 29 knappast
308 406 70 28 nägon
397 415 70 13 annan
490 408 54 21 bana
564 408 69 21 skulle
656 408 72 21 kunna
746 408 122 29 uppdragas
884 408 28 28 pä
927 409 81 25 kartan,

181 434 87 21 hvilken
290 435 68 21 skulle
381 436 84 22 sträcka
487 437 46 21 sina
555 437 129 28 verkningar
699 437 31 21 till
747 441 30 17 ett
793 437 155 21 vidsträektare
964 444 44 14 om-

181 462 57 22 råde,
269 463 43 21 Det
333 466 24 19 är
376 464 47 22 icke
445 472 43 21 nog
508 465 48 21 med
576 468 32 18 att
622 473 49 14 man
688 466 105 21 beräknar
809 466 81 20 banans
905 466 102 20 trafikzon

181 491 32 21 till
235 493 27 20 20
282 492 111 22 kilometer
414 494 27 28 pä
456 494 105 21 hvardera
577 494 61 21 sidan
654 502 34 13 om
705 494 76 25 banan,
797 497 51 18 utan
864 502 46 13 man
928 494 38 21 bör
980 494 28 28 gä

182 524 74 18 norrut
276 521 56 21 ända
352 522 32 21 till
402 522 105 22 Ishafvet.
536 522 44 22 Det
595 524 23 20 är
633 523 68 21 kändt
715 526 32 18 att
761 523 128 21 Rovaniemi
904 525 62 25 utgör
982 530 25 14 en

183 549 118 28 stapelstad
324 550 34 21 för
380 551 41 21 alla
444 551 34 24 de,
496 552 126 28 visserligen
644 552 56 28 glest
722 552 113 20 befolkade
855 552 86 25 trakter,
962 559 45 14 som

182 578 85 21 sträcka
283 580 33 26 sig
333 586 48 14 norr
397 587 33 13 om
446 580 118 28 poleirkeln
580 580 32 21 till
628 580 104 22 Ishafvet.
762 580 78 21 Denna
851 580 157 28 omständighet

180 606 106 22 förklarar
301 607 65 22 ocksä
381 608 27 22 de
424 609 22 20 af
461 608 34 22 Hr
510 608 84 22 Schildt
610 609 90 21 anförda
711 609 99 21 siffrorna
821 616 34 14 om
867 610 141 20 varuomsiitt-

180 635 79 27 ningen
281 636 7 20 i
309 636 134 22 Rovaniemi.
472 637 43 21 Om
537 645 27 13 nu
585 637 121 22 Ständerna
728 637 83 22 besluta
827 640 32 19 att
873 637 84 21 anhälla
973 644 33 14 om

180 671 34 41 pä
236 665 78 26 oon
336 665 31 21 till
390 667 61 20 nästa
474 665 102 28 landtdag
597 666 35 21 för
652 666 71 28 nägon
743 667 96 27 jernväg,
855 666 24 21 sä
900 668 22 19 är
937 666 71 21 denna

196 699 40 14 ana
252 693 113 28 onekligen
381 694 48 26 den,
444 702 45 13 som
506 695 38 20 bör
559 695 73 21 ställas
648 695 6 21 i
665 695 89 20 främsta
765 698 100 23 rummet;
881 695 40 21 och
931 695 77 20 tvekar

179 721 36 28 jag
236 721 72 22 derför
329 723 48 20 icke
398 726 31 18 att
448 723 87 21 förorda
557 723 123 22 Utskottets
699 723 82 28 förslag
797 724 4 20 i
818 723 70 21 denna
904 723 40 26 del,
960 731 46 13 men

180 751 23 19 är
221 750 36 28 jag
272 751 69 20 tillika
358 752 95 27 benägen
470 755 31 18 att
515 752 131 21 understöda
662 752 34 21 Hr
712 752 120 21 Snellmans
848 752 80 27 förslag
943 753 7 20 i
965 751 41 22 den

180 778 41 27 del,
237 787 45 13 som
300 779 61 22 berör
375 781 126 28 jernvägens
517 781 151 28 byggnadsart,
684 781 41 21 och
741 781 50 20 ville
807 781 48 21 icke
871 780 64 21 binda
950 787 57 14 reso-

180 807 95 22 lutionen
292 808 35 21 vid
344 816 25 13 en
387 809 95 21 bestämd
499 809 66 22 bredd
582 811 40 24 0,75
637 813 73 23 meter,
727 813 51 18 utan
794 817 35 13 ser
845 809 55 21 helst
914 809 40 21 och
971 809 36 21 vill

180 835 132 23 understöda
328 837 33 21 Hr
376 837 108 22 Snellman
501 841 30 18 att
547 838 125 21 Utskottets
688 838 55 21 kläm
761 838 70 21 skulle
841 837 165 22 äterremitteras

180 864 34 21 för
229 868 32 18 att
276 866 108 28 uttrycket
401 867 101 28 »jernväg
516 867 48 21 med
581 868 39 25 0,75
636 870 78 18 meters
729 866 116 29 spärvidd»
863 867 67 20 skulle
946 867 60 27 utby-

179 896 33 18 tas
228 897 44 18 mot
290 895 137 29 »smalspärig
441 896 108 28 jernväg».

248 951 35 21 Hr
298 952 36 28 Hj.
350 952 121 22 Schildt:
500 952 42 28 Jag
557 953 50 21 ville
624 952 76 22 endast
715 960 102 20 upprepa,
833 952 56 21 hvad
905 952 35 28 jag
952 953 6 20 i
968 952 39 28 går

179 979 56 21 tillät
250 981 44 27 mig
309 983 83 23 nämna,
407 981 51 21 eller
473 984 31 18 att
519 989 47 13 man
584 982 56 20 inom
660 981 112 22 Utskottet
787 980 67 28 ansäg
869 984 32 18 att
910 988 26 14 en
948 981 59 28 spär-

179 1008 52 21 vidd
247 1009 23 21 af
286 1010 36 26 0,76
340 1017 51 14 vore
407 1010 34 21 för
457 1010 50 21 vära
520 1010 139 28 smalspäriga
669 1011 114 28 jernvägar
794 1009 134 28 synnerligen
940 1010 67 28 lämp-

179 1037 30 27 lig
224 1038 42 20 och
281 1038 174 28 ändamålsenlig.
485 1038 107 22 Särskildt
606 1038 62 22 torde
683 1046 48 14 man
749 1038 28 28 pä
793 1045 74 14 senare
877 1038 55 20 tider
943 1038 65 21 hafva

179 1065 73 22 härom
274 1067 141 28 öfvertygats.
447 1067 44 21 Vid
514 1067 40 21 den
577 1067 78 26 utfärd,
671 1075 46 13 som
736 1074 26 14 en
779 1066 36 21 del
831 1066 22 21 af
867 1066 141 28 Jernvägsut-

179 1094 92 22 skottets
292 1096 137 21 medlemmar
444 1096 84 28 företog
549 1096 29 28 pä
599 1096 102 21 Lovisa—
710 1090 110 38 Vesijärvi
835 1096 95 27 jernväg,
946 1096 60 20 torde

179 1130 48 14 man
243 1124 103 21 särskildt
361 1124 88 21 kommit
464 1124 68 22 under
547 1124 53 22 fund
617 1124 48 22 med
682 1127 31 18 att
729 1124 69 21 banor
809 1124 50 20 med
869 1123 69 21 denna
948 1124 59 28 spär-

182 1151 48 21 vidd
252 1154 36 20 äro
308 1152 187 29 ändamälsenliga.
525 1153 43 21 För
589 1153 67 28 öfrigt
674 1160 51 14 vore
742 1152 38 21 det
795 1152 22 21 af
832 1152 109 28 synnerlig
956 1153 50 27 vigt,

179 1183 31 18 att
230 1181 130 28 spärvidden
382 1182 28 28 pä
431 1182 41 20 alla
494 1182 139 28 smalspäriga
650 1182 66 21 banor
731 1188 53 14 vore
799 1181 43 21 lika
858 1180 41 22 och
914 1184 31 17 att
960 1181 47 21 icke

178 1208 41 22 den
242 1217 40 14 ena
304 1210 69 21 banan
394 1210 68 21 skulle
481 1210 65 22 hafva
562 1218 33 18 en,
610 1210 42 21 den
668 1210 67 21 andra
751 1217 26 13 en
794 1216 68 14 annan
879 1209 73 26 bredd,
967 1209 40 21 och

179 1244 33 14 om
234 1246 49 13 man
304 1242 46 18 tror
371 1240 33 26 sig
425 1239 66 21 hafva
512 1240 89 20 kommit
622 1239 32 21 till
670 1246 25 14 en
714 1238 89 28 lämplig
818 1238 108 28 spärvidd,
941 1238 65 21 borde

178 1266 71 22 denna
266 1267 123 21 bibehällas.

247 1324 35 21 Hr
294 1324 29 22 K.
339 1324 148 22 Snellman:
512 1324 42 28 Jag
572 1325 95 21 anhäller
679 1324 54 22 blott
752 1324 6 20 i
777 1324 87 20 korthet
874 1323 23 21 fä
907 1323 98 27 invända,

180 1355 32 18 att
230 1360 49 14 man
301 1353 42 21 kan
361 1361 51 13 anse
428 1354 37 27 0,%
481 1356 75 18 meters
576 1353 102 29 spårvidd
694 1353 95 28 lämplig,
805 1360 47 13 men
869 1352 37 21 det
920 1351 86 22 hindrar

178 1382 19 27 ej
214 1384 32 18 att
262 1383 10 19 1
290 1385 76 18 meters
383 1382 102 28 spärvidd
500 1384 23 19 är
538 1384 57 19 ännu
610 1382 129 28 lämpligare.

246 1438 34 21 Hr
294 1438 26 22 L.
335 1439 150 21 Mechelin:
515 1439 42 21 Om
572 1440 38 24 0,75
628 1441 77 19 meters
721 1437 104 29 spårvidd
840 1437 104 22 erkännes
955 1444 51 14 vara

177 1474 26 13 en
225 1467 88 28 lämplig
334 1467 103 29 spärvidd
453 1468 40 21 ech
515 1475 47 14 man
583 1468 49 21 icke
654 1467 38 21 bör
714 1466 139 22 eftersträfva
875 1469 31 18 att
925 1465 23 21 fä
970 1465 36 21 det

178 1495 60 21 bästa
258 1497 92 27 möjliga,
365 1499 51 18 utan
437 1504 26 13 en
484 1495 199 22 tillfrädsställande
706 1496 56 21 bana
782 1495 32 21 till
828 1495 77 21 minsta
921 1494 85 28 möjliga

177 1523 99 28 kostnad,
291 1524 25 21 sä
336 1525 37 21 vill
394 1525 35 28 jag
449 1528 49 25 taga
519 1525 56 21 fasta
595 1525 28 28 pä
644 1524 34 21 Hr
699 1523 123 22 Snellmans
844 1524 53 20 sista
912 1523 37 21 ord
966 1523 39 21 och
