1084 1781
399 125 157 35 Vattenrätten.
819 127 41 21 861

99 230 69 28 slaget
184 230 38 21 har
239 230 64 28 något
320 230 46 20 skäl
383 230 34 20 för
427 230 40 28 sig,
479 230 39 21 och
537 237 27 20 jag
578 231 23 19 är
611 229 128 35 öfvertygad
750 232 37 25 att,
798 237 33 13 om
843 237 48 13 man

63 260 39 21 vill
118 258 22 21 få
154 266 27 14 en
204 258 120 22 återremiss
340 259 6 20 i
362 258 60 21 detta
437 258 57 28 syfte
504 238 32 41 till
548 258 62 21 stånd
622 258 31 21 till
666 258 118 27 Utskottet,
794 258 59 22 detta
866 271 25 3 —

64 287 87 22 alldeles
172 286 85 22 oafsedt
275 287 71 21 tidens
368 287 110 28 knapphet
493 300 27 2 —
536 288 24 20 är
574 286 118 22 detsamma
708 294 45 14 som
770 289 30 19 att
815 286 76 28 gräfva

63 324 28 14 en
127 316 33 21 graf
174 316 35 21 för
224 315 68 21 denna
308 323 41 21 nya
365 316 40 27 lag,
421 318 22 25 ty
458 316 35 28 jag
508 316 57 20 inser
581 316 54 27 icke,
650 316 53 20 huru
720 315 36 21 det
772 315 53 21 skall
841 322 50 15 vara

64 345 35 21 för
143 344 91 22 Utskottet
255 344 82 28 möjligt
359 347 31 18 att
412 344 43 21 låta
477 344 41 21 den
534 345 91 27 princip,
640 352 46 13 som
702 344 58 28 legat
774 344 33 20 till
821 343 70 29 grund

64 373 36 21 för
122 373 40 21 alla
182 374 51 20 våra
256 372 155 26 betänkanden,
427 372 48 22 med
491 380 37 14 ens
545 373 72 21 kastas
633 372 116 22 öfverbord
765 372 42 22 och
822 373 70 21 lemna

66 402 55 28 plats
144 402 34 21 för
199 409 26 13 en
244 401 43 21 helt
303 409 69 13 annan
387 401 122 28 grundsats.
525 414 28 3 —
568 401 45 21 Det
628 401 34 21 må
677 409 28 13 nu
722 401 62 21 svida
799 401 34 21 för
845 404 46 18 vat-

63 430 189 28 tenverksegaren,
268 430 37 21 det
319 432 24 18 är
357 430 48 21 icke
421 430 176 28 lagstiftningens
613 430 36 26 fel,
660 430 36 21 det
707 430 40 21 kan
759 430 66 21 hafva
837 430 56 21 varit

65 459 31 21 fel
111 460 7 20 i
134 459 97 21 enskilda
253 458 37 22 fall
312 458 39 22 hos
373 458 171 28 lagskipningen,
565 458 37 21 det
618 458 34 22 må
667 458 125 28 medgifvas.
808 472 28 2 -—
850 458 42 28 Jag

64 488 70 21 skulle
156 488 48 20 icke
229 487 50 28 vilja
305 488 68 20 väcka
397 487 64 21 bittra
484 488 93 24 minnen,
596 495 47 13 men
659 487 115 29 parallelen
790 489 23 19 är
828 487 65 21 altför

66 516 86 21 talande
174 516 34 21 för
223 519 31 18 att
268 517 35 27 jag
319 516 66 21 borde
401 516 129 21 undanhålla
546 516 48 21 den.
624 516 35 21 Då
675 517 20 20 vi
711 516 35 21 för
760 524 44 13 mer
819 518 26 18 än
862 518 31 18 ett

65 545 129 21 decennium
216 544 66 22 sedan
299 544 134 22 behandlade
449 544 185 28 rusthållsfrågan,
649 545 59 21 hette
724 544 36 22 det
775 544 71 26 äfven,
861 547 32 18 att

66 581 49 14 man
130 577 38 24 tog
182 573 104 28 egendom
302 573 23 21 af
339 573 66 21 andra
421 573 40 21 och
477 573 74 28 gjorde
564 574 110 26 orättvisa,
685 573 40 21 och
736 573 37 21 det
782 573 44 21 blef
837 573 56 21 dock

65 602 67 22 sedan
148 602 101 28 tämligen
265 602 61 26 klart,
341 605 32 17 att
387 602 176 28 rusthållsfrågan
580 602 65 21 löstes
661 603 27 27 på
704 604 48 24 sätt,
767 610 44 13 som
827 602 66 27 legalt

68 630 122 22 betraktadt
204 630 89 22 innebar
307 631 48 21 icke
371 630 54 22 blott
441 638 26 14 en
483 630 69 22 skänk
568 630 23 21 åt
606 630 146 26 rusthållaren,
766 634 50 17 utan
827 630 64 21 äfven

65 667 28 13 en
115 660 66 27 gäfva
203 659 76 21 dertill.
309 659 74 21 Också
403 659 28 21 då
445 659 64 21 sades
525 659 45 21 det:
586 660 22 20 vi
623 659 125 21 rusthällare
764 659 65 21 hafva
844 659 48 21 icke

67 691 59 18 vetat
148 688 23 21 af
191 688 38 21 vär
244 688 128 28 skyldighet,
388 688 22 21 vi
425 688 82 26 trodde,
523 691 32 18 att
571 688 51 21 vära
636 688 257 28 rustningsskyldigheter

66 716 48 22 icke
136 716 125 22 existerade.
290 717 74 21 Afven
388 716 28 21 dä
438 716 83 28 förelåg
545 724 26 13 en
587 717 120 27 ignorantia
722 718 57 26 juris.
809 716 46 21 Här
870 718 23 18 är

66 745 38 21 det
126 745 27 29 pä
176 753 80 13 samma
277 747 48 19 sätt.
355 745 51 21 Men
429 745 76 21 liksom
525 753 47 13 man
595 745 27 21 dä
637 745 74 28 gjorde
727 746 29 20 alt
772 745 55 21 hvad
844 752 49 14 man

68 774 72 20 kunde
156 774 34 20 för
204 776 32 19 att
251 774 68 21 lindra
334 774 165 21 rusthällarenes
511 774 102 27 ställning
624 774 41 21 och
677 774 108 28 verkligen
796 773 97 21 lindrade

66 802 50 26 den,
134 802 38 21 har
194 810 48 14 man
265 802 48 21 sökt
332 804 53 26 göra
403 802 36 21 det
455 802 65 22 äfven
535 802 39 21 här
589 803 5 19 i
612 802 58 21 detta
686 803 43 21 fall.
745 815 27 3 —
788 802 51 21 Men
855 803 38 19 ön-

66 831 52 21 skar
132 831 26 21 R.
173 838 19 14 o.
208 832 25 20 A.
249 832 80 26 svänga
345 838 33 14 om
395 831 142 27 grundsatsen
558 830 41 22 och
614 831 94 21 förklara
724 834 31 18 att
770 835 123 23 vattenega-

67 867 51 13 rene
140 860 63 28 ingen
225 861 43 19 rätt
289 860 72 25 hafva,
383 860 28 20 dä
426 860 56 21 hade
497 860 26 21 R.
539 867 18 13 o.
573 860 26 20 A.
615 860 67 28 enligt
697 861 43 19 min
755 860 138 28 uppfattning

68 888 48 21 bort
136 888 82 21 bevaka
234 888 111 28 fataljerna
361 888 68 21 under
444 888 41 22 den
502 888 130 28 föregäende
648 889 104 21 allmänna
770 888 124 21 behandlin-

66 924 48 20 gen,
136 916 122 22 hvarunder
280 917 22 21 vi
324 917 146 27 uttryckligen
487 917 109 25 förklarat,
612 920 32 18 att
659 925 25 13 en
702 917 126 28 bydelegare
844 924 50 20 eger

68 947 43 19 rätt
124 946 7 20 i
148 949 71 17 vatten
244 946 54 20 efter
317 946 38 21 sitt
371 946 90 28 byamäl.
492 946 44 20 Det
552 953 38 14 var
604 945 70 22 denna
689 946 122 28 grundsats,
825 953 46 13 som
887 946 6 20 i

66 974 68 21 sädan
150 974 102 21 händelse
268 974 47 21 icke
331 974 48 21 bort
394 974 133 28 godkännas.

60 198 30 58 PA
102 202 46 21 isä
168 201 38 21 fall
229 201 103 21 behöfves
355 201 41 21 den
413 202 24 27 ej.
455 214 28 3 —
499 201 42 27 Jag
556 201 42 21 kan
614 201 90 21 sålunda
719 201 48 21 icke
782 201 62 25 finna,
859 203 32 19 att

74 232 24 20 Ör:

137 1031 34 21 Hr
192 1031 25 21 L.
240 1032 167 21 Mechelin:
423 1032 45 21 Det
484 1032 67 21 måste
568 1032 134 27 naturligtvis
718 1040 51 12 vara
786 1031 109 27 vanskligt

68 1062 32 19 att
122 1060 50 28 ingå
188 1061 6 20 i
210 1062 96 19 närmare
331 1060 162 21 skärskådande
515 1060 24 21 af
557 1060 41 22 den
617 1060 156 28 framställning
788 1060 23 21 af
825 1060 70 21 hithö-

68 1088 66 22 rande
150 1088 78 28 frågor,
244 1096 43 14 som
307 1088 57 22 Frih.
380 1096 41 14 von
437 1089 59 21 Born
513 1097 27 13 nu
557 1089 85 26 lemnat,
657 1089 40 21 och
713 1089 37 21 det
764 1090 67 20 finnes
846 1089 48 21 icke

68 1117 68 21 heller
158 1117 116 28 anledning
296 1117 34 21 för
352 1118 43 27 mig
414 1120 31 18 att
461 1126 29 12 nu
505 1118 7 20 i
527 1118 65 28 detalj
608 1118 53 21 söka
676 1118 51 28 följa
742 1118 41 20 den
800 1118 95 28 uppfatt-

68 1146 59 27 ning,
150 1146 33 20 för
206 1146 85 21 hvilken
313 1146 58 21 Frih.
387 1154 41 13 von
445 1146 58 21 Born
519 1147 56 27 gjort
590 1147 33 27 sig
639 1146 31 21 till
685 1146 51 21 tolk.
766 1146 42 28 Jag
823 1146 71 21 kunde

68 1174 49 21 icke
133 1174 66 21 heller
213 1174 51 21 höra
279 1175 30 20 alt
323 1182 46 13 som
385 1175 88 21 talades.
503 1175 124 21 Emellertid
644 1175 38 21 ber
692 1176 36 27 jag
743 1174 23 22 få
781 1175 74 21 beröra
869 1182 25 13 en

68 1203 165 27 omständighet.
264 1204 53 20 1868
333 1204 34 20 års
383 1203 130 28 författning
529 1203 67 21 håller
612 1205 32 26 sig
659 1204 48 21 icke
723 1204 77 20 endast
810 1204 31 20 till
853 1203 42 21 den

68 1231 25 21 sä
108 1234 32 18 att
155 1233 51 26 säga
224 1232 99 21 tekniska
338 1232 61 21 sidan
415 1232 24 20 af
453 1234 78 19 ämnet.
560 1232 12 28 $
588 1233 26 21 31
630 1235 14 18 t.
660 1240 31 13 ex.
708 1233 96 27 stadgar:
836 1232 60 20 »Har

69 1260 70 28 någon
164 1260 90 21 bestridt
275 1261 158 27 anläggningen
455 1260 41 22 och
511 1262 102 26 antingen
630 1264 57 18 emot
702 1260 120 22 sökandens
839 1262 56 26 nytt-

69 1288 108 28 janderätt
199 1289 32 21 till
254 1289 149 27 vattendraget
425 1289 40 21 och
489 1290 217 27 anläggningsstället,
728 1290 51 20 eller
797 1292 56 18 emot
869 1288 26 22 de

69 1316 123 29 föreslagna
208 1317 255 29 uppdämningsvilkoren
479 1318 52 21 eller
546 1319 6 19 i
569 1321 31 18 ett
614 1321 66 18 annat
696 1318 121 21 hänseende
831 1318 65 20 fram-

69 1346 51 20 stält
142 1346 66 21 sådan
232 1346 139 28 anmärkning
393 1350 32 17 att
446 1346 66 21 saken
532 1347 6 20 i
559 1346 40 21 den
623 1346 61 22 delen
708 1347 56 27 förty
780 1346 38 21 bör
833 1353 62 14 anses

70 1374 81 28 tvistig,
166 1374 61 21 skola
242 1379 97 23 parterne
355 1375 22 21 af
392 1376 135 26 guvernören
542 1375 100 21 hänvisas
658 1378 32 18 att
705 1376 32 20 sin
752 1375 57 21 talan
822 1374 73 22 derom

70 1402 37 21 vid
122 1402 47 28 laga
185 1403 91 21 domstol
292 1404 83 20 utföra»
393 1411 18 13 o.
427 1411 16 13 s.
459 1411 20 13 v.

138 1431 83 27 Frägan
237 1439 32 13 om
286 1432 125 28 eganderätt
426 1432 41 21 och
483 1432 153 28 nyttjanderätt
651 1432 32 20 till
699 1435 72 18 vatten
788 1434 22 19 är
824 1432 23 28 ju
863 1431 34 21 sä-

70 1459 65 21 lunda
154 1460 47 21 icke
218 1460 5 20 i
240 1461 54 21 1868
309 1461 34 20 ärs
360 1460 130 28 författning
506 1460 84 21 lemnad
606 1461 12 21 &
634 1460 52 22 sido.
716 1460 66 22 Hvad
799 1460 98 21 vidkom-

69 1495 46 13 mer
136 1488 75 28 frägan
227 1496 34 14 om
276 1489 87 28 respekt
378 1489 34 21 för
427 1489 165 28 eganderättens
608 1489 64 28 helgd
686 1493 110 23 gentemot
811 1492 85 18 vatten-

70 1516 199 29 verksanläggning,
291 1525 44 13 som
357 1517 76 21 hittills
453 1518 129 26 tillkommit,
603 1521 51 17 utan
668 1521 31 17 att
713 1517 124 29 jordegaren
855 1517 42 21 fätt
