1084 1798
225 124 42 21 604
468 131 25 17 R.
506 136 18 12 o.
536 131 26 17 A.
575 131 62 17 1900.
661 132 23 17 17
695 132 50 20 Maj.

195 198 101 27 genhet>,
318 198 24 22 så
364 198 92 22 återstår
478 200 129 28 näppeligen
628 200 66 27 något
715 202 66 18 annat
799 200 26 20 än
846 198 181 29 »jordlägenhet>,

196 226 35 21 för
252 229 32 19 att
305 227 47 21 icke
374 228 99 21 använda
496 228 41 21 den
561 228 107 21 kamerala
691 231 82 18 termen
795 227 40 22 och
855 228 35 20 för
909 231 31 17 att
963 228 62 28 skilja

196 255 110 27 uttrycket
332 256 131 28 exempelvis
492 256 48 22 från
568 256 224 28 »bostadslägenhet»;
820 263 48 14 men
896 257 35 27 jag
959 256 68 22 håller

196 283 90 21 likasom
306 284 34 21 Hr
358 285 96 21 Aminoff
474 285 46 21 före
539 288 32 18 att
586 285 70 21 denna
672 285 35 28 lag
722 287 24 19 är
761 289 95 24 tvungen
872 288 31 18 att
918 285 107 28 uppställa

197 312 33 20 sin
246 320 54 20 egen
321 314 141 27 terminologi,
478 314 33 20 för
529 317 32 18 att
581 314 42 20 den
642 314 47 21 icke
709 314 54 21 skall
779 313 138 27 missförstås,
933 314 39 20 och
988 313 38 21 det

197 342 23 19 är
235 341 49 21 icke
304 341 39 21 här
360 342 42 20 den
422 342 107 22 kamerala
549 345 89 23 termen,
653 350 45 13 som
716 342 38 21 bör
771 342 84 21 komma
871 342 6 20 i
892 342 66 28 fråga,
973 345 52 18 utan

197 376 33 19 en,
245 376 45 14 som
311 370 203 22 öfverensstämmer
535 371 48 21 med
604 371 37 21 det
657 371 106 21 allmänna
779 370 147 29 språkbruket.
943 383 25 3 —
986 370 40 21 Ef-

197 401 33 17 ter
245 398 70 21 denna
337 405 98 21 parentes
457 400 37 20 ber
514 400 36 28 jag
567 400 25 20 få
609 400 75 27 återgå
699 400 33 20 till
748 400 43 20 min
807 399 147 27 anmärkning.
983 398 43 28 Jag

196 429 46 18 tror
261 427 47 21 icke
327 430 31 18 att
374 428 133 21 kasuistiken
523 428 39 21 här
577 430 22 19 är
615 428 147 21 uttömmande
777 428 28 28 på
821 428 65 26 något
900 429 49 19 sätt.
978 427 48 21 Här

197 454 54 22 talas
268 462 32 14 om
316 456 139 27 lägenhetens
471 456 130 28 byggnader,
616 456 107 28 trädgård,
739 456 69 27 åkrar,
823 458 71 26 ängar,
912 456 114 28 hägnader,

198 483 72 26 diken,
286 486 72 26 vägar,
374 484 68 27 broar,
458 485 93 21 brunnar
567 486 39 20 och
623 485 192 28 vattenledningar.
837 485 45 21 Det
896 485 67 21 finnes
979 486 46 20 nu
1011 479 17 38 i

198 512 79 28 sjelfva
292 513 76 21 verket
382 514 87 28 mycket
483 514 50 21 flere
549 514 64 21 saker
627 517 31 18 att
673 522 54 20 syna
742 514 28 28 på
785 521 26 15 en
828 514 105 27 lägenhet,
948 513 78 28 många

198 540 66 22 andra
286 541 62 21 saker
370 544 27 19 än
419 542 192 28 vattenledningar,
631 542 73 22 hvilka
726 550 58 14 mera
805 542 67 21 sällan
891 542 62 21 torde
968 542 58 21 före-

199 569 85 21 komma
299 583 27 3 —
342 570 62 22 dessa
422 570 56 22 hade
495 579 66 19 gerna
576 572 82 20 kunnat
673 579 52 13 vara
740 571 67 21 borta.
838 571 51 21 Men
905 570 37 22 det
956 570 68 22 finnes

198 597 67 21 andra
282 598 62 22 saker
358 602 14 18 t.
388 606 32 14 ex.
437 600 132 28 beteshagar.
599 600 75 21 Också
689 600 64 21 dessa
768 600 72 21 kunna
855 599 41 21 och
912 599 51 21 böra
974 606 51 14 vara

199 627 5 20 i
221 629 31 18 ett
268 628 54 20 visst
337 628 61 20 skick
414 629 6 20 i
436 628 28 21 de
479 628 43 27 fall,
538 628 39 22 der
593 628 115 28 beteshage
723 628 73 22 tillhör
811 636 26 13 en
853 628 106 28 lägenhet.
983 627 44 28 Jag

199 654 70 22 skulle
288 656 48 21 icke
351 656 57 21 fästa
424 658 43 27 mig
482 657 24 21 så
521 657 86 28 mycket
622 657 82 26 härvid,
719 657 73 21 derest
807 657 48 21 icke
872 656 154 28 beteshagarna

199 684 85 21 komme
299 688 32 17 att
345 685 58 28 spela
420 693 26 13 en
463 686 134 28 egendomlig
613 686 39 21 roll
667 686 64 20 bland
742 687 27 19 de
781 693 16 14 s.
808 686 20 20 k.
839 685 188 28 förbättringarna.

199 712 35 20 Dä
257 712 111 22 Utskottet
383 714 7 20 i
405 715 33 20 sin
458 715 128 27 motivering
605 714 141 28 ihägkommit
765 714 54 28 dem,
841 714 55 21 hade
914 714 27 21 de
959 714 68 21 ocksä

199 740 38 21 här
248 741 86 21 'kunnat
352 744 130 20 omnämnas.
514 742 81 22 Vidare
616 743 41 21 kan
674 743 36 21 det
725 743 134 21 förekomma
874 742 43 27 fall,
935 742 27 21 dä
977 750 48 13 man

199 769 36 21 vid
258 770 145 28 tillträdessyn
426 771 41 21 kan
486 771 123 22 konstatera
627 772 58 21 vissa
700 772 70 26 saker,
785 778 46 14 som
846 771 28 29 pä
889 771 72 28 hvarje
977 771 49 21 ord-

198 798 43 21 nad
257 798 149 28 jordlägenhet
422 800 50 21 böra
487 800 68 21 finnas
567 801 5 20 i
584 800 79 26 förräd,
679 800 106 21 beroende
801 800 27 28 pä
843 800 38 21 vid
896 800 87 21 hvilken
994 799 32 21 tid

199 826 23 21 af
236 826 48 22 året
298 827 93 21 afträdet
406 828 55 27 sker,
472 834 22 22 ty
510 828 103 28 fardagen
626 829 41 21 kan
681 836 50 14 vara
742 829 49 21 icke
803 828 54 21 blott
869 828 41 21 den
923 829 28 26 14
964 822 63 38 Mars,

199 858 51 18 utan
267 855 87 22 hvilken
370 864 69 14 annan
456 857 42 27 dag
513 865 45 13 som
575 858 61 26 helst,
652 865 46 13 som
714 857 205 21 öfverenskommes.
941 858 32 20 Ar
983 857 44 21 far-

199 883 70 28 dagen
284 887 14 18 t.
314 892 32 14 ex.
362 885 42 21 den
421 886 11 21 1
448 886 130 26 November,
593 886 25 21 sä
638 886 39 21 hör
695 886 32 21 till
742 886 43 27 god
801 886 44 26 sed,
861 888 32 19 att
908 885 36 22 det
959 886 68 21 finnes

198 912 76 27 gödsel
290 913 6 20 i
311 913 79 27 förråd,
406 914 70 21 såsom
492 914 67 21 kändt
574 915 7 21 i
596 915 55 21 form
667 915 22 21 af
705 922 25 14 en
746 915 93 28 hoplagd
856 914 171 28 spillningsfälla.

199 941 67 21 Detta
287 943 24 19 är
332 942 66 28 något
416 950 46 14 som
478 943 77 21 verkar
569 943 29 28 pä
613 943 75 22 värdet
703 943 41 22 och
760 943 77 21 hvaraf
852 951 48 13 man
915 943 42 21 kan
973 943 54 20 kon-

198 972 88 25 statera,
307 970 106 22 huruvida
434 971 126 28 lägenheten
577 973 5 19 i
599 972 58 21 detta
673 971 102 22 atseende
791 973 24 19 är
829 973 6 19 i
852 971 92 28 fullgodt
958 971 69 26 skick,

198 997 29 21 dä
242 997 42 22 den
300 999 110 22 tillträdes.
436 1000 75 21 Ocksä
525 1000 148 21 mullförrädet
688 1001 71 28 spelar
772 1000 36 21 vid
820 1001 58 20 vissa
889 1000 90 21 ärstider
989 999 38 21 nä-

197 1033 43 20 gon
257 1027 45 21 roll.
332 1027 49 22 Och
400 1029 99 27 slutligen
518 1029 92 21 återstår
628 1029 73 28 frågan
719 1037 34 13 om
769 1029 186 27 fodertillgängen.
987 1028 40 21 Ut-

198 1054 83 22 skottet
301 1055 39 22 har
358 1057 125 28 visserligen
500 1058 6 20 i
521 1057 61 28 fräga
601 1065 33 14 om
655 1058 42 21 den
712 1057 95 22 normala
822 1057 103 28 fardagen
941 1057 42 21 den
999 1058 28 20 14

199 1083 60 21 Mars
278 1085 147 27 upprätthällit
445 1085 37 22 det
500 1085 130 22 drakoniska
645 1086 136 27 stadgandet,
796 1089 31 18 att
841 1085 121 22 afträdaren
978 1085 49 21 icke

199 1111 105 22 behöfver
326 1113 23 21 ät
364 1113 131 22 tillträdaren
516 1114 58 21 afstä
593 1114 66 28 nägot
674 1115 69 26 foder,
758 1118 51 17 utan
825 1114 131 21 tillträdaren
972 1114 54 21 skall

198 1140 89 22 utfodra
305 1142 33 20 sin
358 1141 82 29 boskap
463 1143 65 20 minst
546 1143 37 21 två
598 1143 102 21 månader
715 1146 52 18 utan
783 1143 70 28 någon
869 1142 158 28 fodertillgäng.

196 1168 43 28 Jag
256 1169 37 21 ber
308 1170 23 21 få
346 1169 131 23 återkomma
492 1171 32 21 till
540 1171 63 22 dessa
618 1171 140 28 stadganden.
778 1171 52 21 Men
841 1179 35 13 om
888 1171 103 28 fardagen
1003 1173 24 19 är

197 1205 71 14 annan
284 1199 28 20 än
327 1198 41 21 den
385 1200 27 20 14
427 1199 65 28 Mars,
508 1199 24 22 sä
547 1201 24 20 är
585 1199 38 22 det
636 1200 71 27 gifvet
721 1203 32 18 att
766 1201 7 20 i
786 1200 123 21 kontraktet
919 1199 108 22 förbehäl-

197 1225 31 22 les
248 1229 32 18 att
302 1226 153 29 fodertillgäng
479 1228 38 21 bör
538 1228 74 21 finnas.
641 1228 81 22 Fodret
743 1229 38 20 bör
799 1228 28 21 dä
843 1228 29 21 bli
887 1228 88 21 föremål
991 1228 36 21 för

199 1261 40 20 syn
263 1255 48 21 icke
334 1255 77 22 endast
426 1257 6 20 i
448 1256 103 21 afseende
569 1257 13 20 å
597 1257 84 28 mängd,
703 1260 51 18 utan
775 1257 64 21 äfven
862 1256 164 21 vidkommande

198 1282 183 23 beskaffenheten.
410 1284 43 28 Jag
467 1285 39 21 har
520 1285 75 21 tillåtit
609 1286 44 27 mig
668 1285 71 22 denna
757 1285 89 22 relativa
857 1285 125 28 utförlighet
992 1285 35 20 för

198 1313 33 19 att
246 1311 142 22 framkomma
408 1313 48 21 med
477 1316 31 19 ett
522 1314 87 27 mycket
625 1314 106 27 blygsamt
746 1314 87 28 förslag,
849 1318 31 17 att
894 1314 56 21 efter
965 1313 62 22 ordet

196 1340 194 29 vattenledningar,
406 1349 46 13 som
467 1349 29 14 nu
510 1349 66 21 gerna
591 1342 35 21 må
640 1343 93 27 qvarstå,
748 1343 69 21 skulle
832 1343 99 27 tilläggas
946 1342 27 21 de
990 1342 36 21 be-

196 1368 138 27 tydelsefulla
350 1369 66 22 orden
434 1370 61 21 »med
512 1378 77 19 mera»,
605 1371 27 28 pä
647 1371 38 21 det
699 1371 49 21 icke
760 1371 37 21 vid
807 1371 145 28 tillträdessyn
963 1377 63 22 syne-

196 1398 94 20 männen
306 1398 34 20 mä
356 1405 51 14 anse
423 1399 33 27 sig
471 1399 137 21 förhindrade
624 1402 31 18 att
670 1403 95 24 upptaga
780 1399 65 21 äfven
856 1399 66 21 andra
932 1400 94 20 omstän-

197 1424 100 29 digheter
314 1427 27 20 än
360 1426 34 26 de,
409 1434 45 14 som
474 1431 157 24 representeras
646 1428 23 21 af
685 1428 41 21 den
743 1428 77 21 snäfva
835 1427 132 22 kasuistiken
981 1427 45 22 här.

266 1482 59 22 Frih.
340 1483 231 29 Langenskjöld:
601 1484 42 28 Jag
661 1484 38 21 ber
715 1484 77 21 endast
807 1484 23 21 fä
845 1484 84 29 päpeka
944 1487 32 18 att
990 1484 36 27 jag

195 1510 50 22 icke
261 1511 51 22 ville
327 1513 119 20 utmönstra
462 1512 61 22 ordet
540 1513 124 28 »lägenhet>
681 1513 46 21 helt
742 1513 41 21 och
798 1513 67 21 hållet
879 1513 48 21 från
939 1514 11 20 1
963 1519 62 15 mom.
