1084 1792
222 122 42 20 528
468 130 24 17 R.
506 135 17 12 o.
537 131 25 16 A.
575 131 62 17 1900.
659 131 24 17 14
695 132 50 20 Maj.

192 196 33 20 till
240 197 27 20 53
284 197 95 28 miljoner
399 198 58 21 mark
474 198 40 22 och
530 199 48 21 med
594 207 45 13 mer
654 202 26 18 än
697 199 89 21 dubbelt
801 200 77 28 belopp
894 200 125 21 öfversköto

192 225 197 27 privatbankernas,
401 234 45 14 som
458 235 51 13 voro
519 228 26 21 26
557 228 103 28 miljoner,
671 228 40 22 och
723 230 56 19 ännu
796 229 23 20 år
834 229 54 21 1880
905 228 114 22 förhållan-

192 253 37 21 det
244 254 89 21 emellan
359 255 103 21 Finlands
485 256 74 21 Banks
575 257 77 21 fonder
668 258 41 20 och
724 257 190 29 privatbankernas
930 265 38 13 var
983 258 36 20 det

192 282 23 20 af
230 282 27 21 86
274 283 96 27 miljoner
386 285 5 19 i
407 284 102 22 Finlands
525 285 62 21 Bank
604 286 40 21 och
660 287 5 19 i
683 286 180 28 privatbankerna
879 287 25 20 61
917 286 102 28 miljoner,

192 310 24 21 så
230 310 39 22 har
292 311 58 22 detta
373 312 134 22 förhållande
530 314 66 21 sedan
620 315 23 20 år
668 315 53 21 1890
745 314 120 21 förändrats
886 314 85 26 derhän,
987 318 32 18 att

191 339 103 22 Finlands
310 340 73 22 Banks
400 342 77 20 fonder
493 343 97 27 utgjorde
608 344 25 20 96
650 344 102 27 miljoner,
765 343 75 21 medan
857 343 161 28 privatbanker-

191 375 38 13 nas
245 368 72 22 aktiva
333 371 109 27 uppgingo
459 371 31 21 till
507 372 40 20 133
563 372 98 28 miljoner
677 372 39 21 och
732 372 24 20 år
773 373 53 20 1899
841 372 98 28 utgjorde
955 372 62 20 dessa

190 396 72 22 siffror
276 397 34 21 för
324 378 104 42 Finlande
450 399 61 21 Bank
537 401 39 20 126
600 401 97 27 miljoner
719 404 54 18 samt
789 401 34 20 för
838 400 179 28 privatbankerna

190 426 41 20 378
248 426 101 28 miljoner,
365 427 51 21 eller
432 428 82 21 säledes
530 432 32 17 tre
577 429 82 28 gänger
674 429 101 22 Finlands
791 430 73 20 Banks
877 430 78 20 aktiva.
973 428 44 22 Det

190 455 23 19 är
227 454 107 28 sjelffallet
356 458 32 18 att
409 456 122 28 härigenom
548 465 25 13 en
590 458 23 20 af
628 458 27 21 de
674 459 115 27 vigtigaste
812 458 205 27 förutsättningarna

190 482 34 21 för
239 482 105 23 Finlands
359 484 73 22 Banks
448 486 86 28 uppgift
549 488 32 19 att
596 494 50 14 vara
658 486 41 22 den
712 486 141 28 tongifvande
868 488 6 19 i
891 486 47 22 värt
951 486 66 21 bank-

191 512 95 21 väsende
301 513 5 20 i
323 514 106 28 väsentlig
444 515 52 27 grad
512 514 122 28 försvagats
650 516 46 25 och,
712 516 56 21 hvad
781 517 59 19 värre
851 517 28 25 är,
891 515 63 21 äfven
965 515 51 21 Fin-

189 540 61 21 lands
267 540 71 22 Banks
355 542 95 28 förmäga
466 546 31 18 att
512 544 36 21 vid
564 544 56 21 tider
635 544 23 20 af
674 544 43 21 kris
736 546 75 26 utgöra
829 544 41 21 den
891 552 77 19 reserv,
984 544 31 20 till

188 568 88 22 hvilken
299 570 152 22 affärsverlden
475 572 37 20 har
534 575 31 18 att
588 573 37 21 lita
641 574 7 19 i
664 573 81 21 nödens
765 572 69 28 stund,
853 574 3 19 i
873 580 78 14 samma
967 572 48 21 män

188 597 145 23 förminskats.
354 599 43 21 Det
412 600 55 21 hade
483 600 73 22 derför
571 602 61 26 varit,
648 609 63 21 synes
728 602 37 20 det
780 602 48 27 mig,
843 602 46 20 skäl
900 601 33 21 för
943 601 72 21 Bank-

188 626 105 22 utskottet
308 630 32 18 att
348 635 54 21 egna
418 628 37 22 det
470 629 22 21 af
508 637 25 13 en
550 630 51 28 högt
617 631 50 20 ärad
684 630 90 22 medlem
788 630 22 21 af
825 630 58 21 detta
899 630 62 21 stånd
978 630 36 21 vid

188 655 178 22 remissdebatten
392 657 124 22 framstälda
539 658 104 28 förslaget
659 666 32 14 om
709 667 24 13 en
751 659 131 28 betydligare
898 659 79 27 ökning
993 658 23 21 af

187 683 104 22 Finlands
307 684 73 22 Banks
395 686 78 21 fonder
488 687 65 28 nödig
569 688 194 28 uppmärksamhet.
788 688 65 20 Detta
865 688 80 27 förslag
956 688 59 20 inne-

188 712 43 26 bar,
246 712 71 22 säsom
332 714 36 28 jag
384 715 36 21 vill
437 715 99 28 päminna
550 716 48 28 mig,
614 719 31 18 att
661 716 100 21 Bankens
786 716 76 21 fonder
877 716 68 21 skulle
963 716 51 21 ökas

187 748 78 20 genom
282 744 30 18 att
328 744 129 20 statsverket
480 744 67 21 skulle
571 748 94 24 upptaga
681 748 30 18 ett
727 745 182 27 amorteringslän,
924 745 22 21 af
961 745 54 21 hvil-

188 769 36 21 ket
240 778 109 20 provenyn
366 772 68 21 skulle
450 773 80 21 lemnas
547 773 22 21 ät
584 774 102 21 Finlands
701 774 68 26 Bank,
785 774 48 20 med
849 773 122 28 skyldighet
981 773 34 21 för

187 798 91 22 Banken
294 802 30 18 att
339 807 90 15 ansvara
444 801 34 21 för
494 802 40 20 den
548 802 67 28 ärliga
623 803 129 20 annuiteten.
773 802 11 21 I
795 802 94 28 Sverige,
903 803 38 20 der
951 802 63 21 Riks-

187 826 85 22 banken
288 828 90 28 ungefär
393 830 83 28 intager
496 838 79 14 samma
598 831 101 27 ställning
720 839 45 13 som
781 830 102 22 Finlands
899 830 62 22 Bank
977 830 38 21 här

187 855 40 21 och
235 856 87 22 hvarest
330 857 26 21 de
366 858 138 22 ekonomiska
513 859 176 21 förhållandena
679 851 11 40 i
700 860 65 27 öfrigt
773 860 110 21 utvecklat
897 860 33 27 sig
947 867 66 19 unge-

187 884 33 21 fär
235 884 29 29 pä
279 892 79 15 samma
374 888 42 19 sätt
432 895 44 14 som
492 888 39 21 hos
548 895 41 20 oss,
605 888 38 21 har
658 896 46 13 man
721 891 99 25 nogsamt
835 889 65 20 insett
913 888 100 28 behöflig-

186 912 64 22 heten
266 914 23 20 af
304 922 26 13 en
346 915 146 29 förstärkning
508 917 22 20 af
545 917 152 21 Riksbankens
713 925 54 20 egna
780 917 82 21 fonder.
885 917 75 21 Under
969 917 44 20 för-

186 941 52 22 lidet
254 942 24 21 år
293 946 81 25 upptog
396 944 73 21 derför
492 948 69 18 staten
586 949 30 18 ett
632 946 110 21 utländskt
757 946 35 21 län
809 946 26 27 pä
851 948 31 18 ett
898 945 77 29 belopp
991 946 22 20 af

186 970 70 21 säsom
274 972 36 27 jag
332 973 36 20 vill
392 974 69 20 erinra
484 975 43 26 mig
542 975 27 20 25
585 975 98 27 miljoner
704 975 84 25 kronor,
811 974 76 21 hvaraf
903 982 109 20 provenyn

186 999 171 22 öfverlemnades
380 1001 31 21 till
427 1002 143 21 Riksbanken.
599 1003 42 28 Jag
663 1005 56 19 inser
741 1003 117 21 emellertid
881 1003 75 21 fullväl
976 1003 36 20 det

185 1027 113 22 fävitska
291 1023 11 40 i
314 1032 31 18 att
366 1031 6 19 i
388 1030 140 29 landtdagens
552 1031 52 21 elfte
627 1033 72 20 timme
722 1032 117 21 framställa
861 1034 30 18 ett
911 1031 100 28 förslag
1001 1023 14 40 i

185 1056 101 21 liknande
302 1057 62 28 syfte.
395 1059 43 20 Det
459 1061 23 19 är
505 1060 119 28 uppenbart
645 1061 65 20 altför
727 1063 48 18 sent
791 1063 30 18 att
837 1067 86 14 numera
939 1060 22 21 fä
977 1060 36 21 det

186 1084 75 22 beredt
276 1086 40 21 och
332 1087 98 28 omkring
444 1088 118 21 detsamma
577 1089 66 21 samla
660 1089 65 28 nödig
741 1089 200 28 ständerpluralitet.
969 1089 44 21 Det

184 1113 92 22 äterstär
291 1115 72 21 derför
378 1116 34 20 för
427 1117 43 28 mig
486 1117 75 21 endast
577 1120 31 18 att
623 1118 67 21 uttala
706 1121 30 18 ett
753 1117 132 28 beklagande
901 1120 31 18 att
942 1117 69 28 nägon

185 1141 75 28 ätgärd
277 1143 5 20 i
299 1151 28 13 nu
342 1145 93 21 nämnda
450 1145 56 28 syfte
522 1146 48 21 icke
587 1146 102 28 vidtagits
705 1146 41 21 och
761 1147 52 27 yrka
830 1146 27 28 pä
872 1149 31 18 att
915 1146 40 21 den
967 1154 44 13 mo-

184 1170 61 22 desta
269 1171 80 29 ökning
364 1173 23 20 af
402 1173 101 22 Bankens
526 1175 83 26 fonder,
625 1183 45 13 som
690 1175 110 21 Utskottet
823 1174 96 27 föreslår,
935 1174 76 21 ätmin-

184 1201 61 19 stone
262 1200 64 22 måtte
342 1201 132 28 godkännas.
497 1215 3 2 -

253 1245 35 21 Då
303 1247 62 27 ingen
382 1255 69 14 annan
468 1249 22 20 af
505 1249 102 21 Ståndets
631 1249 137 21 medlemmar
790 1249 95 20 önskade
907 1251 56 25 yttra
979 1250 32 26 sig

184 1273 62 22 öfver
263 1274 143 23 betänkandet
422 1277 5 20 i
444 1277 120 27 allmänhet,
580 1277 111 28 öfvergick
707 1277 92 22 Ståndet
814 1277 31 21 till
857 1277 154 28 detaljgransk-

183 1303 51 27 ning
249 1303 23 20 af
288 1303 122 28 detsamma,
432 1305 89 22 hvarvid
547 1306 122 21 Utskottets
692 1306 81 28 förslag
797 1306 30 21 till
850 1306 113 21 förändrad
980 1306 31 27 ly-

183 1330 59 22 delse
258 1331 24 21 af
296 1332 23 28 $$
335 1334 19 25 2,
370 1334 18 25 3,
404 1335 18 24 8,
440 1335 32 25 18,
488 1335 26 20 20
530 1335 41 21 och
587 1336 26 20 39
629 1337 50 18 utan
696 1335 141 27 anmärkning
851 1334 131 28 godkändes.

252 1383 138 22 Beträffande
405 1385 11 28 &
432 1387 26 19 51
474 1386 85 27 yttrade

252 1428 34 21 Hr
301 1429 24 21 L.
341 1429 143 23 Mechelin:
515 1432 44 21 Det
574 1432 109 21 förefaller
698 1433 43 27 mig
763 1439 45 14 som
825 1439 33 14 om
875 1439 26 14 en
917 1431 91 28 otydlig-

182 1455 37 22 het
234 1457 69 22 skulle
319 1458 132 22 förekomma
467 1461 5 20 i
489 1461 51 20 sista
562 1463 122 24 momentet,
700 1461 28 21 då
743 1461 38 20 det
795 1461 54 20 står:
877 1460 49 22 »vid
942 1459 68 21 afdel-

183 1485 177 27 ningskontoren:
384 1487 93 22 förutom
501 1496 26 13 en
551 1489 211 26 bankkommissarie,
787 1489 87 22 hvarom
897 1490 6 19 i
927 1490 12 19 9
961 1489 8 27 &
968 1489 43 20 är

182 1513 70 28 sagdt,
276 1522 25 13 en
325 1515 75 22 kassör
422 1520 60 23 samt,
504 1517 38 22 der
564 1518 102 22 behofvet
689 1518 77 21 sådant
787 1518 101 28 päkallar,
904 1517 29 28 på
949 1519 61 19 extra
