1081 1795
222 131 42 21 566
471 138 24 17 R.
509 142 17 12 o.
539 137 25 17 A.
577 137 62 18 1900.
663 137 24 18 18
699 137 50 20 Maj.

264 205 52 21 Men
338 206 36 27 jag
396 205 86 28 ätergär
504 205 31 21 till
559 205 187 28 utgängspunkten
763 205 5 20 i
786 204 70 21 denna
879 203 41 22 del.
950 203 70 28 Dags-

196 234 190 27 verksvederlaget
408 234 55 21 hade
487 234 68 21 under
576 234 109 21 orubbade
708 233 148 21 förhällanden
873 233 81 20 kunnat
969 239 52 14 vara

196 269 43 21 nog
261 262 23 21 sä
306 263 91 21 rättvist.
428 262 75 23 Under
525 263 123 21 nuvarande
670 261 155 27 förhållanden,
847 261 80 21 sådana
942 261 27 21 de
984 262 36 19 äro

195 291 41 21 och
252 291 67 21 mäste
335 291 83 21 komma
444 294 31 19 att
497 291 110 27 förblifva,
628 291 89 21 innebär
732 290 37 21 det
784 289 159 28 öfvervägande
959 289 61 28 dags-

196 319 192 29 verksvederlaget
403 327 25 14 en
444 320 86 29 mycket
546 322 45 19 stor
606 320 161 27 räntestegring,
783 319 40 21 och
839 319 26 20 de
877 318 76 28 mänga
963 318 58 28 jord-

197 356 69 20 egare,
289 356 45 13 som
350 349 6 20 i
372 349 68 20 likhet
462 349 47 20 med
533 349 43 28 mig
597 349 72 20 kunna
692 349 44 20 visa
753 347 89 22 tillbaka
858 347 27 28 pä
900 347 82 21 hundra
998 347 23 20 är

195 379 52 19 utan
271 378 162 27 räntestegring,
457 377 50 21 böra
530 377 55 22 dock
608 377 47 22 icke
679 377 70 21 brösta
773 377 32 27 sig
825 376 104 27 deröfver,
945 378 22 25 ty
983 375 38 21 der

196 407 76 20 räntan
288 405 60 28 utgår
363 407 5 20 i
386 406 133 28 dagsverken
543 406 38 21 har
604 413 41 21 nog
668 413 26 14 en
717 405 84 28 mycket
816 407 45 18 stor
875 405 95 27 stegring
985 406 36 25 egt

195 442 53 13 rum.
278 434 128 28 Lyckligare
429 435 56 21 hade
507 435 36 20 det
566 435 61 25 varit,
647 442 33 13 om
702 442 46 13 man
765 433 47 21 från
828 433 73 28 början
917 433 47 20 haft
979 435 41 18 tre-

196 462 89 29 delning
300 463 76 21 mellan
392 463 81 27 arbete,
488 463 179 28 naturprodukter
682 462 41 22 och
739 470 85 20 pengar,
839 462 28 20 dä
883 462 54 20 hade
948 461 72 21 balan-

198 499 37 13 sen
252 491 170 29 upprättshällits
445 492 27 28 pä
494 495 30 17 ett
543 492 45 21 helt
603 494 65 18 annat
683 493 43 19 sätt
741 490 64 22 äfven
821 491 6 20 i
843 493 110 25 torparens
969 490 51 20 eko-

197 521 56 19 nomi
270 533 27 2 —
313 520 51 21 eller
379 528 33 13 om
429 521 21 20 vi
466 520 47 22 haft
533 520 128 21 åtminstone
677 520 38 21 två
730 520 23 20 af
767 519 63 21 dessa
845 518 175 29 räntepersedlar,

195 556 45 14 som
258 549 120 21 balanserat
392 549 126 21 hvarandra.
548 549 52 21 Med
617 548 102 22 afseende
734 548 13 21 &
763 548 69 21 denna
849 547 172 29 egendomlighet

195 577 39 21 hos
251 578 242 28 dagsverksvederlaget
509 578 36 21 ber
560 578 35 28 jag
610 577 22 21 få
648 579 82 26 nämna,
746 579 31 19 att
791 577 36 27 jag
842 577 47 21 icke
906 583 50 14 vore
970 576 50 20 obe-

195 608 70 26 nägen
281 608 31 19 att
327 607 6 20 i
350 606 69 21 denna
442 606 35 21 del
499 606 27 28 gä
549 608 56 19 ännu
621 606 72 28 längre
709 608 26 18 än
752 605 56 28 Lag-
823 605 40 21 och
880 605 140 21 Ekonomiut-

195 634 82 22 skottet
292 634 40 22 och
348 635 118 26 dekretera,
481 638 31 18 att
527 636 53 20 intet
595 634 142 22 arrendeaftal
753 642 33 13 om
803 637 48 25 torp
867 634 6 20 i
890 634 70 27 vanlig
976 640 44 14 me-

196 664 52 27 ning
271 664 54 28 finge
345 665 62 34 göras
430 672 43 20 upp
496 664 28 28 pä
544 671 69 14 annan
629 664 39 21 bas
684 665 26 19 än
726 666 31 18 att
772 662 173 28 legovederlaget
959 662 61 26 skall,

196 700 33 12 om
246 692 48 21 icke
311 695 55 25 utgä,
382 692 24 21 sä
421 692 128 22 ätminstone
560 700 50 14 vara
621 692 118 21 beräknadt
749 692 162 28 ursprungligen
924 692 4 20 i
940 692 79 20 tvänne

196 721 58 21 olika
269 722 147 27 prestationer,
432 721 129 29 exempelvis
577 721 134 28 dagsverken
727 720 41 22 och
779 728 85 20 pengar,
875 720 40 21 och
926 728 33 13 om
971 727 47 13 man

196 750 57 20 dock
269 750 50 21 ville
335 750 109 28 medgifva
459 750 124 28 jordegaren
605 751 42 20 rätt
662 752 31 19 att
708 752 49 25 taga
773 752 24 18 ut
811 749 48 21 hela
875 748 144 28 legovederla-

194 781 36 25 get
247 779 5 19 i
270 778 140 28 dagsverken,
435 778 24 21 sä
480 779 67 21 skulle
570 778 62 22 dessa
657 778 50 28 utgå
727 778 56 20 efter
797 777 222 28 grundberäkningen,

196 806 22 21 sä
236 809 32 18 att
283 808 5 19 i
305 807 101 21 händelse
430 807 37 21 det
488 808 161 27 ursprungligen
673 807 69 21 äsatta
761 806 74 21 värdet
851 806 34 20 för
900 806 119 26 dagsverke

196 835 69 21 under
281 835 93 21 tidernas
390 836 57 28 lopp,
463 836 69 21 såsom
549 836 104 28 antagligt
667 837 29 25 är,
712 835 131 27 underginge
855 835 101 27 stegring,
967 837 53 18 mot-

195 864 107 21 svarande
318 864 137 28 nedsättning
471 866 4 19 i
493 864 241 28 dagsverksvederlaget
757 864 84 21 komme
864 866 31 18 att
913 871 39 19 ega
968 870 51 14 rum.

196 892 52 21 Med
272 892 72 21 siffror
366 893 69 20 belyst
457 893 71 20 ställer
543 894 33 26 sig
591 893 65 20 saken
680 892 96 26 sälunda,
791 895 38 23 att,
844 899 33 14 om
895 899 46 13 man
957 894 15 18 t.
987 899 32 13 ex.

196 921 34 20 för
246 928 25 13 en
290 921 98 27 lägenhet
400 901 106 41 beräknar
521 924 30 18 ett
567 921 88 21 arrende
671 921 23 21 af
709 921 41 21 200
767 921 57 20 mark
837 928 80 20 pengar
927 920 40 21 och
979 921 40 20 100

196 949 134 28 dagsverken
347 951 13 19 a
374 951 13 19 2
403 950 60 21 mark
477 959 28 10 =
518 951 41 20 200
575 950 65 26 mark,
664 949 145 28 legogifvaren
830 949 123 27 visserligen
969 956 49 13 vore

196 977 120 28 berättigad
340 981 31 18 att
393 981 73 25 uttaga
489 979 69 20 denna
579 979 46 26 lega
641 979 5 20 i
664 978 53 21 form
733 978 24 21 af
772 979 41 20 200
829 977 133 28 dagsverken
979 979 12 19 a
1007 978 11 20 2

196 1006 60 21 mark
272 1007 90 27 stycket,
385 1007 82 21 hvilket
482 1009 22 19 är
520 1007 41 21 lika
577 1007 49 21 med
642 1008 41 20 400
699 1007 66 20 mark.
795 1006 51 21 Men
863 1007 56 20 visar
935 1006 36 21 det
987 1007 32 26 sig

196 1043 28 13 nu
240 1035 56 21 efter
312 1036 25 20 10
354 1037 12 19 å
382 1036 26 21 20
424 1035 29 26 år,
469 1038 30 18 att
514 1035 138 28 dagsverkets
669 1035 64 21 värde
749 1035 60 26 stigit
824 1035 31 20 till
876 1035 6 20 4
893 1035 58 20 mark
962 1037 57 25 styc-

195 1063 43 26 ket,
262 1063 24 21 så
308 1064 68 21 skulle
399 1064 122 27 vederlaget
543 1064 65 21 hafva
630 1067 31 18 ett
676 1064 65 21 värde
757 1063 22 21 af
795 1064 41 21 800
853 1063 57 21 mark
927 1064 5 19 i
949 1063 71 21 stället

195 1092 34 21 för
246 1095 36 24 att,
299 1099 32 14 om
349 1100 47 13 man
413 1093 48 20 låtit
475 1093 36 21 det
526 1093 51 27 utgå
593 1093 4 20 i
611 1092 38 22 två
671 1093 52 27 slag,
743 1092 123 27 vederlaget
881 1092 67 21 skulle
965 1093 54 26 stiga

196 1120 78 22 endast
288 1121 31 21 till
336 1122 41 20 600
394 1121 65 28 mark,
474 1121 84 22 hvartill
575 1129 47 13 man
639 1121 95 22 kommer
749 1121 67 27 enligt
831 1120 94 28 följande
937 1120 81 28 kalkyl:

195 1150 41 20 200
254 1150 59 20 mark
330 1150 90 21 kontant
442 1150 40 21 och
506 1151 39 21 100
567 1150 133 28 dagsverken
717 1152 13 19 å
745 1150 14 20 4
775 1150 64 25 mark,
856 1150 41 20 lika
914 1149 46 21 med
977 1150 41 21 600

195 1178 67 21 mark.
293 1178 45 22 Vill
362 1178 124 28 jordegaren
510 1178 182 28 fortsättningsvis
708 1182 49 24 taga
774 1181 23 18 ut
812 1178 47 21 hela
875 1178 123 28 vederlaget
1013 1179 5 19 i

196 1206 142 28 dagsverken,
354 1207 24 21 så
393 1207 39 21 bör
447 1208 40 20 han
506 1207 95 21 dividera
625 1207 69 21 denna
717 1206 171 28 vederlagssiffra
904 1207 41 21 600
961 1207 57 21 mark

197 1235 48 21 med
263 1236 18 26 4,
297 1235 137 27 hvarigenom
457 1236 89 20 erhålles
571 1237 46 25 150,
640 1236 83 20 hvartili
743 1235 89 21 sålunda
848 1235 172 28 legovederlaget

195 1263 121 21 beräknadt
332 1265 6 19 i
354 1264 133 28 dagsverken
511 1264 65 21 borde
599 1264 116 22 nedsättas.
747 1264 44 21 Till
813 1272 25 12 en
863 1264 24 20 sä
902 1264 116 20 drakonisk

195 1292 136 28 lagstiftning
346 1300 51 14 vore
412 1293 36 28 jag
463 1296 12 18 t.
491 1300 18 14 o.
525 1300 26 14 m.
567 1293 59 27 villig
641 1292 115 22 medverka
767 1305 28 2 —
806 1292 134 27 naturligtvis
952 1292 67 21 mäste

195 1320 42 21 den
254 1321 108 21 utarbetas
378 1322 5 20 i
400 1321 64 28 detalj
481 1334 25 3 —
523 1322 33 20 för
571 1324 31 18 att
623 1322 60 20 ställa
707 1320 268 29 dagsverksskyldigheten
993 1320 26 28 pä

194 1350 43 19 rätt
261 1349 38 21 fot.
329 1349 33 28 Ty
386 1349 36 21 det
446 1351 23 19 är
490 1351 120 26 stegringen
627 1350 6 20 i
650 1349 129 28 vederlaget,
802 1357 44 13 som
863 1351 24 18 är
901 1349 41 21 den
958 1349 61 28 sjuka

195 1377 103 28 punkten.

266 1405 73 22 Skulle
363 1406 57 28 Lag-
442 1407 40 20 och
505 1406 222 22 Ekonomiutskottets
751 1406 81 28 förslag
855 1406 67 21 blifva
941 1406 39 27 lag,
996 1406 23 21 sä

194 1434 70 21 mäste
279 1435 35 28 jag
330 1435 27 28 pä
373 1435 45 20 skäl
434 1436 35 27 jag
485 1435 63 21 redan
564 1435 76 28 antydt
654 1435 87 25 förutse,
758 1438 31 17 att
804 1436 6 19 i
827 1435 76 27 mänga
919 1435 36 20 fall
967 1442 53 21 upp-

195 1464 93 27 sägning
304 1463 22 21 af
340 1466 85 25 torpare
448 1463 71 22 blefve
541 1463 87 29 följden,
645 1467 21 25 ty
681 1463 125 29 jordegaren
831 1463 40 21 kan
894 1463 47 21 icke
957 1463 62 28 ätaga

195 1492 33 27 sig
244 1494 32 18 att
292 1491 68 22 blifva
375 1495 110 25 torparens
509 1492 153 28 byggmästare,
683 1493 41 20 han
741 1492 38 21 har
795 1499 44 14 mer
854 1493 25 20 än
896 1491 124 28 tillräckligt

195 1519 125 31 bekymmer
335 1520 23 21 af
373 1521 45 20 sina
440 1528 53 21 egna
517 1521 128 28 byggnader,
675 1521 41 21 Om
741 1521 57 20 detta
816 1528 50 13 vore
882 1521 31 20 till
930 1520 88 21 fromma
