1084 1770
391 116 157 35 Vattenrätten.
815 119 39 21 701

56 192 59 22 delar
137 192 23 21 af
178 192 72 22 landet
264 192 80 28 sjunkit
359 192 66 21 under
440 192 60 22 årens
516 192 56 28 lopp.
601 192 46 21 Det
661 194 23 19 är
699 192 106 28 nämligen
820 192 65 25 fallet,

56 224 33 18 att
110 220 8 21 i
144 221 53 21 1868
219 220 33 22 års
270 220 124 28 förordning
412 220 48 22 icke
476 220 180 28 dämningsrätten
671 220 40 22 och
727 220 157 28 dämningsför-

56 248 127 22 hållandena
207 249 114 28 klargöras,
359 248 13 22 på
398 251 44 19 sätt
463 257 28 13 nu
513 249 93 27 afsigten
625 250 56 20 varit
695 249 50 21 med
760 248 70 22 denna
844 256 41 21 nya

57 278 135 28 lagstiftning
214 278 40 21 och
277 278 101 22 särskildt
399 278 23 21 af
444 277 242 23 Vattenrättsutskottet
708 278 99 21 försökts.
843 277 42 28 Jag

58 306 102 28 beklagar
182 306 71 28 lifligt,
275 309 32 19 att
321 306 49 22 icke
386 306 26 22 R.
426 314 19 14 o.
460 308 27 20 A.
502 306 55 22 skall
572 306 81 28 åtnjuta
669 306 109 21 förmånen
793 306 23 21 af
832 309 31 18 att
878 307 7 20 i

58 336 38 20 sitt
111 334 62 22 ständ
187 334 23 22 fä
226 334 70 22 direkt
310 335 58 26 höra,
384 334 47 22 med
447 335 87 21 hvilken
550 334 83 22 klarhet
648 334 40 22 och
703 334 97 22 bestämd
815 335 70 21 öfver-

58 363 82 29 tygelse
163 364 41 21 den
224 366 74 19 nyaste
315 363 101 22 tekniken
433 364 72 21 utredt
520 363 74 28 frägan
610 371 35 13 om
659 363 226 29 dämningsförhällan-

75 400 45 13 ena.
148 392 58 22 Hela
243 395 44 19 detta
308 392 94 28 begrepp
426 392 82 26 »dame,
530 392 185 28 »dambyggnad«,
733 392 112 28 dämning<
863 394 23 19 är

60 420 56 22 efter
131 421 47 21 värt
192 422 37 20 öra
243 420 40 22 och
298 420 38 22 vär
351 421 104 22 nedärfda
469 421 138 28 uppfattning
622 420 114 22 förbundet
751 420 48 22 med
807 420 79 22 tanken

59 449 29 28 pä
103 452 31 19 ett
148 449 90 28 höjande
253 449 23 21 af
290 449 164 26 vattenständet,
469 449 46 21 förr
530 449 51 21 eller
593 456 72 14 senare
677 449 96 21 slutande
783 449 50 21 med
842 449 45 20 för-

59 479 119 28 sumpning,
194 477 70 22 sävidt
279 477 37 22 det
330 477 48 22 icke
394 478 66 27 gäller
476 477 114 29 någonting
600 477 162 22 interimistiskt.
792 477 43 22 För
845 477 41 22 den

59 507 102 21 moderna
182 506 101 21 tekniken
306 507 102 21 existerar
432 507 48 20 icke
502 514 58 14 mera
585 506 124 28 »dämning«
731 506 69 21 säsom
815 505 71 22 sädan.

61 535 133 28 »Dämning<
218 535 38 21 har
277 535 109 28 betydelse
404 535 76 22 endast
495 535 23 21 af
533 535 92 28 ledning,
640 535 49 21 med
705 542 25 14 en
745 535 49 21 dam
810 535 53 21 skall
879 535 7 20 i

59 564 73 27 regeln
152 566 84 19 vattnet
257 563 58 22 ledas
339 563 33 22 till
388 567 88 23 motorn,
491 563 59 22 ledas
568 564 33 21 till
617 563 37 22 det
669 563 66 26 ställe,
751 563 38 22 der
803 566 84 19 vattnet

59 592 110 27 behöfves,
191 599 48 14 men
261 595 123 26 vattenytan
408 592 104 21 behöfver
531 592 48 21 icke
599 592 65 28 höjas,
679 592 38 21 det
731 592 39 21 hör
785 592 47 21 icke
847 592 39 21 alls

60 621 33 21 till
108 621 49 21 iden
172 621 23 21 af
210 624 32 18 ett
256 621 131 21 vattenverk.
417 621 170 28 Otvifvelaktigt
601 621 42 21 kan
653 621 38 21 det
701 621 132 21 förekomma
843 620 43 27 fall,

60 649 39 22 der
117 657 26 13 en
161 649 101 28 dämning
276 650 8 21 i
299 649 93 28 egentlig
407 651 85 27 mening
507 649 41 22 kan
564 657 51 14 vara
630 649 122 28 nödvändig
767 649 40 22 och
821 649 66 22 tillät-

60 678 36 28 lig,
118 685 48 14 men
189 678 104 21 industrin
311 678 33 21 får
359 679 47 20 icke
422 678 76 21 basera
512 679 33 27 sig
560 678 27 28 pä
602 677 73 29 dylika
690 677 197 29 undantagsförhäl-

60 706 84 22 landen.
172 706 121 22 Huruledes
315 707 65 21 också
400 707 65 21 redan
484 707 41 21 den
541 707 47 21 nåd.
603 714 60 21 prop.
678 707 40 21 och
733 706 48 21 icke
796 707 91 21 Vatten-

61 735 157 22 rättsutskottet
240 735 67 22 allena
328 735 73 22 tillhör
420 736 126 27 förtjensten
562 736 22 21 af
599 738 32 19 att
661 735 50 21 hafva
726 735 49 21 sökt
790 735 97 28 klargöra

61 763 69 22 denna
152 767 77 25 ytterst
248 765 81 27 vigtiga
352 764 163 28 omständighet,
536 764 93 28 framgår
653 763 63 22 bland
731 767 64 18 annat
809 763 23 22 af
847 763 40 22 den

62 792 168 22 administrativa
253 793 133 28 författning,
409 800 45 14 som
476 793 69 21 finnes
560 792 72 29 bilagd
648 793 41 21 den
705 792 47 21 nåd.
766 800 66 21 prop.,
847 792 40 21 och

62 829 45 13 som
129 821 67 21 måste
218 821 38 22 der
277 821 113 29 uppsökas,
413 821 89 22 emedan
523 821 112 22 Utskottet
649 821 48 21 icke
713 821 109 21 afskrifvit
836 821 51 21 den-

62 857 86 14 samma.
178 849 32 22 På
232 850 38 21 sid.
297 851 25 20 63
341 850 69 21 finner
425 858 49 13 man
489 850 66 21 under
571 851 12 26 &
599 851 27 20 20
641 850 69 28 punkt
724 850 15 26 i)
755 857 26 14 en
796 849 91 29 antydan

62 885 35 14 om
119 878 111 21 huruledes
245 879 65 21 redan
325 879 161 21 vederbörande
500 879 97 27 ingeniör
611 879 37 21 vid
663 886 38 20 syn
716 879 7 20 i
738 878 40 21 och
793 879 34 19 för
842 881 46 18 vat-

62 906 100 21 tenverks
176 907 112 27 anläggning
318 907 38 21 bör
372 907 64 21 bland
450 910 65 18 annat
532 907 129 21 »bestämma
676 906 77 28 höjden
765 906 24 22 af
797 906 38 22 det
842 909 46 19 vat-

62 935 106 26 tenständ,
189 936 37 20 vid
248 936 83 21 hvilket
353 935 121 29 kungsädra
489 935 33 21 fär
536 936 109 27 afstängas
661 936 48 20 med
724 935 94 28 tillfällig
833 935 55 26 dam,

63 963 71 22 sävidt
156 964 74 21 sädant
252 964 66 28 enligt
335 964 61 28 lagen
411 972 34 13 om
462 966 143 20 vattenrätten
621 964 38 21 bör
674 964 79 21 tillätas
768 964 40 21 och
823 964 65 20 erfor-

63 992 69 28 derlig
155 992 131 29 bestämning
308 993 72 21 derom
396 992 48 22 icke
460 993 65 21 redan
540 992 63 27 skett,
619 992 108 22 äfvensom
743 992 78 22 föreslå
837 993 51 20 Zem-

62 1021 74 21 nande
161 1022 29 26 af
208 1022 52 27 fritt
282 1022 43 27 fall
350 1022 81 21 mellan
457 1022 131 27 forsnacken
612 1022 39 20 och
670 1022 219 27 tilloppsledningens

62 1049 263 29 inströmningsöppning
340 1050 33 21 till
388 1050 66 21 sådan
470 1050 69 28 längd,
555 1058 44 13 som
613 1050 105 21 erfordras
727 1050 34 20 för
770 1052 32 19 att
813 1050 76 27 kungs-

63 1077 65 22 ädran
151 1078 34 21 mä
208 1078 70 22 kunna
299 1079 48 21 med
370 1079 65 28 rörlig
458 1078 134 28 fördämning
607 1078 65 22 redan
687 1078 45 21 före
747 1078 142 22 ofvannämda

63 1106 147 22 vattenständs
232 1108 124 21 inträdande
378 1107 112 21 efterhand
513 1108 128 27 afstängas».
675 1107 44 21 För
743 1110 32 18 att
796 1106 93 22 undvika

63 1134 101 30 dämning
179 1136 7 20 i
202 1136 131 28 vattendrag,
348 1144 46 13 som
410 1136 98 21 befinner
522 1136 33 28 sig
570 1136 99 21 ofvanom
685 1138 32 19 ett
731 1135 110 26 strömfall,
857 1142 32 14 er-

64 1163 82 22 fordras
168 1164 38 21 det
227 1165 7 20 i
257 1164 75 28 sjelfva
354 1165 75 21 verket
452 1168 31 18 ett
502 1164 23 22 sä
539 1164 53 28 högt
606 1164 44 26 fall,
666 1167 32 18 att
712 1163 177 29 dambyggnaden

64 1192 48 21 icke
136 1192 102 22 behöfver
260 1193 112 29 anbringas
394 1194 7 20 i
419 1193 77 28 sjelfva
511 1193 132 26 forsnacken,
660 1193 51 21 eller
725 1193 37 21 det
776 1192 60 22 ställe
851 1192 38 22 der

64 1220 70 21 forsen
158 1221 75 28 börjar,
255 1225 50 18 utan
328 1225 31 18 ett
379 1222 74 27 stycke
478 1222 103 21 nedanom
597 1222 70 21 denna
681 1222 72 25 nacke,
769 1221 24 21 sä
807 1224 31 18 att
853 1220 37 21 det

64 1249 66 21 mätte
152 1249 70 22 finnas
244 1253 30 18 ett
289 1251 90 28 spatium
395 1251 43 27 just
452 1250 34 21 för
502 1253 32 18 att
548 1250 133 21 förekomma
695 1249 99 29 dämning
809 1250 7 20 i
831 1249 58 28 lugn-

64 1280 83 19 vattnet
171 1278 104 22 ofvanför.
304 1279 77 21 Denna
403 1278 23 21 sä
445 1279 81 28 vigtiga
541 1278 163 28 omständighet,
719 1278 86 21 hvilken
820 1277 47 22 icke
883 1278 7 20 i

64 1306 42 21 alla
128 1306 44 28 fall
195 1315 47 13 men
265 1307 55 21 dock
341 1308 7 20 i
370 1307 27 21 de
416 1307 64 21 flesta
498 1307 60 21 torde
573 1307 28 28 pä
616 1314 73 14 senare
704 1307 55 21 tider
774 1307 117 27 iakttagits,

64 1334 40 21 har
118 1335 48 21 icke
181 1336 66 28 gjorts
262 1335 97 29 gällande
374 1335 67 21 under
456 1335 119 28 förgängna
589 1335 62 26 tider,
666 1335 41 21 och
722 1335 61 21 deraf
791 1335 62 27 följer
859 1337 32 19 att

64 1364 52 20 vii
138 1364 49 20 värt
202 1364 50 21 land
272 1372 38 20 ega
325 1372 25 13 en
366 1364 34 21 hel
416 1364 79 28 mängd
511 1364 57 26 verk,
584 1364 91 28 lagligen
690 1364 116 27 tillkomna,
821 1376 27 2 —
864 1364 26 27 ja,

65 1391 80 21 kanske
166 1392 48 21 icke
235 1392 67 22 heller
316 1392 61 22 alltid
392 1392 91 28 lagligen
498 1392 111 22 tillkomna
624 1393 8 20 i
646 1392 42 21 alla
703 1392 58 21 delar
775 1405 29 2 —
818 1392 73 21 hvilka

65 1420 7 21 i
87 1420 77 28 sjelfva
179 1420 75 22 verket
269 1421 57 21 lefva
340 1420 28 30 pä
383 1421 170 29 uppdämningar
567 1421 39 21 och
623 1420 199 28 öfversvämningar.
846 1420 45 21 De-

65 1456 34 14 ras
122 1449 99 29 ställning
242 1450 60 20 torde
323 1450 117 21 emellertid
455 1449 49 21 icke
519 1457 51 13 vara
585 1449 23 21 sä
623 1449 86 21 alldeles
725 1449 39 21 lätt
778 1452 33 18 att
824 1448 67 22 rubba

65 1477 40 21 och
121 1477 61 28 lagen
197 1478 116 21 innehäller
327 1479 57 20 vissa
398 1478 107 28 garantier
520 1478 34 20 för
568 1478 61 21 deras
645 1480 48 23 rätt,
708 1478 63 27 jemte
786 1478 37 20 det
830 1477 61 49 laen

66 1505 56 22 dock
144 1506 64 22 äfven
231 1506 71 22 ställer
317 1506 48 22 dem
381 1506 67 22 under
463 1506 146 29 förpligtelsen
625 1509 32 19 att
672 1506 43 21 läta
729 1509 84 18 vattnet
827 1506 65 21 hafva
