<?xml version="1.0" encoding="UTF-8"?>
<alto xmlns="http://www.loc.gov/standards/alto/ns-v3#" xmlns:xlink="http://www.w3.org/1999/xlink" xmlns:xsi="http://www.w3.org/2001/XMLSchema-instance" xsi:schemaLocation="http://www.loc.gov/standards/alto/ns-v3# http://www.loc.gov/alto/v3/alto-3-0.xsd">
	<Description>
		<MeasurementUnit>pixel</MeasurementUnit>
		<sourceImageInformation>
			<fileName>/tmp/tess_99_4m4ne_input.PNG</fileName>
		</sourceImageInformation>
		<OCRProcessing ID="OCR_0">
			<ocrProcessingStep>
				<processingSoftware>
					<softwareName>tesseract 5.3.4</softwareName>
				</processingSoftware>
			</ocrProcessingStep>
		</OCRProcessing>
	</Description>
	<Layout>
		<Page WIDTH="1084" HEIGHT="1795" PHYSICAL_IMG_NR="0" ID="page_0">
			<PrintSpace HPOS="0" VPOS="0" WIDTH="1084" HEIGHT="1795">
				<ComposedBlock ID="cblock_0" HPOS="209" VPOS="123" WIDTH="519" HEIGHT="25">
					<TextBlock ID="block_0" HPOS="209" VPOS="123" WIDTH="519" HEIGHT="25">
						<TextLine ID="line_0" HPOS="209" VPOS="123" WIDTH="519" HEIGHT="25">
							<String ID="string_0" HPOS="209" VPOS="123" WIDTH="41" HEIGHT="21" WC="0.96" CONTENT="758"/><SP WIDTH="197" VPOS="123" HPOS="250"/>
							<String ID="string_1" HPOS="447" VPOS="129" WIDTH="25" HEIGHT="16" WC="0.90" CONTENT="R."/><SP WIDTH="13" VPOS="129" HPOS="472"/>
							<String ID="string_2" HPOS="485" VPOS="133" WIDTH="17" HEIGHT="11" WC="0.89" CONTENT="o."/><SP WIDTH="13" VPOS="133" HPOS="502"/>
							<String ID="string_3" HPOS="515" VPOS="128" WIDTH="25" HEIGHT="17" WC="0.89" CONTENT="A."/><SP WIDTH="13" VPOS="128" HPOS="540"/>
							<String ID="string_4" HPOS="553" VPOS="128" WIDTH="62" HEIGHT="18" WC="0.90" CONTENT="1900."/><SP WIDTH="24" VPOS="128" HPOS="615"/>
							<String ID="string_5" HPOS="639" VPOS="128" WIDTH="27" HEIGHT="17" WC="0.94" CONTENT="22"/><SP WIDTH="12" VPOS="128" HPOS="666"/>
							<String ID="string_6" HPOS="678" VPOS="128" WIDTH="50" HEIGHT="20" WC="0.96" CONTENT="Maj."/>
						</TextLine>
					</TextBlock>
				</ComposedBlock>
				<GraphicalElement ID="cblock_1" HPOS="179" VPOS="153" WIDTH="819" HEIGHT="12"></GraphicalElement >
				<ComposedBlock ID="cblock_2" HPOS="171" VPOS="196" WIDTH="834" HEIGHT="1343">
					<TextBlock ID="block_1" HPOS="179" VPOS="196" WIDTH="826" HEIGHT="58">
						<TextLine ID="line_1" HPOS="179" VPOS="196" WIDTH="826" HEIGHT="30">
							<String ID="string_7" HPOS="179" VPOS="196" WIDTH="129" HEIGHT="28" WC="0.91" CONTENT="landtdagen"/><SP WIDTH="22" VPOS="196" HPOS="308"/>
							<String ID="string_8" HPOS="330" VPOS="198" WIDTH="61" HEIGHT="26" WC="0.95" CONTENT="1904,"/><SP WIDTH="21" VPOS="198" HPOS="391"/>
							<String ID="string_9" HPOS="412" VPOS="197" WIDTH="29" HEIGHT="22" WC="0.96" CONTENT="då"/><SP WIDTH="17" VPOS="197" HPOS="441"/>
							<String ID="string_10" HPOS="458" VPOS="197" WIDTH="37" HEIGHT="21" WC="0.96" CONTENT="det"/><SP WIDTH="14" VPOS="197" HPOS="495"/>
							<String ID="string_11" HPOS="509" VPOS="197" WIDTH="46" HEIGHT="21" WC="0.96" CONTENT="åter"/><SP WIDTH="14" VPOS="197" HPOS="555"/>
							<String ID="string_12" HPOS="569" VPOS="197" WIDTH="67" HEIGHT="29" WC="0.96" CONTENT="gäller"/><SP WIDTH="14" VPOS="197" HPOS="636"/>
							<String ID="string_13" HPOS="650" VPOS="200" WIDTH="32" HEIGHT="19" WC="0.96" CONTENT="att"/><SP WIDTH="15" VPOS="200" HPOS="682"/>
							<String ID="string_14" HPOS="697" VPOS="197" WIDTH="83" HEIGHT="21" WC="0.96" CONTENT="besluta"/><SP WIDTH="14" VPOS="197" HPOS="780"/>
							<String ID="string_15" HPOS="794" VPOS="204" WIDTH="34" HEIGHT="14" WC="0.96" CONTENT="om"/><SP WIDTH="16" VPOS="204" HPOS="828"/>
							<String ID="string_16" HPOS="844" VPOS="204" WIDTH="41" HEIGHT="21" WC="0.93" CONTENT="nya"/><SP WIDTH="13" VPOS="204" HPOS="885"/>
							<String ID="string_17" HPOS="898" VPOS="197" WIDTH="107" HEIGHT="28" WC="0.91" CONTENT="jernvägs-"/>
						</TextLine>
						<TextLine ID="line_2" HPOS="179" VPOS="225" WIDTH="128" HEIGHT="29">
							<String ID="string_18" HPOS="179" VPOS="225" WIDTH="128" HEIGHT="29" WC="0.95" CONTENT="byggnader."/>
						</TextLine>
					</TextBlock>
					<TextBlock ID="block_2" HPOS="177" VPOS="253" WIDTH="828" HEIGHT="393">
						<TextLine ID="line_3" HPOS="248" VPOS="253" WIDTH="757" HEIGHT="29">
							<String ID="string_19" HPOS="248" VPOS="254" WIDTH="50" HEIGHT="21" WC="0.93" CONTENT="Ifall"/><SP WIDTH="22" VPOS="254" HPOS="298"/>
							<String ID="string_20" HPOS="320" VPOS="253" WIDTH="118" HEIGHT="23" WC="0.91" CONTENT="Ständerna"/><SP WIDTH="16" VPOS="253" HPOS="438"/>
							<String ID="string_21" HPOS="454" VPOS="254" WIDTH="36" HEIGHT="22" WC="0.96" CONTENT="vid"/><SP WIDTH="23" VPOS="254" HPOS="490"/>
							<String ID="string_22" HPOS="513" VPOS="254" WIDTH="142" HEIGHT="22" WC="0.93" CONTENT="innevarande"/><SP WIDTH="23" VPOS="254" HPOS="655"/>
							<String ID="string_23" HPOS="678" VPOS="254" WIDTH="103" HEIGHT="28" WC="0.91" CONTENT="landtdag"/><SP WIDTH="15" VPOS="254" HPOS="781"/>
							<String ID="string_24" HPOS="796" VPOS="254" WIDTH="67" HEIGHT="21" WC="0.96" CONTENT="skulle"/><SP WIDTH="16" VPOS="254" HPOS="863"/>
							<String ID="string_25" HPOS="879" VPOS="256" WIDTH="74" HEIGHT="19" WC="0.96" CONTENT="stanna"/><SP WIDTH="15" VPOS="256" HPOS="953"/>
							<String ID="string_26" HPOS="968" VPOS="253" WIDTH="37" HEIGHT="22" WC="0.96" CONTENT="vid"/>
						</TextLine>
						<TextLine ID="line_4" HPOS="179" VPOS="282" WIDTH="826" HEIGHT="30">
							<String ID="string_27" HPOS="179" VPOS="282" WIDTH="93" HEIGHT="22" WC="0.96" CONTENT="beslutet"/><SP WIDTH="14" VPOS="282" HPOS="272"/>
							<String ID="string_28" HPOS="286" VPOS="285" WIDTH="31" HEIGHT="19" WC="0.93" CONTENT="att"/><SP WIDTH="14" VPOS="285" HPOS="317"/>
							<String ID="string_29" HPOS="331" VPOS="286" WIDTH="94" HEIGHT="26" WC="0.92" CONTENT="upptaga"/><SP WIDTH="15" VPOS="286" HPOS="425"/>
							<String ID="string_30" HPOS="440" VPOS="286" WIDTH="32" HEIGHT="18" WC="0.93" CONTENT="ett"/><SP WIDTH="13" VPOS="286" HPOS="472"/>
							<String ID="string_31" HPOS="485" VPOS="283" WIDTH="140" HEIGHT="28" WC="0.91" CONTENT="jernvägslån,"/><SP WIDTH="16" VPOS="283" HPOS="625"/>
							<String ID="string_32" HPOS="641" VPOS="290" WIDTH="44" HEIGHT="14" WC="0.96" CONTENT="som"/><SP WIDTH="15" VPOS="290" HPOS="685"/>
							<String ID="string_33" HPOS="700" VPOS="283" WIDTH="50" HEIGHT="21" WC="0.96" CONTENT="med"/><SP WIDTH="15" VPOS="283" HPOS="750"/>
							<String ID="string_34" HPOS="765" VPOS="282" WIDTH="65" HEIGHT="28" WC="0.96" CONTENT="några"/><SP WIDTH="10" VPOS="282" HPOS="830"/>
							<String ID="string_35" HPOS="840" VPOS="282" WIDTH="96" HEIGHT="28" WC="0.96" CONTENT="miljoner"/><SP WIDTH="9" VPOS="282" HPOS="936"/>
							<String ID="string_36" HPOS="945" VPOS="282" WIDTH="60" HEIGHT="22" WC="0.96" CONTENT="mark"/>
						</TextLine>
						<TextLine ID="line_5" HPOS="179" VPOS="311" WIDTH="825" HEIGHT="29">
							<String ID="string_37" HPOS="179" VPOS="311" WIDTH="127" HEIGHT="28" WC="0.91" CONTENT="öfverstiger"/><SP WIDTH="14" VPOS="311" HPOS="306"/>
							<String ID="string_38" HPOS="320" VPOS="311" WIDTH="27" HEIGHT="21" WC="0.96" CONTENT="de"/><SP WIDTH="14" VPOS="311" HPOS="347"/>
							<String ID="string_39" HPOS="361" VPOS="312" WIDTH="79" HEIGHT="28" WC="0.96" CONTENT="anslag,"/><SP WIDTH="14" VPOS="312" HPOS="440"/>
							<String ID="string_40" HPOS="454" VPOS="312" WIDTH="74" HEIGHT="21" WC="0.93" CONTENT="hvilka"/><SP WIDTH="15" VPOS="312" HPOS="528"/>
							<String ID="string_41" HPOS="543" VPOS="312" WIDTH="66" HEIGHT="21" WC="0.91" CONTENT="varda"/><SP WIDTH="14" VPOS="312" HPOS="609"/>
							<String ID="string_42" HPOS="623" VPOS="312" WIDTH="106" HEIGHT="28" WC="0.96" CONTENT="uppförda"/><SP WIDTH="15" VPOS="312" HPOS="729"/>
							<String ID="string_43" HPOS="744" VPOS="312" WIDTH="7" HEIGHT="20" WC="0.93" CONTENT="i"/><SP WIDTH="16" VPOS="312" HPOS="751"/>
							<String ID="string_44" HPOS="767" VPOS="311" WIDTH="237" HEIGHT="21" WC="0.91" CONTENT="kommunikationsfon-"/>
						</TextLine>
						<TextLine ID="line_6" HPOS="179" VPOS="339" WIDTH="825" HEIGHT="30">
							<String ID="string_45" HPOS="179" VPOS="339" WIDTH="52" HEIGHT="22" WC="0.96" CONTENT="dens"/><SP WIDTH="23" VPOS="339" HPOS="231"/>
							<String ID="string_46" HPOS="254" VPOS="339" WIDTH="85" HEIGHT="29" WC="0.96" CONTENT="budget,"/><SP WIDTH="24" VPOS="339" HPOS="339"/>
							<String ID="string_47" HPOS="363" VPOS="340" WIDTH="41" HEIGHT="21" WC="0.96" CONTENT="kan"/><SP WIDTH="22" VPOS="340" HPOS="404"/>
							<String ID="string_48" HPOS="426" VPOS="340" WIDTH="38" HEIGHT="22" WC="0.96" CONTENT="det"/><SP WIDTH="14" VPOS="340" HPOS="464"/>
							<String ID="string_49" HPOS="478" VPOS="341" WIDTH="167" HEIGHT="28" WC="0.93" CONTENT="approximativt"/><SP WIDTH="14" VPOS="341" HPOS="645"/>
							<String ID="string_50" HPOS="659" VPOS="343" WIDTH="87" HEIGHT="25" WC="0.92" CONTENT="antagas"/><SP WIDTH="16" VPOS="343" HPOS="746"/>
							<String ID="string_51" HPOS="762" VPOS="343" WIDTH="32" HEIGHT="18" WC="0.96" CONTENT="att"/><SP WIDTH="15" VPOS="343" HPOS="794"/>
							<String ID="string_52" HPOS="809" VPOS="340" WIDTH="41" HEIGHT="21" WC="0.96" CONTENT="den"/><SP WIDTH="15" VPOS="340" HPOS="850"/>
							<String ID="string_53" HPOS="865" VPOS="340" WIDTH="79" HEIGHT="28" WC="0.95" CONTENT="period,"/><SP WIDTH="15" VPOS="340" HPOS="944"/>
							<String ID="string_54" HPOS="959" VPOS="347" WIDTH="45" HEIGHT="14" WC="0.96" CONTENT="som"/>
						</TextLine>
						<TextLine ID="line_7" HPOS="179" VPOS="368" WIDTH="826" HEIGHT="29">
							<String ID="string_55" HPOS="179" VPOS="368" WIDTH="99" HEIGHT="28" WC="0.91" CONTENT="vidtager"/><SP WIDTH="15" VPOS="368" HPOS="278"/>
							<String ID="string_56" HPOS="293" VPOS="368" WIDTH="48" HEIGHT="22" WC="0.96" CONTENT="med"/><SP WIDTH="15" VPOS="368" HPOS="341"/>
							<String ID="string_57" HPOS="356" VPOS="368" WIDTH="24" HEIGHT="22" WC="0.96" CONTENT="år"/><SP WIDTH="16" VPOS="368" HPOS="380"/>
							<String ID="string_58" HPOS="396" VPOS="370" WIDTH="60" HEIGHT="25" WC="0.96" CONTENT="1905,"/><SP WIDTH="16" VPOS="370" HPOS="456"/>
							<String ID="string_59" HPOS="472" VPOS="368" WIDTH="96" HEIGHT="22" WC="0.96" CONTENT="kommer"/><SP WIDTH="14" VPOS="368" HPOS="568"/>
							<String ID="string_60" HPOS="582" VPOS="372" WIDTH="33" HEIGHT="18" WC="0.93" CONTENT="att"/><SP WIDTH="14" VPOS="372" HPOS="615"/>
							<String ID="string_61" HPOS="629" VPOS="368" WIDTH="96" HEIGHT="29" WC="0.92" CONTENT="begynna"/><SP WIDTH="16" VPOS="368" HPOS="725"/>
							<String ID="string_62" HPOS="741" VPOS="369" WIDTH="49" HEIGHT="21" WC="0.95" CONTENT="med"/><SP WIDTH="15" VPOS="369" HPOS="790"/>
							<String ID="string_63" HPOS="805" VPOS="376" WIDTH="27" HEIGHT="13" WC="0.96" CONTENT="en"/><SP WIDTH="14" VPOS="376" HPOS="832"/>
							<String ID="string_64" HPOS="846" VPOS="368" WIDTH="121" HEIGHT="28" WC="0.96" CONTENT="behållning"/><SP WIDTH="14" VPOS="368" HPOS="967"/>
							<String ID="string_65" HPOS="981" VPOS="368" WIDTH="24" HEIGHT="21" WC="0.96" CONTENT="af"/>
						</TextLine>
						<TextLine ID="line_8" HPOS="179" VPOS="396" WIDTH="824" HEIGHT="29">
							<String ID="string_66" HPOS="179" VPOS="396" WIDTH="60" HEIGHT="22" WC="0.94" CONTENT="cirka"/><SP WIDTH="23" VPOS="396" HPOS="239"/>
							<String ID="string_67" HPOS="262" VPOS="398" WIDTH="13" HEIGHT="19" WC="0.94" CONTENT="5"/><SP WIDTH="22" VPOS="398" HPOS="275"/>
							<String ID="string_68" HPOS="297" VPOS="397" WIDTH="95" HEIGHT="28" WC="0.95" CONTENT="miljoner"/><SP WIDTH="22" VPOS="397" HPOS="392"/>
							<String ID="string_69" HPOS="414" VPOS="397" WIDTH="58" HEIGHT="21" WC="0.95" CONTENT="mark"/><SP WIDTH="16" VPOS="397" HPOS="472"/>
							<String ID="string_70" HPOS="488" VPOS="398" WIDTH="8" HEIGHT="20" WC="0.95" CONTENT="i"/><SP WIDTH="14" VPOS="398" HPOS="496"/>
							<String ID="string_71" HPOS="510" VPOS="397" WIDTH="72" HEIGHT="21" WC="0.96" CONTENT="stället"/><SP WIDTH="15" VPOS="397" HPOS="582"/>
							<String ID="string_72" HPOS="597" VPOS="398" WIDTH="34" HEIGHT="20" WC="0.96" CONTENT="för"/><SP WIDTH="14" VPOS="398" HPOS="631"/>
							<String ID="string_73" HPOS="645" VPOS="398" WIDTH="27" HEIGHT="20" WC="0.96" CONTENT="de"/><SP WIDTH="15" VPOS="398" HPOS="672"/>
							<String ID="string_74" HPOS="687" VPOS="397" WIDTH="98" HEIGHT="28" WC="0.96" CONTENT="omkring"/><SP WIDTH="15" VPOS="397" HPOS="785"/>
							<String ID="string_75" HPOS="800" VPOS="398" WIDTH="28" HEIGHT="20" WC="0.96" CONTENT="20"/><SP WIDTH="15" VPOS="398" HPOS="828"/>
							<String ID="string_76" HPOS="843" VPOS="397" WIDTH="101" HEIGHT="28" WC="0.96" CONTENT="miljoner,"/><SP WIDTH="15" VPOS="397" HPOS="944"/>
							<String ID="string_77" HPOS="959" VPOS="404" WIDTH="44" HEIGHT="14" WC="0.96" CONTENT="som"/>
						</TextLine>
						<TextLine ID="line_9" HPOS="178" VPOS="425" WIDTH="825" HEIGHT="29">
							<String ID="string_78" HPOS="178" VPOS="426" WIDTH="61" HEIGHT="20" WC="0.96" CONTENT="torde"/><SP WIDTH="23" VPOS="426" HPOS="239"/>
							<String ID="string_79" HPOS="262" VPOS="426" WIDTH="68" HEIGHT="20" WC="0.96" CONTENT="finnas"/><SP WIDTH="22" VPOS="426" HPOS="330"/>
							<String ID="string_80" HPOS="352" VPOS="426" WIDTH="7" HEIGHT="21" WC="0.96" CONTENT="i"/><SP WIDTH="25" VPOS="426" HPOS="359"/>
							<String ID="string_81" HPOS="384" VPOS="426" WIDTH="69" HEIGHT="21" WC="0.96" CONTENT="behåll"/><SP WIDTH="20" VPOS="426" HPOS="453"/>
							<String ID="string_82" HPOS="473" VPOS="426" WIDTH="38" HEIGHT="21" WC="0.96" CONTENT="vid"/><SP WIDTH="14" VPOS="426" HPOS="511"/>
							<String ID="string_83" HPOS="525" VPOS="426" WIDTH="142" HEIGHT="21" WC="0.96" CONTENT="innevarande"/><SP WIDTH="15" VPOS="426" HPOS="667"/>
							<String ID="string_84" HPOS="682" VPOS="426" WIDTH="34" HEIGHT="21" WC="0.96" CONTENT="års"/><SP WIDTH="15" VPOS="426" HPOS="716"/>
							<String ID="string_85" HPOS="731" VPOS="426" WIDTH="84" HEIGHT="28" WC="0.93" CONTENT="utgång."/><SP WIDTH="30" VPOS="426" HPOS="815"/>
							<String ID="string_86" HPOS="845" VPOS="425" WIDTH="158" HEIGHT="21" WC="0.89" CONTENT="Trafikvinsten"/>
						</TextLine>
						<TextLine ID="line_10" HPOS="178" VPOS="453" WIDTH="824" HEIGHT="30">
							<String ID="string_87" HPOS="178" VPOS="453" WIDTH="23" HEIGHT="22" WC="0.96" CONTENT="af"/><SP WIDTH="15" VPOS="453" HPOS="201"/>
							<String ID="string_88" HPOS="216" VPOS="453" WIDTH="27" HEIGHT="22" WC="0.96" CONTENT="de"/><SP WIDTH="16" VPOS="453" HPOS="243"/>
							<String ID="string_89" HPOS="259" VPOS="453" WIDTH="84" HEIGHT="28" WC="0.96" CONTENT="färdiga"/><SP WIDTH="14" VPOS="453" HPOS="343"/>
							<String ID="string_90" HPOS="357" VPOS="454" WIDTH="94" HEIGHT="22" WC="0.96" CONTENT="banorna"/><SP WIDTH="14" VPOS="454" HPOS="451"/>
							<String ID="string_91" HPOS="465" VPOS="454" WIDTH="40" HEIGHT="21" WC="0.93" CONTENT="och"/><SP WIDTH="15" VPOS="454" HPOS="505"/>
							<String ID="string_92" HPOS="520" VPOS="457" WIDTH="152" HEIGHT="26" WC="0.91" CONTENT="nettorevenyn"/><SP WIDTH="15" VPOS="457" HPOS="672"/>
							<String ID="string_93" HPOS="687" VPOS="455" WIDTH="24" HEIGHT="20" WC="0.93" CONTENT="af"/><SP WIDTH="14" VPOS="455" HPOS="711"/>
							<String ID="string_94" HPOS="725" VPOS="454" WIDTH="191" HEIGHT="26" WC="0.92" CONTENT="bränvinsskatten,"/><SP WIDTH="15" VPOS="454" HPOS="916"/>
							<String ID="string_95" HPOS="931" VPOS="453" WIDTH="71" HEIGHT="21" WC="0.91" CONTENT="äfven-"/>
						</TextLine>
						<TextLine ID="line_11" HPOS="178" VPOS="482" WIDTH="824" HEIGHT="29">
							<String ID="string_96" HPOS="178" VPOS="489" WIDTH="46" HEIGHT="14" WC="0.96" CONTENT="som"/><SP WIDTH="22" VPOS="489" HPOS="224"/>
							<String ID="string_97" HPOS="246" VPOS="482" WIDTH="84" HEIGHT="22" WC="0.94" CONTENT="diverse"/><SP WIDTH="17" VPOS="482" HPOS="330"/>
							<String ID="string_98" HPOS="347" VPOS="485" WIDTH="72" HEIGHT="26" WC="0.93" CONTENT="poster"/><SP WIDTH="15" VPOS="485" HPOS="419"/>
							<String ID="string_99" HPOS="434" VPOS="496" WIDTH="28" HEIGHT="2" WC="0.92" CONTENT="—"/><SP WIDTH="14" VPOS="496" HPOS="462"/>
							<String ID="string_100" HPOS="476" VPOS="483" WIDTH="36" HEIGHT="28" WC="0.96" CONTENT="jag"/><SP WIDTH="14" VPOS="483" HPOS="512"/>
							<String ID="string_101" HPOS="526" VPOS="483" WIDTH="79" HEIGHT="21" WC="0.95" CONTENT="tillåter"/><SP WIDTH="15" VPOS="483" HPOS="605"/>
							<String ID="string_102" HPOS="620" VPOS="484" WIDTH="44" HEIGHT="27" WC="0.96" CONTENT="mig"/><SP WIDTH="14" VPOS="484" HPOS="664"/>
							<String ID="string_103" HPOS="678" VPOS="486" WIDTH="32" HEIGHT="18" WC="0.96" CONTENT="att"/><SP WIDTH="14" VPOS="486" HPOS="710"/>
							<String ID="string_104" HPOS="724" VPOS="483" WIDTH="48" HEIGHT="21" WC="0.96" CONTENT="icke"/><SP WIDTH="16" VPOS="483" HPOS="772"/>
							<String ID="string_105" HPOS="788" VPOS="483" WIDTH="49" HEIGHT="28" WC="0.96" CONTENT="ingå"/><SP WIDTH="14" VPOS="483" HPOS="837"/>
							<String ID="string_106" HPOS="851" VPOS="483" WIDTH="8" HEIGHT="20" WC="0.96" CONTENT="i"/><SP WIDTH="15" VPOS="483" HPOS="859"/>
							<String ID="string_107" HPOS="874" VPOS="483" WIDTH="67" HEIGHT="28" WC="0.92" CONTENT="någon"/><SP WIDTH="14" VPOS="483" HPOS="941"/>
							<String ID="string_108" HPOS="955" VPOS="489" WIDTH="47" HEIGHT="21" WC="0.92" CONTENT="spe-"/>
						</TextLine>
						<TextLine ID="line_12" HPOS="178" VPOS="510" WIDTH="824" HEIGHT="30">
							<String ID="string_109" HPOS="178" VPOS="511" WIDTH="111" HEIGHT="21" WC="0.92" CONTENT="cifikation"/><SP WIDTH="15" VPOS="511" HPOS="289"/>
							<String ID="string_110" HPOS="304" VPOS="523" WIDTH="28" HEIGHT="4" WC="0.91" CONTENT="—"/><SP WIDTH="13" VPOS="523" HPOS="332"/>
							<String ID="string_111" HPOS="345" VPOS="511" WIDTH="61" HEIGHT="22" WC="0.96" CONTENT="torde"/><SP WIDTH="15" VPOS="511" HPOS="406"/>
							<String ID="string_112" HPOS="421" VPOS="511" WIDTH="67" HEIGHT="22" WC="0.93" CONTENT="under"/><SP WIDTH="15" VPOS="511" HPOS="488"/>
							<String ID="string_113" HPOS="503" VPOS="511" WIDTH="170" HEIGHT="29" WC="0.91" CONTENT="finansperioden"/><SP WIDTH="16" VPOS="511" HPOS="673"/>
							<String ID="string_114" HPOS="689" VPOS="511" WIDTH="47" HEIGHT="22" WC="0.96" CONTENT="från"/><SP WIDTH="17" VPOS="511" HPOS="736"/>
							<String ID="string_115" HPOS="753" VPOS="512" WIDTH="54" HEIGHT="21" WC="0.96" CONTENT="1905"/><SP WIDTH="16" VPOS="512" HPOS="807"/>
							<String ID="string_116" HPOS="823" VPOS="511" WIDTH="62" HEIGHT="22" WC="0.96" CONTENT="ställa"/><SP WIDTH="11" VPOS="511" HPOS="885"/>
							<String ID="string_117" HPOS="896" VPOS="512" WIDTH="32" HEIGHT="27" WC="0.96" CONTENT="sig"/><SP WIDTH="9" VPOS="512" HPOS="928"/>
							<String ID="string_118" HPOS="937" VPOS="510" WIDTH="28" HEIGHT="29" WC="0.96" CONTENT="på"/><SP WIDTH="12" VPOS="510" HPOS="965"/>
							<String ID="string_119" HPOS="977" VPOS="511" WIDTH="25" HEIGHT="20" WC="0.96" CONTENT="19"/>
						</TextLine>
						<TextLine ID="line_13" HPOS="177" VPOS="539" WIDTH="826" HEIGHT="30">
							<String ID="string_120" HPOS="177" VPOS="539" WIDTH="98" HEIGHT="28" WC="0.96" CONTENT="miljoner"/><SP WIDTH="21" VPOS="539" HPOS="275"/>
							<String ID="string_121" HPOS="296" VPOS="540" WIDTH="59" HEIGHT="21" WC="0.95" CONTENT="mark"/><SP WIDTH="15" VPOS="540" HPOS="355"/>
							<String ID="string_122" HPOS="370" VPOS="540" WIDTH="79" HEIGHT="29" WC="0.96" CONTENT="årligen"/><SP WIDTH="15" VPOS="540" HPOS="449"/>
							<String ID="string_123" HPOS="464" VPOS="540" WIDTH="40" HEIGHT="21" WC="0.96" CONTENT="och"/><SP WIDTH="15" VPOS="540" HPOS="504"/>
							<String ID="string_124" HPOS="519" VPOS="540" WIDTH="82" HEIGHT="21" WC="0.96" CONTENT="således"/><SP WIDTH="16" VPOS="540" HPOS="601"/>
							<String ID="string_125" HPOS="617" VPOS="540" WIDTH="34" HEIGHT="21" WC="0.95" CONTENT="för"/><SP WIDTH="14" VPOS="540" HPOS="651"/>
							<String ID="string_126" HPOS="665" VPOS="542" WIDTH="13" HEIGHT="19" WC="0.96" CONTENT="4"/><SP WIDTH="16" VPOS="542" HPOS="678"/>
							<String ID="string_127" HPOS="694" VPOS="540" WIDTH="23" HEIGHT="21" WC="0.96" CONTENT="år"/><SP WIDTH="14" VPOS="540" HPOS="717"/>
							<String ID="string_128" HPOS="731" VPOS="540" WIDTH="72" HEIGHT="29" WC="0.96" CONTENT="uppgå"/><SP WIDTH="14" VPOS="540" HPOS="803"/>
							<String ID="string_129" HPOS="817" VPOS="540" WIDTH="33" HEIGHT="21" WC="0.95" CONTENT="till"/><SP WIDTH="16" VPOS="540" HPOS="850"/>
							<String ID="string_130" HPOS="866" VPOS="541" WIDTH="26" HEIGHT="20" WC="0.96" CONTENT="76"/><SP WIDTH="12" VPOS="541" HPOS="892"/>
							<String ID="string_131" HPOS="904" VPOS="540" WIDTH="99" HEIGHT="27" WC="0.96" CONTENT="miljoner."/>
						</TextLine>
						<TextLine ID="line_14" HPOS="177" VPOS="567" WIDTH="825" HEIGHT="30">
							<String ID="string_132" HPOS="177" VPOS="568" WIDTH="31" HEIGHT="21" WC="0.96" CONTENT="Vi"/><SP WIDTH="22" VPOS="568" HPOS="208"/>
							<String ID="string_133" HPOS="230" VPOS="568" WIDTH="65" HEIGHT="22" WC="0.96" CONTENT="hafva"/><SP WIDTH="20" VPOS="568" HPOS="295"/>
							<String ID="string_134" HPOS="315" VPOS="569" WIDTH="7" HEIGHT="20" WC="0.96" CONTENT="i"/><SP WIDTH="15" VPOS="569" HPOS="322"/>
							<String ID="string_135" HPOS="337" VPOS="568" WIDTH="62" HEIGHT="22" WC="0.96" CONTENT="dessa"/><SP WIDTH="13" VPOS="568" HPOS="399"/>
							<String ID="string_136" HPOS="412" VPOS="571" WIDTH="78" HEIGHT="19" WC="0.96" CONTENT="tvänne"/><SP WIDTH="15" VPOS="571" HPOS="490"/>
							<String ID="string_137" HPOS="505" VPOS="572" WIDTH="73" HEIGHT="25" WC="0.96" CONTENT="poster"/><SP WIDTH="14" VPOS="572" HPOS="578"/>
							<String ID="string_138" HPOS="592" VPOS="576" WIDTH="25" HEIGHT="14" WC="0.96" CONTENT="en"/><SP WIDTH="16" VPOS="576" HPOS="617"/>
							<String ID="string_139" HPOS="633" VPOS="577" WIDTH="81" HEIGHT="13" WC="0.96" CONTENT="summa"/><SP WIDTH="15" VPOS="577" HPOS="714"/>
							<String ID="string_140" HPOS="729" VPOS="577" WIDTH="12" HEIGHT="13" WC="0.96" CONTENT="af"/><SP WIDTH="25" VPOS="577" HPOS="741"/>
							<String ID="string_141" HPOS="766" VPOS="570" WIDTH="27" HEIGHT="20" WC="0.96" CONTENT="81"/><SP WIDTH="17" VPOS="570" HPOS="793"/>
							<String ID="string_142" HPOS="810" VPOS="569" WIDTH="95" HEIGHT="28" WC="0.93" CONTENT="miljoner"/><SP WIDTH="14" VPOS="569" HPOS="905"/>
							<String ID="string_143" HPOS="919" VPOS="567" WIDTH="83" HEIGHT="29" WC="0.91" CONTENT="tillgån-"/>
						</TextLine>
						<TextLine ID="line_15" HPOS="177" VPOS="596" WIDTH="824" HEIGHT="50">
							<String ID="string_144" HPOS="177" VPOS="605" WIDTH="38" HEIGHT="41" WC="0.69" CONTENT="fer"/><SP WIDTH="15" VPOS="605" HPOS="215"/>
							<String ID="string_145" HPOS="230" VPOS="597" WIDTH="35" HEIGHT="21" WC="0.96" CONTENT="för"/><SP WIDTH="14" VPOS="597" HPOS="265"/>
							<String ID="string_146" HPOS="279" VPOS="599" WIDTH="60" HEIGHT="20" WC="0.96" CONTENT="nästa"/><SP WIDTH="14" VPOS="599" HPOS="339"/>
							<String ID="string_147" HPOS="353" VPOS="597" WIDTH="161" HEIGHT="29" WC="0.96" CONTENT="fyraårsperiod,"/><SP WIDTH="15" VPOS="597" HPOS="514"/>
							<String ID="string_148" HPOS="529" VPOS="599" WIDTH="7" HEIGHT="20" WC="0.96" CONTENT="i"/><SP WIDTH="16" VPOS="599" HPOS="536"/>
							<String ID="string_149" HPOS="552" VPOS="597" WIDTH="37" HEIGHT="22" WC="0.95" CONTENT="fall"/><SP WIDTH="16" VPOS="597" HPOS="589"/>
							<String ID="string_150" HPOS="605" VPOS="597" WIDTH="37" HEIGHT="22" WC="0.96" CONTENT="det"/><SP WIDTH="15" VPOS="597" HPOS="642"/>
							<String ID="string_151" HPOS="657" VPOS="597" WIDTH="53" HEIGHT="22" WC="0.96" CONTENT="skall"/><SP WIDTH="16" VPOS="597" HPOS="710"/>
							<String ID="string_152" HPOS="726" VPOS="597" WIDTH="68" HEIGHT="22" WC="0.96" CONTENT="blifva"/><SP WIDTH="14" VPOS="597" HPOS="794"/>
							<String ID="string_153" HPOS="808" VPOS="605" WIDTH="26" HEIGHT="13" WC="0.96" CONTENT="en"/><SP WIDTH="12" VPOS="605" HPOS="834"/>
							<String ID="string_154" HPOS="846" VPOS="597" WIDTH="64" HEIGHT="21" WC="0.96" CONTENT="sådan"/><SP WIDTH="13" VPOS="597" HPOS="910"/>
							<String ID="string_155" HPOS="923" VPOS="596" WIDTH="78" HEIGHT="29" WC="0.96" CONTENT="period,"/>
						</TextLine>
					</TextBlock>
					<TextBlock ID="block_3" HPOS="177" VPOS="625" WIDTH="825" HEIGHT="79">
						<TextLine ID="line_16" HPOS="193" VPOS="625" WIDTH="808" HEIGHT="29">
							<String ID="string_156" HPOS="193" VPOS="625" WIDTH="68" HEIGHT="22" WC="0.96" CONTENT="vilket"/><SP WIDTH="14" VPOS="625" HPOS="261"/>
							<String ID="string_157" HPOS="275" VPOS="627" WIDTH="22" HEIGHT="20" WC="0.96" CONTENT="vi"/><SP WIDTH="14" VPOS="627" HPOS="297"/>
							<String ID="string_158" HPOS="311" VPOS="626" WIDTH="22" HEIGHT="28" WC="0.96" CONTENT="ju"/><SP WIDTH="14" VPOS="626" HPOS="333"/>
							<String ID="string_159" HPOS="347" VPOS="626" WIDTH="48" HEIGHT="21" WC="0.95" CONTENT="icke"/><SP WIDTH="15" VPOS="626" HPOS="395"/>
							<String ID="string_160" HPOS="410" VPOS="628" WIDTH="55" HEIGHT="19" WC="0.96" CONTENT="ännu"/><SP WIDTH="15" VPOS="628" HPOS="465"/>
							<String ID="string_161" HPOS="480" VPOS="626" WIDTH="71" HEIGHT="21" WC="0.96" CONTENT="kunna"/><SP WIDTH="14" VPOS="626" HPOS="551"/>
							<String ID="string_162" HPOS="565" VPOS="629" WIDTH="54" HEIGHT="18" WC="0.93" CONTENT="veta."/><SP WIDTH="31" VPOS="629" HPOS="619"/>
							<String ID="string_163" HPOS="650" VPOS="626" WIDTH="66" HEIGHT="21" WC="0.88" CONTENT="Gifna"/><SP WIDTH="15" VPOS="626" HPOS="716"/>
							<String ID="string_164" HPOS="731" VPOS="626" WIDTH="89" HEIGHT="28" WC="0.96" CONTENT="utgifter"/><SP WIDTH="14" VPOS="626" HPOS="820"/>
							<String ID="string_165" HPOS="834" VPOS="628" WIDTH="36" HEIGHT="19" WC="0.92" CONTENT="äro"/><SP WIDTH="15" VPOS="628" HPOS="870"/>
							<String ID="string_166" HPOS="885" VPOS="626" WIDTH="116" HEIGHT="21" WC="0.92" CONTENT="annuiteter"/>
						</TextLine>
						<TextLine ID="line_17" HPOS="177" VPOS="653" WIDTH="825" HEIGHT="51">
							<String ID="string_167" HPOS="177" VPOS="653" WIDTH="28" HEIGHT="51" WC="0.92" CONTENT="E"/><SP WIDTH="22" VPOS="653" HPOS="205"/>
							<String ID="string_168" HPOS="227" VPOS="657" WIDTH="108" HEIGHT="26" WC="0.92" CONTENT="upptagna"/><SP WIDTH="21" VPOS="657" HPOS="335"/>
							<String ID="string_169" HPOS="356" VPOS="655" WIDTH="138" HEIGHT="28" WC="0.91" CONTENT="jernvägslän,"/><SP WIDTH="15" VPOS="655" HPOS="494"/>
							<String ID="string_170" HPOS="509" VPOS="655" WIDTH="61" HEIGHT="21" WC="0.93" CONTENT="hvari"/><SP WIDTH="16" VPOS="655" HPOS="570"/>
							<String ID="string_171" HPOS="586" VPOS="655" WIDTH="21" HEIGHT="21" WC="0.96" CONTENT="vi"/><SP WIDTH="15" VPOS="655" HPOS="607"/>
							<String ID="string_172" HPOS="622" VPOS="655" WIDTH="28" HEIGHT="21" WC="0.93" CONTENT="dä"/><SP WIDTH="15" VPOS="655" HPOS="650"/>
							<String ID="string_173" HPOS="665" VPOS="655" WIDTH="51" HEIGHT="21" WC="0.93" CONTENT="böra"/><SP WIDTH="15" VPOS="655" HPOS="716"/>
							<String ID="string_174" HPOS="731" VPOS="655" WIDTH="94" HEIGHT="21" WC="0.92" CONTENT="beräkna"/><SP WIDTH="14" VPOS="655" HPOS="825"/>
							<String ID="string_175" HPOS="839" VPOS="655" WIDTH="120" HEIGHT="20" WC="0.89" CONTENT="annuiteten"/><SP WIDTH="15" VPOS="655" HPOS="959"/>
							<String ID="string_176" HPOS="974" VPOS="653" WIDTH="28" HEIGHT="29" WC="0.97" CONTENT="pä"/>
						</TextLine>
					</TextBlock>
					<TextBlock ID="block_4" HPOS="171" VPOS="683" WIDTH="830" HEIGHT="856">
						<TextLine ID="line_18" HPOS="193" VPOS="683" WIDTH="808" HEIGHT="28">
							<String ID="string_177" HPOS="193" VPOS="685" WIDTH="22" HEIGHT="19" WC="0.95" CONTENT="et"/><SP WIDTH="14" VPOS="685" HPOS="215"/>
							<String ID="string_178" HPOS="229" VPOS="683" WIDTH="41" HEIGHT="26" WC="0.95" CONTENT="län,"/><SP WIDTH="15" VPOS="683" HPOS="270"/>
							<String ID="string_179" HPOS="285" VPOS="691" WIDTH="44" HEIGHT="13" WC="0.96" CONTENT="som"/><SP WIDTH="15" VPOS="691" HPOS="329"/>
							<String ID="string_180" HPOS="344" VPOS="683" WIDTH="38" HEIGHT="22" WC="0.96" CONTENT="vid"/><SP WIDTH="14" VPOS="683" HPOS="382"/>
							<String ID="string_181" HPOS="396" VPOS="683" WIDTH="69" HEIGHT="22" WC="0.92" CONTENT="denna"/><SP WIDTH="14" VPOS="683" HPOS="465"/>
							<String ID="string_182" HPOS="479" VPOS="683" WIDTH="103" HEIGHT="28" WC="0.92" CONTENT="landtdag"/><SP WIDTH="15" VPOS="683" HPOS="582"/>
							<String ID="string_183" HPOS="597" VPOS="683" WIDTH="41" HEIGHT="22" WC="0.93" CONTENT="kan"/><SP WIDTH="12" VPOS="683" HPOS="638"/>
							<String ID="string_184" HPOS="650" VPOS="683" WIDTH="66" HEIGHT="22" WC="0.96" CONTENT="blifva"/><SP WIDTH="10" VPOS="683" HPOS="716"/>
							<String ID="string_185" HPOS="726" VPOS="683" WIDTH="97" HEIGHT="22" WC="0.96" CONTENT="beslutet."/><SP WIDTH="15" VPOS="683" HPOS="823"/>
							<String ID="string_186" HPOS="838" VPOS="683" WIDTH="70" HEIGHT="21" WC="0.96" CONTENT="Dessa"/><SP WIDTH="10" VPOS="683" HPOS="908"/>
							<String ID="string_187" HPOS="918" VPOS="683" WIDTH="83" HEIGHT="21" WC="0.95" CONTENT="komma"/>
						</TextLine>
						<TextLine ID="line_19" HPOS="177" VPOS="711" WIDTH="824" HEIGHT="29">
							<String ID="string_188" HPOS="177" VPOS="714" WIDTH="33" HEIGHT="19" WC="0.93" CONTENT="att"/><SP WIDTH="15" VPOS="714" HPOS="210"/>
							<String ID="string_189" HPOS="225" VPOS="712" WIDTH="55" HEIGHT="28" WC="0.93" CONTENT="stiga"/><SP WIDTH="15" VPOS="712" HPOS="280"/>
							<String ID="string_190" HPOS="295" VPOS="713" WIDTH="165" HEIGHT="27" WC="0.91" CONTENT="approximativt"/><SP WIDTH="14" VPOS="713" HPOS="460"/>
							<String ID="string_191" HPOS="474" VPOS="712" WIDTH="33" HEIGHT="21" WC="0.96" CONTENT="till"/><SP WIDTH="15" VPOS="712" HPOS="507"/>
							<String ID="string_192" HPOS="522" VPOS="713" WIDTH="27" HEIGHT="20" WC="0.96" CONTENT="26"/><SP WIDTH="17" VPOS="713" HPOS="549"/>
							<String ID="string_193" HPOS="566" VPOS="712" WIDTH="95" HEIGHT="28" WC="0.96" CONTENT="miljoner"/><SP WIDTH="15" VPOS="712" HPOS="661"/>
							<String ID="string_194" HPOS="676" VPOS="712" WIDTH="66" HEIGHT="21" WC="0.96" CONTENT="mark."/><SP WIDTH="25" VPOS="712" HPOS="742"/>
							<String ID="string_195" HPOS="767" VPOS="712" WIDTH="53" HEIGHT="21" WC="0.96" CONTENT="Med"/><SP WIDTH="16" VPOS="712" HPOS="820"/>
							<String ID="string_196" HPOS="836" VPOS="711" WIDTH="119" HEIGHT="28" WC="0.96" CONTENT="anslutning"/><SP WIDTH="13" VPOS="711" HPOS="955"/>
							<String ID="string_197" HPOS="968" VPOS="711" WIDTH="33" HEIGHT="21" WC="0.94" CONTENT="till"/>
						</TextLine>
						<TextLine ID="line_20" HPOS="177" VPOS="739" WIDTH="824" HEIGHT="30">
							<String ID="string_198" HPOS="177" VPOS="739" WIDTH="27" HEIGHT="22" WC="0.95" CONTENT="de"/><SP WIDTH="23" VPOS="739" HPOS="204"/>
							<String ID="string_199" HPOS="227" VPOS="740" WIDTH="144" HEIGHT="28" WC="0.95" CONTENT="beräkningar,"/><SP WIDTH="22" VPOS="740" HPOS="371"/>
							<String ID="string_200" HPOS="393" VPOS="748" WIDTH="45" HEIGHT="14" WC="0.96" CONTENT="som"/><SP WIDTH="22" VPOS="748" HPOS="438"/>
							<String ID="string_201" HPOS="460" VPOS="741" WIDTH="8" HEIGHT="21" WC="0.89" CONTENT="i"/><SP WIDTH="14" VPOS="741" HPOS="468"/>
							<String ID="string_202" HPOS="482" VPOS="741" WIDTH="174" HEIGHT="22" WC="0.89" CONTENT="Statsutskottets"/><SP WIDTH="16" VPOS="741" HPOS="656"/>
							<String ID="string_203" HPOS="672" VPOS="741" WIDTH="133" HEIGHT="22" WC="0.92" CONTENT="betänkande"/><SP WIDTH="15" VPOS="741" HPOS="805"/>
							<String ID="string_204" HPOS="820" VPOS="740" WIDTH="108" HEIGHT="29" WC="0.92" CONTENT="angäende"/><SP WIDTH="15" VPOS="740" HPOS="928"/>
							<String ID="string_205" HPOS="943" VPOS="740" WIDTH="58" HEIGHT="21" WC="0.92" CONTENT="kom-"/>
						</TextLine>
						<TextLine ID="line_21" HPOS="177" VPOS="768" WIDTH="823" HEIGHT="27">
							<String ID="string_206" HPOS="177" VPOS="769" WIDTH="221" HEIGHT="21" WC="0.90" CONTENT="munikationsfonden"/><SP WIDTH="23" VPOS="769" HPOS="398"/>
							<String ID="string_207" HPOS="421" VPOS="771" WIDTH="36" HEIGHT="19" WC="0.91" CONTENT="äro"/><SP WIDTH="22" VPOS="771" HPOS="457"/>
							<String ID="string_208" HPOS="479" VPOS="769" WIDTH="131" HEIGHT="26" WC="0.92" CONTENT="framstälda,"/><SP WIDTH="15" VPOS="769" HPOS="610"/>
							<String ID="string_209" HPOS="625" VPOS="769" WIDTH="40" HEIGHT="21" WC="0.96" CONTENT="och"/><SP WIDTH="19" VPOS="769" HPOS="665"/>
							<String ID="string_210" HPOS="684" VPOS="769" WIDTH="26" HEIGHT="21" WC="0.93" CONTENT="de"/><SP WIDTH="15" VPOS="769" HPOS="710"/>
							<String ID="string_211" HPOS="725" VPOS="769" WIDTH="130" HEIGHT="26" WC="0.92" CONTENT="uttalanden,"/><SP WIDTH="15" VPOS="769" HPOS="855"/>
							<String ID="string_212" HPOS="870" VPOS="776" WIDTH="44" HEIGHT="14" WC="0.93" CONTENT="som"/><SP WIDTH="16" VPOS="776" HPOS="914"/>
							<String ID="string_213" HPOS="930" VPOS="768" WIDTH="70" HEIGHT="21" WC="0.92" CONTENT="dertill"/>
						</TextLine>
						<TextLine ID="line_22" HPOS="176" VPOS="796" WIDTH="825" HEIGHT="30">
							<String ID="string_214" HPOS="176" VPOS="796" WIDTH="84" HEIGHT="22" WC="0.93" CONTENT="ansluta"/><SP WIDTH="20" VPOS="796" HPOS="260"/>
							<String ID="string_215" HPOS="280" VPOS="798" WIDTH="37" HEIGHT="27" WC="0.92" CONTENT="sig,"/><SP WIDTH="24" VPOS="798" HPOS="317"/>
							<String ID="string_216" HPOS="341" VPOS="797" WIDTH="40" HEIGHT="21" WC="0.96" CONTENT="kan"/><SP WIDTH="23" VPOS="797" HPOS="381"/>
							<String ID="string_217" HPOS="404" VPOS="806" WIDTH="47" HEIGHT="13" WC="0.93" CONTENT="man"/><SP WIDTH="23" VPOS="806" HPOS="451"/>
							<String ID="string_218" HPOS="474" VPOS="798" WIDTH="98" HEIGHT="21" WC="0.92" CONTENT="förmoda"/><SP WIDTH="15" VPOS="798" HPOS="572"/>
							<String ID="string_219" HPOS="587" VPOS="801" WIDTH="32" HEIGHT="18" WC="0.93" CONTENT="att"/><SP WIDTH="14" VPOS="801" HPOS="619"/>
							<String ID="string_220" HPOS="633" VPOS="798" WIDTH="179" HEIGHT="28" WC="0.91" CONTENT="nybyggnaderna"/><SP WIDTH="14" VPOS="798" HPOS="812"/>
							<String ID="string_221" HPOS="826" VPOS="797" WIDTH="37" HEIGHT="22" WC="0.96" CONTENT="vid"/><SP WIDTH="15" VPOS="797" HPOS="863"/>
							<String ID="string_222" HPOS="878" VPOS="797" WIDTH="27" HEIGHT="21" WC="0.93" CONTENT="de"/><SP WIDTH="15" VPOS="797" HPOS="905"/>
							<String ID="string_223" HPOS="920" VPOS="797" WIDTH="81" HEIGHT="27" WC="0.93" CONTENT="färdiga"/>
						</TextLine>
						<TextLine ID="line_23" HPOS="177" VPOS="825" WIDTH="824" HEIGHT="29">
							<String ID="string_224" HPOS="177" VPOS="825" WIDTH="94" HEIGHT="21" WC="0.91" CONTENT="banorna"/><SP WIDTH="21" VPOS="825" HPOS="271"/>
							<String ID="string_225" HPOS="292" VPOS="826" WIDTH="48" HEIGHT="21" WC="0.91" CONTENT="icke"/><SP WIDTH="22" VPOS="826" HPOS="340"/>
							<String ID="string_226" HPOS="362" VPOS="826" WIDTH="67" HEIGHT="21" WC="0.93" CONTENT="skulle"/><SP WIDTH="15" VPOS="826" HPOS="429"/>
							<String ID="string_227" HPOS="444" VPOS="826" WIDTH="94" HEIGHT="22" WC="0.93" CONTENT="behöfva"/><SP WIDTH="15" VPOS="826" HPOS="538"/>
							<String ID="string_228" HPOS="553" VPOS="834" WIDTH="44" HEIGHT="13" WC="0.96" CONTENT="mer"/><SP WIDTH="15" VPOS="834" HPOS="597"/>
							<String ID="string_229" HPOS="612" VPOS="828" WIDTH="25" HEIGHT="20" WC="0.96" CONTENT="än"/><SP WIDTH="18" VPOS="828" HPOS="637"/>
							<String ID="string_230" HPOS="655" VPOS="828" WIDTH="25" HEIGHT="20" WC="0.96" CONTENT="15"/><SP WIDTH="16" VPOS="828" HPOS="680"/>
							<String ID="string_231" HPOS="696" VPOS="826" WIDTH="96" HEIGHT="28" WC="0.96" CONTENT="miljoner"/><SP WIDTH="15" VPOS="826" HPOS="792"/>
							<String ID="string_232" HPOS="807" VPOS="826" WIDTH="67" HEIGHT="26" WC="0.93" CONTENT="mark,"/><SP WIDTH="14" VPOS="826" HPOS="874"/>
							<String ID="string_233" HPOS="888" VPOS="825" WIDTH="67" HEIGHT="21" WC="0.92" CONTENT="likasä"/><SP WIDTH="14" VPOS="825" HPOS="955"/>
							<String ID="string_234" HPOS="969" VPOS="828" WIDTH="32" HEIGHT="18" WC="0.96" CONTENT="att"/>
						</TextLine>
						<TextLine ID="line_24" HPOS="175" VPOS="854" WIDTH="826" HEIGHT="29">
							<String ID="string_235" HPOS="175" VPOS="854" WIDTH="36" HEIGHT="21" WC="0.96" CONTENT="för"/><SP WIDTH="21" VPOS="854" HPOS="211"/>
							<String ID="string_236" HPOS="232" VPOS="854" WIDTH="65" HEIGHT="28" WC="0.93" CONTENT="rörlig"/><SP WIDTH="22" VPOS="854" HPOS="297"/>
							<String ID="string_237" HPOS="319" VPOS="855" WIDTH="95" HEIGHT="21" WC="0.90" CONTENT="materiel"/><SP WIDTH="19" VPOS="855" HPOS="414"/>
							<String ID="string_238" HPOS="433" VPOS="854" WIDTH="34" HEIGHT="22" WC="0.96" CONTENT="för"/><SP WIDTH="14" VPOS="854" HPOS="467"/>
							<String ID="string_239" HPOS="481" VPOS="854" WIDTH="27" HEIGHT="22" WC="0.93" CONTENT="de"/><SP WIDTH="16" VPOS="854" HPOS="508"/>
							<String ID="string_240" HPOS="524" VPOS="855" WIDTH="47" HEIGHT="28" WC="0.92" CONTENT="fyra"/><SP WIDTH="14" VPOS="855" HPOS="571"/>
							<String ID="string_241" HPOS="585" VPOS="854" WIDTH="50" HEIGHT="22" WC="0.93" CONTENT="ären"/><SP WIDTH="15" VPOS="854" HPOS="635"/>
							<String ID="string_242" HPOS="650" VPOS="855" WIDTH="48" HEIGHT="21" WC="0.93" CONTENT="icke"/><SP WIDTH="15" VPOS="855" HPOS="698"/>
							<String ID="string_243" HPOS="713" VPOS="855" WIDTH="67" HEIGHT="21" WC="0.93" CONTENT="skulle"/><SP WIDTH="16" VPOS="855" HPOS="780"/>
							<String ID="string_244" HPOS="796" VPOS="854" WIDTH="105" HEIGHT="22" WC="0.92" CONTENT="erfordras"/><SP WIDTH="15" VPOS="854" HPOS="901"/>
							<String ID="string_245" HPOS="916" VPOS="862" WIDTH="44" HEIGHT="13" WC="0.96" CONTENT="mer"/><SP WIDTH="15" VPOS="862" HPOS="960"/>
							<String ID="string_246" HPOS="975" VPOS="856" WIDTH="26" HEIGHT="18" WC="0.96" CONTENT="än"/>
						</TextLine>
						<TextLine ID="line_25" HPOS="176" VPOS="882" WIDTH="825" HEIGHT="29">
							<String ID="string_247" HPOS="176" VPOS="883" WIDTH="28" HEIGHT="20" WC="0.93" CONTENT="24"/><SP WIDTH="22" VPOS="883" HPOS="204"/>
							<String ID="string_248" HPOS="226" VPOS="882" WIDTH="96" HEIGHT="29" WC="0.93" CONTENT="miljoner"/><SP WIDTH="22" VPOS="882" HPOS="322"/>
							<String ID="string_249" HPOS="344" VPOS="883" WIDTH="65" HEIGHT="21" WC="0.93" CONTENT="mark."/><SP WIDTH="29" VPOS="883" HPOS="409"/>
							<String ID="string_250" HPOS="438" VPOS="883" WIDTH="36" HEIGHT="21" WC="0.95" CONTENT="Då"/><SP WIDTH="21" VPOS="883" HPOS="474"/>
							<String ID="string_251" HPOS="495" VPOS="883" WIDTH="66" HEIGHT="21" WC="0.95" CONTENT="hafva"/><SP WIDTH="15" VPOS="883" HPOS="561"/>
							<String ID="string_252" HPOS="576" VPOS="884" WIDTH="22" HEIGHT="21" WC="0.96" CONTENT="vi"/><SP WIDTH="15" VPOS="884" HPOS="598"/>
							<String ID="string_253" HPOS="613" VPOS="884" WIDTH="26" HEIGHT="21" WC="0.96" CONTENT="65"/><SP WIDTH="16" VPOS="884" HPOS="639"/>
							<String ID="string_254" HPOS="655" VPOS="884" WIDTH="95" HEIGHT="27" WC="0.97" CONTENT="miljoner"/><SP WIDTH="15" VPOS="884" HPOS="750"/>
							<String ID="string_255" HPOS="765" VPOS="883" WIDTH="60" HEIGHT="21" WC="0.93" CONTENT="mark"/><SP WIDTH="15" VPOS="883" HPOS="825"/>
							<String ID="string_256" HPOS="840" VPOS="882" WIDTH="59" HEIGHT="29" WC="0.89" CONTENT="gifna"/><SP WIDTH="15" VPOS="882" HPOS="899"/>
							<String ID="string_257" HPOS="914" VPOS="882" WIDTH="87" HEIGHT="24" WC="0.96" CONTENT="utgifter"/>
						</TextLine>
						<TextLine ID="line_26" HPOS="176" VPOS="910" WIDTH="824" HEIGHT="30">
							<String ID="string_258" HPOS="176" VPOS="911" WIDTH="87" HEIGHT="21" WC="0.93" CONTENT="utöfver"/><SP WIDTH="14" VPOS="911" HPOS="263"/>
							<String ID="string_259" HPOS="277" VPOS="911" WIDTH="98" HEIGHT="28" WC="0.96" CONTENT="anslagen"/><SP WIDTH="15" VPOS="911" HPOS="375"/>
							<String ID="string_260" HPOS="390" VPOS="912" WIDTH="32" HEIGHT="21" WC="0.93" CONTENT="till"/><SP WIDTH="15" VPOS="912" HPOS="422"/>
							<String ID="string_261" HPOS="437" VPOS="912" WIDTH="249" HEIGHT="28" WC="0.88" CONTENT="jernvägsanläggningar"/><SP WIDTH="14" VPOS="912" HPOS="686"/>
							<String ID="string_262" HPOS="700" VPOS="912" WIDTH="40" HEIGHT="21" WC="0.96" CONTENT="och"/><SP WIDTH="12" VPOS="912" HPOS="740"/>
							<String ID="string_263" HPOS="752" VPOS="911" WIDTH="35" HEIGHT="22" WC="0.93" CONTENT="för"/><SP WIDTH="10" VPOS="911" HPOS="787"/>
							<String ID="string_264" HPOS="797" VPOS="911" WIDTH="130" HEIGHT="22" WC="0.90" CONTENT="sistnämnda"/><SP WIDTH="10" VPOS="911" HPOS="927"/>
							<String ID="string_265" HPOS="937" VPOS="910" WIDTH="63" HEIGHT="22" WC="0.92" CONTENT="ända-"/>
						</TextLine>
						<TextLine ID="line_27" HPOS="175" VPOS="939" WIDTH="826" HEIGHT="30">
							<String ID="string_266" HPOS="175" VPOS="939" WIDTH="42" HEIGHT="21" WC="0.93" CONTENT="mäl"/><SP WIDTH="23" VPOS="939" HPOS="217"/>
							<String ID="string_267" HPOS="240" VPOS="942" WIDTH="33" HEIGHT="19" WC="0.93" CONTENT="ett"/><SP WIDTH="20" VPOS="942" HPOS="273"/>
							<String ID="string_268" HPOS="293" VPOS="939" WIDTH="119" HEIGHT="22" WC="0.92" CONTENT="öfverskott"/><SP WIDTH="21" VPOS="939" HPOS="412"/>
							<String ID="string_269" HPOS="433" VPOS="940" WIDTH="29" HEIGHT="29" WC="0.96" CONTENT="pä"/><SP WIDTH="21" VPOS="940" HPOS="462"/>
							<String ID="string_270" HPOS="483" VPOS="941" WIDTH="26" HEIGHT="20" WC="0.96" CONTENT="16"/><SP WIDTH="24" VPOS="941" HPOS="509"/>
							<String ID="string_271" HPOS="533" VPOS="941" WIDTH="95" HEIGHT="27" WC="0.96" CONTENT="miljoner"/><SP WIDTH="17" VPOS="941" HPOS="628"/>
							<String ID="string_272" HPOS="645" VPOS="941" WIDTH="65" HEIGHT="21" WC="0.96" CONTENT="mark."/><SP WIDTH="29" VPOS="941" HPOS="710"/>
							<String ID="string_273" HPOS="739" VPOS="940" WIDTH="29" HEIGHT="21" WC="0.96" CONTENT="Ju"/><SP WIDTH="16" VPOS="940" HPOS="768"/>
							<String ID="string_274" HPOS="784" VPOS="940" WIDTH="80" HEIGHT="21" WC="0.96" CONTENT="mindre"/><SP WIDTH="16" VPOS="940" HPOS="864"/>
							<String ID="string_275" HPOS="880" VPOS="943" WIDTH="31" HEIGHT="18" WC="0.93" CONTENT="ett"/><SP WIDTH="15" VPOS="943" HPOS="911"/>
							<String ID="string_276" HPOS="926" VPOS="939" WIDTH="75" HEIGHT="22" WC="0.93" CONTENT="sädant"/>
						</TextLine>
						<TextLine ID="line_28" HPOS="175" VPOS="967" WIDTH="824" HEIGHT="30">
							<String ID="string_277" HPOS="175" VPOS="967" WIDTH="121" HEIGHT="22" WC="0.81" CONTENT="Ofverskott"/><SP WIDTH="23" VPOS="967" HPOS="296"/>
							<String ID="string_278" HPOS="319" VPOS="981" WIDTH="25" HEIGHT="2" WC="0.92" CONTENT="—"/><SP WIDTH="24" VPOS="981" HPOS="344"/>
							<String ID="string_279" HPOS="368" VPOS="969" WIDTH="21" HEIGHT="21" WC="0.93" CONTENT="vi"/><SP WIDTH="22" VPOS="969" HPOS="389"/>
							<String ID="string_280" HPOS="411" VPOS="971" WIDTH="48" HEIGHT="19" WC="0.96" CONTENT="röra"/><SP WIDTH="21" VPOS="971" HPOS="459"/>
							<String ID="string_281" HPOS="480" VPOS="976" WIDTH="34" HEIGHT="14" WC="0.93" CONTENT="oss"/><SP WIDTH="15" VPOS="976" HPOS="514"/>
							<String ID="string_282" HPOS="529" VPOS="969" WIDTH="134" HEIGHT="28" WC="0.96" CONTENT="naturligtvis"/><SP WIDTH="14" VPOS="969" HPOS="663"/>
							<String ID="string_283" HPOS="677" VPOS="969" WIDTH="49" HEIGHT="21" WC="0.97" CONTENT="med"/><SP WIDTH="15" VPOS="969" HPOS="726"/>
							<String ID="string_284" HPOS="741" VPOS="969" WIDTH="46" HEIGHT="21" WC="0.97" CONTENT="helt"/><SP WIDTH="14" VPOS="969" HPOS="787"/>
							<String ID="string_285" HPOS="801" VPOS="969" WIDTH="40" HEIGHT="20" WC="0.93" CONTENT="och"/><SP WIDTH="15" VPOS="969" HPOS="841"/>
							<String ID="string_286" HPOS="856" VPOS="968" WIDTH="66" HEIGHT="21" WC="0.93" CONTENT="hållet"/><SP WIDTH="14" VPOS="968" HPOS="922"/>
							<String ID="string_287" HPOS="936" VPOS="975" WIDTH="63" HEIGHT="14" WC="0.92" CONTENT="unge-"/>
						</TextLine>
						<TextLine ID="line_29" HPOS="175" VPOS="996" WIDTH="825" HEIGHT="29">
							<String ID="string_288" HPOS="175" VPOS="996" WIDTH="78" HEIGHT="28" WC="0.92" CONTENT="färliga"/><SP WIDTH="20" VPOS="996" HPOS="253"/>
							<String ID="string_289" HPOS="273" VPOS="1004" WIDTH="91" HEIGHT="14" WC="0.92" CONTENT="summor"/><SP WIDTH="15" VPOS="1004" HPOS="364"/>
							<String ID="string_290" HPOS="379" VPOS="1011" WIDTH="26" HEIGHT="2" WC="0.93" CONTENT="—"/><SP WIDTH="16" VPOS="1011" HPOS="405"/>
							<String ID="string_291" HPOS="421" VPOS="999" WIDTH="24" HEIGHT="19" WC="0.93" CONTENT="är"/><SP WIDTH="14" VPOS="999" HPOS="445"/>
							<String ID="string_292" HPOS="459" VPOS="997" WIDTH="114" HEIGHT="28" WC="0.92" CONTENT="graveradt"/><SP WIDTH="14" VPOS="997" HPOS="573"/>
							<String ID="string_293" HPOS="587" VPOS="997" WIDTH="22" HEIGHT="22" WC="0.96" CONTENT="af"/><SP WIDTH="15" VPOS="997" HPOS="609"/>
							<String ID="string_294" HPOS="624" VPOS="998" WIDTH="149" HEIGHT="27" WC="0.96" CONTENT="skyldigheten"/><SP WIDTH="15" VPOS="998" HPOS="773"/>
							<String ID="string_295" HPOS="788" VPOS="1000" WIDTH="32" HEIGHT="18" WC="0.93" CONTENT="att"/><SP WIDTH="15" VPOS="1000" HPOS="820"/>
							<String ID="string_296" HPOS="835" VPOS="997" WIDTH="79" HEIGHT="22" WC="0.93" CONTENT="bevilja"/><SP WIDTH="14" VPOS="997" HPOS="914"/>
							<String ID="string_297" HPOS="928" VPOS="1004" WIDTH="72" HEIGHT="21" WC="0.92" CONTENT="anslag"/>
						</TextLine>
						<TextLine ID="line_30" HPOS="175" VPOS="1005" WIDTH="824" HEIGHT="48">
							<String ID="string_298" HPOS="175" VPOS="1024" WIDTH="33" HEIGHT="21" WC="0.93" CONTENT="till"/><SP WIDTH="39" VPOS="1024" HPOS="208"/>
							<String ID="string_299" HPOS="247" VPOS="1025" WIDTH="98" HEIGHT="28" WC="0.93" CONTENT="påbörjade"/><SP WIDTH="22" VPOS="1025" HPOS="345"/>
							<String ID="string_300" HPOS="367" VPOS="1025" WIDTH="39" HEIGHT="22" WC="0.90" CONTENT="och"/><SP WIDTH="23" VPOS="1025" HPOS="406"/>
							<String ID="string_301" HPOS="429" VPOS="1025" WIDTH="47" HEIGHT="22" WC="0.96" CONTENT="icke"/><SP WIDTH="23" VPOS="1025" HPOS="476"/>
							<String ID="string_302" HPOS="499" VPOS="1026" WIDTH="134" HEIGHT="21" WC="0.96" CONTENT="fullbordade"/><SP WIDTH="30" VPOS="1026" HPOS="633"/>
							<String ID="string_303" HPOS="663" VPOS="1034" WIDTH="56" HEIGHT="18" WC="0.96" CONTENT="banor,"/><SP WIDTH="16" VPOS="1034" HPOS="719"/>
							<String ID="string_304" HPOS="735" VPOS="1026" WIDTH="49" HEIGHT="21" WC="0.96" CONTENT="dess"/><SP WIDTH="15" VPOS="1026" HPOS="784"/>
							<String ID="string_305" HPOS="799" VPOS="1027" WIDTH="67" HEIGHT="20" WC="0.97" CONTENT="större"/><SP WIDTH="15" VPOS="1027" HPOS="866"/>
							<String ID="string_306" HPOS="881" VPOS="1005" WIDTH="35" HEIGHT="42" WC="0.93" CONTENT="del"/><SP WIDTH="15" VPOS="1005" HPOS="916"/>
							<String ID="string_307" HPOS="931" VPOS="1025" WIDTH="68" HEIGHT="21" WC="0.96" CONTENT="finnes"/>
						</TextLine>
						<TextLine ID="line_31" HPOS="174" VPOS="1053" WIDTH="826" HEIGHT="30">
							<String ID="string_308" HPOS="174" VPOS="1053" WIDTH="29" HEIGHT="21" WC="0.92" CONTENT="då"/><SP WIDTH="36" VPOS="1053" HPOS="203"/>
							<String ID="string_309" HPOS="239" VPOS="1053" WIDTH="104" HEIGHT="29" WC="0.91" CONTENT="disponibel"/><SP WIDTH="22" VPOS="1053" HPOS="343"/>
							<String ID="string_310" HPOS="365" VPOS="1054" WIDTH="34" HEIGHT="21" WC="0.96" CONTENT="för"/><SP WIDTH="21" VPOS="1054" HPOS="399"/>
							<String ID="string_311" HPOS="420" VPOS="1054" WIDTH="72" HEIGHT="27" WC="0.96" CONTENT="banor,"/><SP WIDTH="22" VPOS="1054" HPOS="492"/>
							<String ID="string_312" HPOS="514" VPOS="1062" WIDTH="45" HEIGHT="14" WC="0.96" CONTENT="som"/><SP WIDTH="23" VPOS="1062" HPOS="559"/>
							<String ID="string_313" HPOS="582" VPOS="1055" WIDTH="37" HEIGHT="21" WC="0.96" CONTENT="vid"/><SP WIDTH="16" VPOS="1055" HPOS="619"/>
							<String ID="string_314" HPOS="635" VPOS="1056" WIDTH="54" HEIGHT="21" WC="0.96" CONTENT="1904"/><SP WIDTH="15" VPOS="1056" HPOS="689"/>
							<String ID="string_315" HPOS="704" VPOS="1055" WIDTH="33" HEIGHT="21" WC="0.92" CONTENT="års"/><SP WIDTH="16" VPOS="1055" HPOS="737"/>
							<String ID="string_316" HPOS="753" VPOS="1054" WIDTH="102" HEIGHT="29" WC="0.91" CONTENT="landtdag"/><SP WIDTH="15" VPOS="1054" HPOS="855"/>
							<String ID="string_317" HPOS="870" VPOS="1054" WIDTH="83" HEIGHT="21" WC="0.96" CONTENT="komma"/><SP WIDTH="15" VPOS="1054" HPOS="953"/>
							<String ID="string_318" HPOS="968" VPOS="1057" WIDTH="32" HEIGHT="18" WC="0.96" CONTENT="att"/>
						</TextLine>
						<TextLine ID="line_32" HPOS="176" VPOS="1081" WIDTH="823" HEIGHT="30">
							<String ID="string_319" HPOS="176" VPOS="1081" WIDTH="99" HEIGHT="22" WC="0.95" CONTENT="beslutas."/><SP WIDTH="29" VPOS="1081" HPOS="275"/>
							<String ID="string_320" HPOS="304" VPOS="1082" WIDTH="52" HEIGHT="21" WC="0.96" CONTENT="Men"/><SP WIDTH="15" VPOS="1082" HPOS="356"/>
							<String ID="string_321" HPOS="371" VPOS="1091" WIDTH="33" HEIGHT="13" WC="0.97" CONTENT="om"/><SP WIDTH="16" VPOS="1091" HPOS="404"/>
							<String ID="string_322" HPOS="420" VPOS="1091" WIDTH="48" HEIGHT="13" WC="0.96" CONTENT="man"/><SP WIDTH="15" VPOS="1091" HPOS="468"/>
							<String ID="string_323" HPOS="483" VPOS="1083" WIDTH="76" HEIGHT="21" WC="0.96" CONTENT="tänker"/><SP WIDTH="14" VPOS="1083" HPOS="559"/>
							<String ID="string_324" HPOS="573" VPOS="1084" WIDTH="32" HEIGHT="27" WC="0.96" CONTENT="sig"/><SP WIDTH="15" VPOS="1084" HPOS="605"/>
							<String ID="string_325" HPOS="620" VPOS="1087" WIDTH="32" HEIGHT="18" WC="0.96" CONTENT="att"/><SP WIDTH="15" VPOS="1087" HPOS="652"/>
							<String ID="string_326" HPOS="667" VPOS="1084" WIDTH="21" HEIGHT="21" WC="0.96" CONTENT="vi"/><SP WIDTH="15" VPOS="1084" HPOS="688"/>
							<String ID="string_327" HPOS="703" VPOS="1083" WIDTH="59" HEIGHT="22" WC="0.93" CONTENT="skola"/><SP WIDTH="16" VPOS="1083" HPOS="762"/>
							<String ID="string_328" HPOS="778" VPOS="1083" WIDTH="89" HEIGHT="21" WC="0.91" CONTENT="fortfara"/><SP WIDTH="15" VPOS="1083" HPOS="867"/>
							<String ID="string_329" HPOS="882" VPOS="1082" WIDTH="49" HEIGHT="21" WC="0.92" CONTENT="med"/><SP WIDTH="14" VPOS="1082" HPOS="931"/>
							<String ID="string_330" HPOS="945" VPOS="1083" WIDTH="54" HEIGHT="27" WC="0.92" CONTENT="jern-"/>
						</TextLine>
						<TextLine ID="line_33" HPOS="174" VPOS="1110" WIDTH="825" HEIGHT="29">
							<String ID="string_331" HPOS="174" VPOS="1110" WIDTH="177" HEIGHT="29" WC="0.92" CONTENT="vägsbyggnader"/><SP WIDTH="22" VPOS="1110" HPOS="351"/>
							<String ID="string_332" HPOS="373" VPOS="1111" WIDTH="49" HEIGHT="22" WC="0.94" CONTENT="med"/><SP WIDTH="22" VPOS="1111" HPOS="422"/>
							<String ID="string_333" HPOS="444" VPOS="1111" WIDTH="88" HEIGHT="28" WC="0.94" CONTENT="behörig"/><SP WIDTH="23" VPOS="1111" HPOS="532"/>
							<String ID="string_334" HPOS="555" VPOS="1111" WIDTH="133" HEIGHT="27" WC="0.96" CONTENT="kontinuitet,"/><SP WIDTH="21" VPOS="1111" HPOS="688"/>
							<String ID="string_335" HPOS="709" VPOS="1112" WIDTH="56" HEIGHT="21" WC="0.96" CONTENT="dock"/><SP WIDTH="23" VPOS="1112" HPOS="765"/>
							<String ID="string_336" HPOS="788" VPOS="1115" WIDTH="51" HEIGHT="18" WC="0.96" CONTENT="utan"/><SP WIDTH="21" VPOS="1115" HPOS="839"/>
							<String ID="string_337" HPOS="860" VPOS="1114" WIDTH="32" HEIGHT="19" WC="0.93" CONTENT="att"/><SP WIDTH="22" VPOS="1114" HPOS="892"/>
							<String ID="string_338" HPOS="914" VPOS="1111" WIDTH="44" HEIGHT="21" WC="0.93" CONTENT="afse"/><SP WIDTH="15" VPOS="1111" HPOS="958"/>
							<String ID="string_339" HPOS="973" VPOS="1118" WIDTH="26" HEIGHT="13" WC="0.95" CONTENT="en"/>
						</TextLine>
						<TextLine ID="line_34" HPOS="173" VPOS="1139" WIDTH="826" HEIGHT="30">
							<String ID="string_340" HPOS="173" VPOS="1139" WIDTH="96" HEIGHT="28" WC="0.96" CONTENT="stegring"/><SP WIDTH="23" VPOS="1139" HPOS="269"/>
							<String ID="string_341" HPOS="292" VPOS="1139" WIDTH="23" HEIGHT="21" WC="0.96" CONTENT="af"/><SP WIDTH="21" VPOS="1139" HPOS="315"/>
							<String ID="string_342" HPOS="336" VPOS="1143" WIDTH="80" HEIGHT="18" WC="0.96" CONTENT="statens"/><SP WIDTH="15" VPOS="1143" HPOS="416"/>
							<String ID="string_343" HPOS="431" VPOS="1140" WIDTH="136" HEIGHT="22" WC="0.96" CONTENT="verksamhet"/><SP WIDTH="14" VPOS="1140" HPOS="567"/>
							<String ID="string_344" HPOS="581" VPOS="1140" WIDTH="28" HEIGHT="29" WC="0.96" CONTENT="på"/><SP WIDTH="14" VPOS="1140" HPOS="609"/>
							<String ID="string_345" HPOS="623" VPOS="1141" WIDTH="60" HEIGHT="21" WC="0.96" CONTENT="detta"/><SP WIDTH="14" VPOS="1141" HPOS="683"/>
							<String ID="string_346" HPOS="697" VPOS="1140" WIDTH="92" HEIGHT="27" WC="0.96" CONTENT="område,"/><SP WIDTH="15" VPOS="1140" HPOS="789"/>
							<String ID="string_347" HPOS="804" VPOS="1140" WIDTH="86" HEIGHT="21" WC="0.96" CONTENT="hvilken"/><SP WIDTH="15" VPOS="1140" HPOS="890"/>
							<String ID="string_348" HPOS="905" VPOS="1139" WIDTH="94" HEIGHT="28" WC="0.96" CONTENT="skäligen"/>
						</TextLine>
						<TextLine ID="line_35" HPOS="173" VPOS="1167" WIDTH="826" HEIGHT="30">
							<String ID="string_349" HPOS="173" VPOS="1167" WIDTH="42" HEIGHT="21" WC="0.96" CONTENT="kan"/><SP WIDTH="22" VPOS="1167" HPOS="215"/>
							<String ID="string_350" HPOS="237" VPOS="1168" WIDTH="94" HEIGHT="21" WC="0.96" CONTENT="minskas"/><SP WIDTH="22" VPOS="1168" HPOS="331"/>
							<String ID="string_351" HPOS="353" VPOS="1169" WIDTH="8" HEIGHT="20" WC="0.96" CONTENT="i"/><SP WIDTH="22" VPOS="1169" HPOS="361"/>
							<String ID="string_352" HPOS="383" VPOS="1169" WIDTH="41" HEIGHT="21" WC="0.96" CONTENT="den"/><SP WIDTH="23" VPOS="1169" HPOS="424"/>
							<String ID="string_353" HPOS="447" VPOS="1168" WIDTH="47" HEIGHT="21" WC="0.96" CONTENT="mån"/><SP WIDTH="16" VPOS="1168" HPOS="494"/>
							<String ID="string_354" HPOS="510" VPOS="1169" WIDTH="41" HEIGHT="21" WC="0.96" CONTENT="den"/><SP WIDTH="16" VPOS="1169" HPOS="551"/>
							<String ID="string_355" HPOS="567" VPOS="1169" WIDTH="83" HEIGHT="28" WC="0.96" CONTENT="privata"/><SP WIDTH="15" VPOS="1169" HPOS="650"/>
							<String ID="string_356" HPOS="665" VPOS="1169" WIDTH="191" HEIGHT="28" WC="0.96" CONTENT="företagsamheten"/><SP WIDTH="15" VPOS="1169" HPOS="856"/>
							<String ID="string_357" HPOS="871" VPOS="1169" WIDTH="8" HEIGHT="20" WC="0.93" CONTENT="i"/><SP WIDTH="14" VPOS="1169" HPOS="879"/>
							<String ID="string_358" HPOS="893" VPOS="1169" WIDTH="106" HEIGHT="27" WC="0.93" CONTENT="jernvägs-"/>
						</TextLine>
						<TextLine ID="line_36" HPOS="173" VPOS="1195" WIDTH="826" HEIGHT="30">
							<String ID="string_359" HPOS="173" VPOS="1195" WIDTH="151" HEIGHT="29" WC="0.95" CONTENT="anläggningar"/><SP WIDTH="21" VPOS="1195" HPOS="324"/>
							<String ID="string_360" HPOS="345" VPOS="1200" WIDTH="87" HEIGHT="25" WC="0.95" CONTENT="stegras,"/><SP WIDTH="19" VPOS="1200" HPOS="432"/>
							<String ID="string_361" HPOS="451" VPOS="1197" WIDTH="23" HEIGHT="21" WC="0.96" CONTENT="så"/><SP WIDTH="14" VPOS="1197" HPOS="474"/>
							<String ID="string_362" HPOS="488" VPOS="1197" WIDTH="61" HEIGHT="22" WC="0.96" CONTENT="torde"/><SP WIDTH="15" VPOS="1197" HPOS="549"/>
							<String ID="string_363" HPOS="564" VPOS="1205" WIDTH="49" HEIGHT="14" WC="0.96" CONTENT="man"/><SP WIDTH="15" VPOS="1205" HPOS="613"/>
							<String ID="string_364" HPOS="628" VPOS="1198" WIDTH="48" HEIGHT="21" WC="0.96" CONTENT="med"/><SP WIDTH="16" VPOS="1198" HPOS="676"/>
							<String ID="string_365" HPOS="692" VPOS="1199" WIDTH="11" HEIGHT="20" WC="0.96" CONTENT="7"/><SP WIDTH="17" VPOS="1199" HPOS="703"/>
							<String ID="string_366" HPOS="720" VPOS="1197" WIDTH="96" HEIGHT="28" WC="0.95" CONTENT="miljoner"/><SP WIDTH="16" VPOS="1197" HPOS="816"/>
							<String ID="string_367" HPOS="832" VPOS="1197" WIDTH="58" HEIGHT="21" WC="0.96" CONTENT="mark"/><SP WIDTH="16" VPOS="1197" HPOS="890"/>
							<String ID="string_368" HPOS="906" VPOS="1205" WIDTH="34" HEIGHT="13" WC="0.96" CONTENT="om"/><SP WIDTH="14" VPOS="1205" HPOS="940"/>
							<String ID="string_369" HPOS="954" VPOS="1197" WIDTH="45" HEIGHT="20" WC="0.96" CONTENT="året"/>
						</TextLine>
						<TextLine ID="line_37" HPOS="173" VPOS="1224" WIDTH="826" HEIGHT="31">
							<String ID="string_370" HPOS="173" VPOS="1224" WIDTH="40" HEIGHT="21" WC="0.96" CONTENT="och"/><SP WIDTH="23" VPOS="1224" HPOS="213"/>
							<String ID="string_371" HPOS="236" VPOS="1225" WIDTH="82" HEIGHT="21" WC="0.91" CONTENT="således"/><SP WIDTH="22" VPOS="1225" HPOS="318"/>
							<String ID="string_372" HPOS="340" VPOS="1226" WIDTH="28" HEIGHT="21" WC="0.94" CONTENT="28"/><SP WIDTH="20" VPOS="1226" HPOS="368"/>
							<String ID="string_373" HPOS="388" VPOS="1225" WIDTH="95" HEIGHT="28" WC="0.94" CONTENT="miljoner"/><SP WIDTH="21" VPOS="1225" HPOS="483"/>
							<String ID="string_374" HPOS="504" VPOS="1225" WIDTH="35" HEIGHT="22" WC="0.96" CONTENT="för"/><SP WIDTH="22" VPOS="1225" HPOS="539"/>
							<String ID="string_375" HPOS="561" VPOS="1233" WIDTH="25" HEIGHT="14" WC="0.96" CONTENT="en"/><SP WIDTH="15" VPOS="1233" HPOS="586"/>
							<String ID="string_376" HPOS="601" VPOS="1226" WIDTH="157" HEIGHT="29" WC="0.96" CONTENT="fyraårsperiod"/><SP WIDTH="15" VPOS="1226" HPOS="758"/>
							<String ID="string_377" HPOS="773" VPOS="1226" WIDTH="70" HEIGHT="21" WC="0.96" CONTENT="kunna"/><SP WIDTH="15" VPOS="1226" HPOS="843"/>
							<String ID="string_378" HPOS="858" VPOS="1225" WIDTH="141" HEIGHT="29" WC="0.96" CONTENT="upprätthålla"/>
						</TextLine>
						<TextLine ID="line_38" HPOS="173" VPOS="1233" WIDTH="825" HEIGHT="57">
							<String ID="string_379" HPOS="173" VPOS="1255" WIDTH="32" HEIGHT="19" WC="0.96" CONTENT="ett"/><SP WIDTH="14" VPOS="1255" HPOS="205"/>
							<String ID="string_380" HPOS="219" VPOS="1253" WIDTH="82" HEIGHT="28" WC="0.91" CONTENT="ganska"/><SP WIDTH="14" VPOS="1253" HPOS="301"/>
							<String ID="string_381" HPOS="315" VPOS="1253" WIDTH="195" HEIGHT="22" WC="0.91" CONTENT="tillfredsställande"/><SP WIDTH="13" VPOS="1253" HPOS="510"/>
							<String ID="string_382" HPOS="523" VPOS="1262" WIDTH="100" HEIGHT="28" WC="0.95" CONTENT="program"/><SP WIDTH="15" VPOS="1262" HPOS="623"/>
							<String ID="string_383" HPOS="638" VPOS="1255" WIDTH="35" HEIGHT="21" WC="0.96" CONTENT="för"/><SP WIDTH="9" VPOS="1255" HPOS="673"/>
							<String ID="string_384" HPOS="682" VPOS="1258" WIDTH="80" HEIGHT="18" WC="0.96" CONTENT="statens"/><SP WIDTH="10" VPOS="1258" HPOS="762"/>
							<String ID="string_385" HPOS="772" VPOS="1233" WIDTH="226" HEIGHT="50" WC="0.25" CONTENT="jörnvägsbyggtader:"/>
						</TextLine>
						<TextLine ID="line_39" HPOS="172" VPOS="1278" WIDTH="827" HEIGHT="33">
							<String ID="string_386" HPOS="172" VPOS="1281" WIDTH="49" HEIGHT="21" WC="0.96" CONTENT="Och"/><SP WIDTH="16" VPOS="1281" HPOS="221"/>
							<String ID="string_387" HPOS="237" VPOS="1282" WIDTH="7" HEIGHT="20" WC="0.95" CONTENT="i"/><SP WIDTH="16" VPOS="1282" HPOS="244"/>
							<String ID="string_388" HPOS="260" VPOS="1281" WIDTH="59" HEIGHT="22" WC="0.95" CONTENT="detta"/><SP WIDTH="15" VPOS="1281" HPOS="319"/>
							<String ID="string_389" HPOS="334" VPOS="1282" WIDTH="37" HEIGHT="21" WC="0.95" CONTENT="fall"/><SP WIDTH="16" VPOS="1282" HPOS="371"/>
							<String ID="string_390" HPOS="387" VPOS="1283" WIDTH="67" HEIGHT="21" WC="0.96" CONTENT="skulle"/><SP WIDTH="16" VPOS="1283" HPOS="454"/>
							<String ID="string_391" HPOS="470" VPOS="1290" WIDTH="25" HEIGHT="14" WC="0.96" CONTENT="en"/><SP WIDTH="15" VPOS="1290" HPOS="495"/>
							<String ID="string_392" HPOS="510" VPOS="1283" WIDTH="66" HEIGHT="22" WC="0.96" CONTENT="sådan"/><SP WIDTH="15" VPOS="1283" HPOS="576"/>
							<String ID="string_393" HPOS="591" VPOS="1284" WIDTH="21" HEIGHT="20" WC="0.96" CONTENT="in"/><SP WIDTH="16" VPOS="1284" HPOS="612"/>
							<String ID="string_394" HPOS="628" VPOS="1284" WIDTH="6" HEIGHT="20" WC="0.95" CONTENT="i"/><SP WIDTH="15" VPOS="1284" HPOS="634"/>
							<String ID="string_395" HPOS="649" VPOS="1283" WIDTH="114" HEIGHT="22" WC="0.96" CONTENT="framtiden"/><SP WIDTH="11" VPOS="1283" HPOS="763"/>
							<String ID="string_396" HPOS="774" VPOS="1283" WIDTH="98" HEIGHT="28" WC="0.96" CONTENT="syftande"/><SP WIDTH="12" VPOS="1283" HPOS="872"/>
							<String ID="string_397" HPOS="884" VPOS="1278" WIDTH="115" HEIGHT="32" WC="0.96" CONTENT="beräkning"/>
						</TextLine>
						<TextLine ID="line_40" HPOS="171" VPOS="1309" WIDTH="827" HEIGHT="31">
							<String ID="string_398" HPOS="171" VPOS="1309" WIDTH="50" HEIGHT="22" WC="0.95" CONTENT="leda"/><SP WIDTH="14" VPOS="1309" HPOS="221"/>
							<String ID="string_399" HPOS="235" VPOS="1310" WIDTH="33" HEIGHT="21" WC="0.96" CONTENT="till"/><SP WIDTH="15" VPOS="1310" HPOS="268"/>
							<String ID="string_400" HPOS="283" VPOS="1310" WIDTH="38" HEIGHT="21" WC="0.96" CONTENT="det"/><SP WIDTH="14" VPOS="1310" HPOS="321"/>
							<String ID="string_401" HPOS="335" VPOS="1311" WIDTH="93" HEIGHT="26" WC="0.96" CONTENT="resultat,"/><SP WIDTH="15" VPOS="1311" HPOS="428"/>
							<String ID="string_402" HPOS="443" VPOS="1314" WIDTH="32" HEIGHT="19" WC="0.96" CONTENT="att"/><SP WIDTH="14" VPOS="1314" HPOS="475"/>
							<String ID="string_403" HPOS="489" VPOS="1311" WIDTH="48" HEIGHT="22" WC="0.96" CONTENT="icke"/><SP WIDTH="16" VPOS="1311" HPOS="537"/>
							<String ID="string_404" HPOS="553" VPOS="1319" WIDTH="44" HEIGHT="14" WC="0.96" CONTENT="mer"/><SP WIDTH="15" VPOS="1319" HPOS="597"/>
							<String ID="string_405" HPOS="612" VPOS="1314" WIDTH="26" HEIGHT="19" WC="0.96" CONTENT="än"/><SP WIDTH="17" VPOS="1314" HPOS="638"/>
							<String ID="string_406" HPOS="655" VPOS="1313" WIDTH="25" HEIGHT="20" WC="0.96" CONTENT="12"/><SP WIDTH="16" VPOS="1313" HPOS="680"/>
							<String ID="string_407" HPOS="696" VPOS="1312" WIDTH="96" HEIGHT="28" WC="0.96" CONTENT="miljoner"/><SP WIDTH="14" VPOS="1312" HPOS="792"/>
							<String ID="string_408" HPOS="806" VPOS="1311" WIDTH="71" HEIGHT="22" WC="0.96" CONTENT="marks"/><SP WIDTH="10" VPOS="1311" HPOS="877"/>
							<String ID="string_409" HPOS="887" VPOS="1311" WIDTH="35" HEIGHT="21" WC="0.96" CONTENT="lån"/><SP WIDTH="10" VPOS="1311" HPOS="922"/>
							<String ID="string_410" HPOS="932" VPOS="1310" WIDTH="66" HEIGHT="22" WC="0.95" CONTENT="skulle"/>
						</TextLine>
						<TextLine ID="line_41" HPOS="172" VPOS="1337" WIDTH="826" HEIGHT="31">
							<String ID="string_411" HPOS="172" VPOS="1337" WIDTH="67" HEIGHT="22" WC="0.96" CONTENT="under"/><SP WIDTH="23" VPOS="1337" HPOS="239"/>
							<String ID="string_412" HPOS="262" VPOS="1338" WIDTH="41" HEIGHT="21" WC="0.96" CONTENT="den"/><SP WIDTH="14" VPOS="1338" HPOS="303"/>
							<String ID="string_413" HPOS="317" VPOS="1339" WIDTH="101" HEIGHT="28" WC="0.96" CONTENT="perioden"/><SP WIDTH="16" VPOS="1339" HPOS="418"/>
							<String ID="string_414" HPOS="434" VPOS="1339" WIDTH="112" HEIGHT="22" WC="0.95" CONTENT="erfordras."/><SP WIDTH="29" VPOS="1339" HPOS="546"/>
							<String ID="string_415" HPOS="575" VPOS="1340" WIDTH="76" HEIGHT="21" WC="0.96" CONTENT="Denna"/><SP WIDTH="15" VPOS="1340" HPOS="651"/>
							<String ID="string_416" HPOS="666" VPOS="1341" WIDTH="86" HEIGHT="21" WC="0.96" CONTENT="slutsats"/><SP WIDTH="15" VPOS="1341" HPOS="752"/>
							<String ID="string_417" HPOS="767" VPOS="1340" WIDTH="23" HEIGHT="21" WC="0.96" CONTENT="af"/><SP WIDTH="15" VPOS="1340" HPOS="790"/>
							<String ID="string_418" HPOS="805" VPOS="1339" WIDTH="99" HEIGHT="29" WC="0.96" CONTENT="kalkylen"/><SP WIDTH="15" VPOS="1339" HPOS="904"/>
							<String ID="string_419" HPOS="919" VPOS="1339" WIDTH="38" HEIGHT="21" WC="0.96" CONTENT="har"/><SP WIDTH="15" VPOS="1339" HPOS="957"/>
							<String ID="string_420" HPOS="972" VPOS="1346" WIDTH="26" HEIGHT="14" WC="0.95" CONTENT="en"/>
						</TextLine>
						<TextLine ID="line_42" HPOS="172" VPOS="1366" WIDTH="826" HEIGHT="30">
							<String ID="string_421" HPOS="172" VPOS="1366" WIDTH="91" HEIGHT="22" WC="0.96" CONTENT="särskild"/><SP WIDTH="16" VPOS="1366" HPOS="263"/>
							<String ID="string_422" HPOS="279" VPOS="1368" WIDTH="50" HEIGHT="27" WC="0.96" CONTENT="vigt,"/><SP WIDTH="15" VPOS="1368" HPOS="329"/>
							<String ID="string_423" HPOS="344" VPOS="1370" WIDTH="24" HEIGHT="26" WC="0.96" CONTENT="ty"/><SP WIDTH="13" VPOS="1370" HPOS="368"/>
							<String ID="string_424" HPOS="381" VPOS="1375" WIDTH="33" HEIGHT="14" WC="0.96" CONTENT="om"/><SP WIDTH="11" VPOS="1375" HPOS="414"/>
							<String ID="string_425" HPOS="425" VPOS="1369" WIDTH="28" HEIGHT="25" WC="0.96" CONTENT="vi,"/><SP WIDTH="10" VPOS="1369" HPOS="453"/>
							<String ID="string_426" HPOS="463" VPOS="1368" WIDTH="67" HEIGHT="21" WC="0.80" CONTENT="såsom"/><SP WIDTH="12" VPOS="1368" HPOS="530"/>
							<String ID="string_427" HPOS="542" VPOS="1368" WIDTH="160" HEIGHT="22" WC="0.96" CONTENT="förhållandena"/><SP WIDTH="9" VPOS="1368" HPOS="702"/>
							<String ID="string_428" HPOS="711" VPOS="1368" WIDTH="37" HEIGHT="22" WC="0.97" CONTENT="det"/><SP WIDTH="11" VPOS="1368" HPOS="748"/>
							<String ID="string_429" HPOS="759" VPOS="1368" WIDTH="77" HEIGHT="26" WC="0.94" CONTENT="fordra,"/><SP WIDTH="11" VPOS="1368" HPOS="836"/>
							<String ID="string_430" HPOS="847" VPOS="1368" WIDTH="60" HEIGHT="21" WC="0.96" CONTENT="öfver"/><SP WIDTH="10" VPOS="1368" HPOS="907"/>
							<String ID="string_431" HPOS="917" VPOS="1367" WIDTH="81" HEIGHT="21" WC="0.96" CONTENT="hufvud"/>
						</TextLine>
						<TextLine ID="line_43" HPOS="171" VPOS="1395" WIDTH="828" HEIGHT="31">
							<String ID="string_432" HPOS="171" VPOS="1397" WIDTH="60" HEIGHT="25" WC="0.96" CONTENT="taget"/><SP WIDTH="22" VPOS="1397" HPOS="231"/>
							<String ID="string_433" HPOS="253" VPOS="1395" WIDTH="66" HEIGHT="21" WC="0.96" CONTENT="måste"/><SP WIDTH="20" VPOS="1395" HPOS="319"/>
							<String ID="string_434" HPOS="339" VPOS="1396" WIDTH="65" HEIGHT="21" WC="0.93" CONTENT="anlita"/><SP WIDTH="14" VPOS="1396" HPOS="404"/>
							<String ID="string_435" HPOS="418" VPOS="1396" WIDTH="157" HEIGHT="27" WC="0.91" CONTENT="statskrediten,"/><SP WIDTH="16" VPOS="1396" HPOS="575"/>
							<String ID="string_436" HPOS="591" VPOS="1404" WIDTH="54" HEIGHT="22" WC="0.94" CONTENT="resp."/><SP WIDTH="15" VPOS="1404" HPOS="645"/>
							<String ID="string_437" HPOS="660" VPOS="1397" WIDTH="98" HEIGHT="22" WC="0.96" CONTENT="utländsk"/><SP WIDTH="16" VPOS="1397" HPOS="758"/>
							<String ID="string_438" HPOS="774" VPOS="1396" WIDTH="114" HEIGHT="30" WC="0.96" CONTENT="upplåning"/><SP WIDTH="15" VPOS="1396" HPOS="888"/>
							<String ID="string_439" HPOS="903" VPOS="1396" WIDTH="34" HEIGHT="21" WC="0.96" CONTENT="för"/><SP WIDTH="14" VPOS="1396" HPOS="937"/>
							<String ID="string_440" HPOS="951" VPOS="1395" WIDTH="48" HEIGHT="22" WC="0.95" CONTENT="vårt"/>
						</TextLine>
						<TextLine ID="line_44" HPOS="171" VPOS="1423" WIDTH="828" HEIGHT="31">
							<String ID="string_441" HPOS="171" VPOS="1423" WIDTH="146" HEIGHT="29" WC="0.90" CONTENT="jernvägsnäts"/><SP WIDTH="15" VPOS="1423" HPOS="317"/>
							<String ID="string_442" HPOS="332" VPOS="1424" WIDTH="128" HEIGHT="29" WC="0.96" CONTENT="utveckling,"/><SP WIDTH="14" VPOS="1424" HPOS="460"/>
							<String ID="string_443" HPOS="474" VPOS="1425" WIDTH="24" HEIGHT="21" WC="0.96" CONTENT="så"/><SP WIDTH="14" VPOS="1425" HPOS="498"/>
							<String ID="string_444" HPOS="512" VPOS="1425" WIDTH="68" HEIGHT="29" WC="0.96" CONTENT="ligger"/><SP WIDTH="14" VPOS="1425" HPOS="580"/>
							<String ID="string_445" HPOS="594" VPOS="1425" WIDTH="37" HEIGHT="22" WC="0.96" CONTENT="det"/><SP WIDTH="14" VPOS="1425" HPOS="631"/>
							<String ID="string_446" HPOS="645" VPOS="1426" WIDTH="55" HEIGHT="21" WC="0.96" CONTENT="dock"/><SP WIDTH="11" VPOS="1426" HPOS="700"/>
							<String ID="string_447" HPOS="711" VPOS="1426" WIDTH="46" HEIGHT="28" WC="0.96" CONTENT="vigt"/><SP WIDTH="9" VPOS="1426" HPOS="757"/>
							<String ID="string_448" HPOS="766" VPOS="1426" WIDTH="57" HEIGHT="28" WC="0.95" CONTENT="uppå"/><SP WIDTH="11" VPOS="1426" HPOS="823"/>
							<String ID="string_449" HPOS="834" VPOS="1428" WIDTH="32" HEIGHT="18" WC="0.96" CONTENT="att"/><SP WIDTH="9" VPOS="1428" HPOS="866"/>
							<String ID="string_450" HPOS="875" VPOS="1424" WIDTH="48" HEIGHT="22" WC="0.96" CONTENT="icke"/><SP WIDTH="10" VPOS="1424" HPOS="923"/>
							<String ID="string_451" HPOS="933" VPOS="1424" WIDTH="66" HEIGHT="21" WC="0.96" CONTENT="under"/>
						</TextLine>
						<TextLine ID="line_45" HPOS="171" VPOS="1451" WIDTH="827" HEIGHT="31">
							<String ID="string_452" HPOS="171" VPOS="1451" WIDTH="74" HEIGHT="28" WC="0.71" CONTENT="hvarje"/><SP WIDTH="22" VPOS="1451" HPOS="245"/>
							<String ID="string_453" HPOS="267" VPOS="1452" WIDTH="145" HEIGHT="29" WC="0.90" CONTENT="finansperiod"/><SP WIDTH="21" VPOS="1452" HPOS="412"/>
							<String ID="string_454" HPOS="433" VPOS="1453" WIDTH="93" HEIGHT="22" WC="0.92" CONTENT="behöfva"/><SP WIDTH="22" VPOS="1453" HPOS="526"/>
							<String ID="string_455" HPOS="548" VPOS="1454" WIDTH="105" HEIGHT="28" WC="0.96" CONTENT="uppträda"/><SP WIDTH="24" VPOS="1454" HPOS="653"/>
							<String ID="string_456" HPOS="677" VPOS="1454" WIDTH="48" HEIGHT="21" WC="0.93" CONTENT="med"/><SP WIDTH="19" VPOS="1454" HPOS="725"/>
							<String ID="string_457" HPOS="744" VPOS="1454" WIDTH="66" HEIGHT="21" WC="0.92" CONTENT="behof"/><SP WIDTH="14" VPOS="1454" HPOS="810"/>
							<String ID="string_458" HPOS="824" VPOS="1454" WIDTH="23" HEIGHT="21" WC="0.96" CONTENT="af"/><SP WIDTH="15" VPOS="1454" HPOS="847"/>
							<String ID="string_459" HPOS="862" VPOS="1455" WIDTH="66" HEIGHT="20" WC="0.93" CONTENT="större"/><SP WIDTH="18" VPOS="1455" HPOS="928"/>
							<String ID="string_460" HPOS="946" VPOS="1454" WIDTH="52" HEIGHT="19" WC="0.92" CONTENT="jern-"/>
						</TextLine>
						<TextLine ID="line_46" HPOS="171" VPOS="1480" WIDTH="827" HEIGHT="30">
							<String ID="string_461" HPOS="171" VPOS="1480" WIDTH="95" HEIGHT="27" WC="0.92" CONTENT="vägslän."/><SP WIDTH="29" VPOS="1480" HPOS="266"/>
							<String ID="string_462" HPOS="295" VPOS="1480" WIDTH="42" HEIGHT="29" WC="0.95" CONTENT="Jag"/><SP WIDTH="22" VPOS="1480" HPOS="337"/>
							<String ID="string_463" HPOS="359" VPOS="1481" WIDTH="91" HEIGHT="22" WC="0.95" CONTENT="förutser"/><SP WIDTH="21" VPOS="1481" HPOS="450"/>
							<String ID="string_464" HPOS="471" VPOS="1485" WIDTH="33" HEIGHT="18" WC="0.97" CONTENT="att"/><SP WIDTH="13" VPOS="1485" HPOS="504"/>
							<String ID="string_465" HPOS="517" VPOS="1481" WIDTH="63" HEIGHT="22" WC="0.96" CONTENT="dessa"/><SP WIDTH="15" VPOS="1481" HPOS="580"/>
							<String ID="string_466" HPOS="595" VPOS="1483" WIDTH="52" HEIGHT="20" WC="0.96" CONTENT="sista"/><SP WIDTH="13" VPOS="1483" HPOS="647"/>
							<String ID="string_467" HPOS="660" VPOS="1483" WIDTH="37" HEIGHT="21" WC="0.96" CONTENT="ord"/><SP WIDTH="17" VPOS="1483" HPOS="697"/>
							<String ID="string_468" HPOS="714" VPOS="1485" WIDTH="75" HEIGHT="25" WC="0.96" CONTENT="genast"/><SP WIDTH="14" VPOS="1485" HPOS="789"/>
							<String ID="string_469" HPOS="803" VPOS="1482" WIDTH="70" HEIGHT="21" WC="0.96" CONTENT="kunna"/><SP WIDTH="14" VPOS="1482" HPOS="873"/>
							<String ID="string_470" HPOS="887" VPOS="1481" WIDTH="111" HEIGHT="22" WC="0.96" CONTENT="framkalla"/>
						</TextLine>
						<TextLine ID="line_47" HPOS="171" VPOS="1507" WIDTH="827" HEIGHT="32">
							<String ID="string_471" HPOS="171" VPOS="1507" WIDTH="42" HEIGHT="22" WC="0.96" CONTENT="den"/><SP WIDTH="18" VPOS="1507" HPOS="213"/>
							<String ID="string_472" HPOS="231" VPOS="1509" WIDTH="165" HEIGHT="29" WC="0.96" CONTENT="invändningen:"/><SP WIDTH="23" VPOS="1509" HPOS="396"/>
							<String ID="string_473" HPOS="419" VPOS="1510" WIDTH="87" HEIGHT="22" WC="0.96" CONTENT="hvarför"/><SP WIDTH="15" VPOS="1510" HPOS="506"/>
							<String ID="string_474" HPOS="521" VPOS="1510" WIDTH="89" HEIGHT="22" WC="0.96" CONTENT="föreslår"/><SP WIDTH="14" VPOS="1510" HPOS="610"/>
							<String ID="string_475" HPOS="624" VPOS="1519" WIDTH="49" HEIGHT="13" WC="0.96" CONTENT="man"/><SP WIDTH="14" VPOS="1519" HPOS="673"/>
							<String ID="string_476" HPOS="687" VPOS="1511" WIDTH="29" HEIGHT="22" WC="0.96" CONTENT="då"/><SP WIDTH="14" VPOS="1511" HPOS="716"/>
							<String ID="string_477" HPOS="730" VPOS="1511" WIDTH="34" HEIGHT="21" WC="0.96" CONTENT="för"/><SP WIDTH="14" VPOS="1511" HPOS="764"/>
							<String ID="string_478" HPOS="778" VPOS="1512" WIDTH="62" HEIGHT="21" WC="0.93" CONTENT="nästa"/><SP WIDTH="14" VPOS="1512" HPOS="840"/>
							<String ID="string_479" HPOS="854" VPOS="1509" WIDTH="144" HEIGHT="30" WC="0.92" CONTENT="finansperiod"/>
						</TextLine>
					</TextBlock>
				</ComposedBlock>
			</PrintSpace>
		</Page>
	</Layout>
</alto>
