1084 1781
212 127 41 20 672
454 134 25 16 R.
492 138 17 12 o.
523 134 25 16 A.
561 134 63 17 1900.
648 134 25 18 18
686 135 49 20 Maj.

182 200 78 28 klagan
283 201 61 22 öfver
368 202 52 21 brist
441 202 41 22 och
498 202 110 29 knapphet
624 202 128 22 härutinnan
768 202 35 22 må
817 202 122 29 förspörjas.
971 202 44 22 Det

181 229 112 22 förefaller
313 230 108 22 sannolikt
436 234 31 18 att
482 239 49 13 man
547 231 49 21 med
612 231 38 22 det
664 231 58 22 antal
738 231 117 22 lokomotiv
871 232 41 21 och
927 239 86 20 vagnar,

182 257 35 22 för
239 257 73 22 hvilka
335 259 165 22 Statsutskottet
522 267 29 14 nu
566 260 98 21 förordat
679 260 80 28 anslag,
775 260 42 21 kan
833 260 84 21 komma
933 260 79 22 derhän

181 289 34 18 att
230 288 57 20 möta
301 287 42 22 den
360 288 127 21 kommande
502 288 171 29 finansperioden
690 289 48 21 med
755 296 26 14 en
798 289 23 21 så
835 288 43 29 god
889 290 124 27 proportion

182 315 91 21 emellan
296 317 95 20 materiel
413 317 40 21 och
475 317 142 28 trafikmängd
640 320 32 18 att
691 325 48 13 man
754 325 75 14 senare
845 317 105 22 måhända
966 317 47 22 icke

181 343 57 22 skall
254 344 93 21 behöfva
362 346 7 20 i
385 353 80 13 samma
480 347 125 27 proportion
622 346 41 21 öka
679 346 41 21 den
736 346 78 28 rörliga
830 346 129 22 materielen.

253 372 34 21 Hr
305 373 137 29 Gripenberg
457 374 99 21 framhöll
572 374 41 21 och
630 374 106 21 betonade
752 374 38 22 det
805 375 80 28 vigtiga
900 375 53 25 skäl,
968 382 46 14 som

183 401 109 21 föranledt
315 401 92 22 Senaten
431 405 31 18 att
478 403 6 21 i
500 403 120 28 möjligaste
634 403 54 28 grad
704 403 53 21 söka
773 403 118 28 nedbringa
906 403 108 28 ifrågava-

183 429 67 21 rande
266 432 79 19 tvänne
360 431 158 28 anslagsbehof,
534 431 60 22 såväl
610 431 37 22 det
662 432 34 21 för
707 439 42 21 nya
760 432 254 28 jernvägsanläggningar

182 465 47 14 som
246 458 37 21 det
297 459 35 21 för
347 460 154 28 nybyggnader
517 460 12 21 å
544 460 85 28 färdiga
646 460 67 21 banor
728 460 41 21 och
784 460 34 21 för
832 461 65 28 rörlig
913 460 101 22 materiel.

183 486 45 22 Det
250 489 23 19 är
295 488 107 28 nämligen
425 489 22 20 af
467 489 45 28 vigt
527 491 32 18 att
574 496 49 14 man
639 489 48 21 icke
702 491 40 26 gör
756 490 34 27 sig
804 489 87 21 alldeles
907 488 107 22 beroende

183 515 48 21 utaf
253 515 120 22 chancerna
396 517 34 21 för
453 517 138 28 upptagande
606 517 24 22 af
645 520 31 19 ett
691 519 68 20 större
775 517 110 22 utländskt
900 517 41 22 lån.
971 517 44 21 Det

184 544 73 21 kunde
279 553 52 13 vara
354 546 85 28 mycket
463 549 30 18 att
516 547 51 27 säga
589 553 34 14 om
640 550 58 17 arten
716 546 23 21 af
754 546 27 21 de
796 547 90 27 utsigter
902 547 47 20 värt
963 545 51 22 land

183 572 36 22 för
234 573 133 22 närvarande
384 575 40 20 kan
441 575 66 21 hafva
522 575 32 20 till
570 578 32 17 att
617 578 95 25 upptaga
727 577 31 18 ett
773 577 67 19 större
853 575 110 21 utländskt
974 574 41 21 lån.

183 601 45 22 För
249 603 43 20 min
311 602 34 21 del
360 603 76 21 tänker
449 604 36 27 jag
501 606 31 18 att
547 604 21 20 vi
584 603 57 22 dock
657 603 47 22 icke
720 603 73 22 kunna
808 603 61 22 ställa
885 611 34 14 oss
936 603 26 29 på
977 611 38 13 an-

184 637 43 14 nan
251 630 132 29 ståndpunkt
406 633 26 20 än
451 632 42 21 den
509 635 30 18 att
556 632 99 26 beräkna,
671 632 54 21 huru
740 635 55 18 stort
810 632 34 21 lån
860 632 71 21 landet
946 631 69 22 under

183 659 29 21 de
228 661 105 20 närmaste
357 659 50 23 åren
431 661 104 21 behöfver
557 664 96 25 upptaga
676 661 34 21 för
725 664 31 18 att
771 661 29 28 på
815 664 30 18 ett
860 661 99 21 rationelt
975 661 40 21 och

183 688 67 20 äfven
266 696 25 13 ur
306 688 179 30 affärssynpunkt
500 690 34 20 väl
551 690 120 21 beräknadt
686 692 43 19 sätt
744 690 100 21 befordra
860 690 48 21 vårt
921 690 96 21 kommu-

185 716 215 23 nikationsväsendes
423 718 74 21 vidare
518 718 131 28 utveckling.
680 718 52 22 Med
752 718 60 21 detta
827 718 34 22 för
876 720 83 26 ögonen
975 718 41 22 och

185 745 57 21 efter
266 749 30 17 att
319 746 65 22 hafva
403 747 86 28 pröfvat
505 746 103 22 behofvet
629 755 39 13 var
683 746 37 22 det
735 747 48 21 icke
798 747 82 28 möjligt
895 750 31 18 att
941 751 76 17 stanna

185 773 38 21 vid
247 777 31 18 ett
300 774 34 22 län
351 774 27 29 på
394 775 75 21 endast
485 776 48 27 81/,
549 776 98 28 miljoner
663 776 65 20 mark.
757 776 34 28 Ty
806 778 31 18 ett
852 776 117 28 betänkligt
985 775 32 21 af-

186 802 59 21 brott
260 803 69 21 skulle
344 804 65 21 äfven
424 805 6 20 i
447 804 60 28 fräga
523 812 34 13 om
573 805 171 27 jernvägsnätets
761 804 124 28 utveckling
896 804 65 21 hafva
971 804 45 21 väl-

186 831 42 21 lats
244 832 23 20 af
283 839 26 14 en
325 832 193 28 budgetreglering,
533 840 47 14 som
590 832 70 22 skulle
671 833 69 21 lemna
751 832 75 22 endast
838 834 108 25 1,600,000
957 832 59 21 mark

185 859 34 21 till
242 860 169 28 päbegynnande
427 861 23 21 af
465 869 41 21 nya
521 862 261 28 jernvägsanläggningar.
812 861 42 21 Om
869 869 49 13 man
935 861 81 21 beslöte

185 888 35 28 sig
235 889 35 21 för
285 892 31 18 att
331 892 94 26 upptaga
441 893 30 18 ett
487 890 108 21 inhemskt
609 890 41 26 län,
666 897 34 14 om
716 890 66 21 också
796 890 32 21 till
844 893 31 18 ett
890 890 23 21 sä
925 889 92 29 måttligt

186 916 80 30 belopp
287 925 45 14 som
348 919 49 25 81/,
413 918 97 28 miljoner
525 918 67 26 mark,
608 918 68 22 skulle
692 918 60 22 detta
767 918 120 28 säkerligen
903 918 47 22 icke
965 920 52 26 göra

185 948 32 18 ett
238 950 99 24 gynsamt
359 948 84 27 intryck
459 947 27 28 pä
502 947 102 21 idkarena
620 947 23 21 af
658 947 130 29 produktiva
803 948 99 27 näringar
917 948 6 20 i
939 946 78 22 landet.

185 973 40 22 Ett
258 974 40 22 land
322 975 77 21 sädant
420 983 45 14 som
489 976 93 21 Finland
605 976 42 20 kan
670 976 48 21 icke
735 977 6 19 i
757 976 37 20 det
808 975 209 28 utvecklingsskede,

186 1002 61 22 hvari
270 1003 37 21 det
323 1004 95 21 befinner
433 1005 38 27 sig,
487 1004 66 22 hafva
568 1007 31 18 ett
615 1004 77 22 sädant
707 1004 73 21 förräd
796 1004 23 21 af
833 1004 131 28 disponibelt
980 1004 36 21 ka-

186 1031 60 27 pital,
261 1034 31 18 att
313 1032 66 22 äfven
394 1033 152 28 utvecklingen
562 1033 24 21 af
600 1032 42 22 den
658 1035 58 19 stora
732 1033 62 25 affär,
808 1040 46 14 som
870 1032 147 22 kommunika-

185 1060 164 22 tionsväsendet
372 1063 68 26 utgör,
455 1062 68 21 skulle
539 1062 73 21 kunna
629 1062 81 28 byggas
725 1061 28 29 pä
761 1061 117 21 inhemska
893 1062 123 27 penningar.

185 1088 68 22 Detta
268 1088 147 23 ärhundrades
430 1090 157 22 finanshistoria
602 1090 40 21 har
656 1090 22 28 ju
693 1090 120 28 ädagalagt,
829 1093 32 17 att
871 1090 80 28 kapital
967 1090 6 20 i
989 1089 27 22 de

183 1117 73 28 gamla
279 1118 180 27 kulturländerna,
482 1126 45 14 som
551 1119 66 21 hafva
640 1119 104 21 öfverflöd
763 1119 66 26 deraf,
844 1126 65 21 gerna
925 1118 44 21 stär
983 1119 32 20 till

186 1145 55 22 buds
264 1146 23 21 ät
305 1147 27 21 de
347 1148 103 25 nationer,
465 1147 84 22 hvilkas
566 1147 140 22 ekonomiska
720 1147 139 21 sträfvanden
875 1147 41 21 och
931 1147 86 21 finansi-

185 1174 43 21 ella
250 1175 96 22 soliditet
369 1175 104 29 berättiga
495 1176 48 21 dem
558 1176 33 21 till
607 1175 77 22 kredit.
714 1175 165 22 Statsutskottet
894 1175 37 22 har
947 1178 70 19 ansett

184 1202 49 22 skäl
249 1204 48 21 icke
311 1204 134 22 förekomma
461 1208 31 18 att
506 1205 68 21 uttala
590 1205 66 27 något
670 1204 133 22 tvifvelsmål
818 1203 134 22 beträffande
963 1205 53 27 möj-

185 1231 95 28 ligheten
296 1232 23 22 af
335 1236 31 18 ett
381 1233 110 22 utländskt
505 1233 47 21 låns
568 1233 144 29 upptagande.
736 1233 44 22 Väl
791 1233 38 20 har
839 1232 113 22 Utskottet
962 1233 54 20 nöd-

184 1262 50 25 gats
258 1260 78 22 betona
351 1262 42 20 den
409 1261 185 28 omständigheten
610 1264 32 19 att
657 1261 213 28 kapitalmarknaden
885 1261 65 22 äfven
966 1262 6 20 i
989 1261 27 21 de

184 1288 48 21 rika
247 1289 102 22 länderna
365 1290 34 21 för
413 1290 133 21 närvarande
562 1292 24 19 är
600 1297 104 22 ogynsam
720 1290 40 21 och
775 1290 72 28 tryckt
869 1289 41 22 och
925 1291 90 27 pennin-

183 1324 69 20 garna
267 1318 86 28 tillföljd
373 1318 61 22 deraf
449 1319 24 21 så
487 1319 59 28 dyra,
561 1322 32 18 att
608 1319 37 21 det
660 1320 24 19 är
698 1319 135 27 synnerligen
849 1319 119 20 önskvärdt
983 1321 32 18 att

184 1345 75 22 kunna
279 1347 116 28 uppskjuta
411 1347 48 22 med
474 1347 69 22 lånets
559 1347 138 29 upptagande
713 1347 32 21 till
761 1347 48 21 dess
825 1354 27 14 en
867 1354 148 21 gynsammare

184 1373 104 29 tidpunkt
303 1375 42 21 kan
361 1383 50 14 vara
427 1377 55 20 inne.
507 1376 48 21 Den
572 1376 70 28 gamla
658 1375 150 22 erfarenheten
822 1378 31 19 att
869 1378 31 19 ett
910 1375 106 21 finansielt

185 1402 152 29 uppåtgående
359 1404 63 29 följes
443 1404 23 21 af
486 1407 31 19 ett
539 1404 126 29 nedgående
688 1405 6 20 i
718 1404 188 28 konjunkturerna,
929 1403 41 22 och
985 1406 32 18 att

185 1430 60 22 detta
260 1432 66 21 sedan
342 1432 46 22 åter
402 1433 71 28 gifver
488 1433 50 21 vika
553 1433 35 21 för
603 1436 31 18 ett
648 1432 157 29 uppåtgående,
820 1432 71 22 denna
903 1432 70 28 gamla
984 1439 33 14 er-

185 1459 98 23 farenhet
297 1461 55 21 skall
368 1461 35 22 väl
418 1461 66 22 också
500 1461 110 22 bekräftas
625 1469 69 14 under
725 1469 11 14 de
752 1463 106 20 närmaste
873 1461 58 27 åren,
946 1460 24 21 så
985 1463 31 18 att

184 1490 33 19 ett
232 1490 109 27 uppsving
361 1490 94 21 inträder
469 1490 55 21 efter
539 1490 38 21 det
591 1490 90 21 relativa
698 1490 94 28 betryck,
808 1489 45 22 som
869 1489 66 22 -sedan
950 1489 67 28 något

184 1523 46 14 mer
246 1519 26 20 än
287 1520 32 19 ett
334 1518 24 21 år
372 1518 67 22 hvilat
454 1519 62 21 öfver
531 1518 222 29 kapitalmarknaden.
