1084 1786
362 125 55 21 Lega
429 126 24 17 af
459 126 47 21 jord
519 125 29 22 på
560 126 78 17 landet.
845 120 41 21 599

87 194 6 20 i
110 193 48 22 nåd.
174 200 60 22 prop.
249 193 48 22 icke
309 193 67 22 heller
391 193 96 28 tydligen
503 195 93 26 utsäger,
611 196 32 19 att
662 193 102 22 kontrakt
778 193 60 22 skola
849 193 66 22 ordna

86 221 71 22 denna
172 222 46 26 sak,
232 225 51 18 utan
299 222 62 21 utber
375 222 36 28 jag
426 223 44 27 mig
485 222 24 21 få
523 222 88 21 förorda
627 222 122 21 återremiss
765 222 32 21 till
807 222 56 27 Lag-
875 221 40 22 och

87 250 214 22 Ekonomiutskottet
323 250 48 21 med
394 251 137 28 uppmaning,
555 253 32 19 att
606 251 124 28 öfverväga,
746 251 106 21 huruvida
868 250 47 22 icke

85 279 55 21 sista
155 279 147 27 stadgandet
297 275 15 38 i
319 281 10 19 1
347 287 62 13 mom.
423 279 24 21 af
463 280 26 20 13
505 280 12 26 &
535 279 66 30 borde
617 279 113 21 förändras
746 279 79 21 derhän
837 281 32 19 att
879 279 37 21 det

86 307 49 21 icke
156 307 72 28 gifver
248 307 116 29 anledning
386 307 32 21 till
437 307 121 22 sväfvande
579 307 138 29 uppfattning
736 315 35 13 om
790 307 49 22 dess
860 309 55 19 rätta

87 336 92 28 mening.

156 392 34 22 Hr
205 393 28 21 K.
248 393 97 21 Antell:
368 393 136 21 Beträffande
520 393 41 21 den
578 393 164 28 omständighet,
758 400 46 14 som
820 392 48 22 utaf
883 392 32 22 Hr

86 421 79 21 Brakel
180 421 110 29 päpekats,
306 421 37 21 ber
362 422 64 21 äfven
439 422 36 28 jag
490 422 23 21 fä
528 422 113 21 framhälla
657 422 175 21 önskvärdheten
847 421 68 26 deraf,

85 452 33 19 att
136 450 2 20 i
156 451 10 20 1
184 458 62 13 mom.
262 450 21 21 af
298 451 26 20 13
340 452 13 24 &
368 451 145 28 uttryckligen
529 450 69 22 skulle
614 453 105 25 upptagas
736 458 26 13 en
780 450 135 28 bestämning

85 478 74 22 derom
180 481 31 19 att
229 478 150 28 legovederlag
394 479 71 21 kunde
482 480 87 27 utgöras
586 479 80 21 medels
696 478 127 29 dagsverken,
839 478 76 29 äfven-

85 514 46 14 som
147 507 49 21 med
212 507 66 21 andra
293 507 136 28 äligganden.
458 508 133 28 Derigenom
606 508 70 20 skulle
687 507 66 22 ocksä
764 509 68 19 större
843 507 72 21 öfver-

85 536 163 21 ensstämmelse
263 536 89 21 emellan
369 537 11 20 1
397 536 41 22 och
454 538 4 20 2
470 544 84 14 momm.
563 536 83 28 vinnas,
656 536 41 22 och
708 536 71 21 kunde
790 544 47 13 man
849 536 67 28 enligt

87 565 47 20 mitt
149 564 140 22 förmenande
307 564 92 22 stilisera
414 564 71 22 denna
501 568 44 19 sats
562 566 5 20 i
585 566 11 20 1
613 573 68 19 mom.,
697 572 45 14 som
758 567 35 19 rör
808 564 107 29 ifrägava-

86 593 66 21 rande
167 595 63 19 ämne
245 593 100 22 sälunda:
361 593 94 28 Utgöres
472 593 174 29 legovederlaget
656 593 48 21 med
718 593 134 28 dagsverken
864 593 51 21 eller

85 621 68 21 andra
175 621 135 29 åligganden,
333 622 61 21 skola
417 622 63 21 dessa
503 630 52 13 vara
578 622 32 21 till
633 622 57 21 antal
711 622 40 21 och
768 621 147 22 beskaftenhet

86 650 118 22 bestämda.
233 650 44 22 Det
298 652 24 20 är
344 658 46 14 som
409 650 34 22 Hr
463 650 81 22 Brakel
566 650 118 22 framhällit
699 658 26 14 en
741 650 86 28 mycket
843 650 72 28 vanlig

85 678 116 22 företeelse
223 679 30 21 uti
273 678 27 22 de
317 679 123 22 nuvarande
456 679 129 21 kontrakten
602 679 48 21 med
666 678 134 22 landbönder
815 678 41 22 och
872 682 43 18 tor-

87 714 57 21 pare,
166 710 32 18 att
220 707 108 21 desamma
351 708 87 21 utöfver
462 708 111 21 bestämda
596 708 203 27 veckodagsverken
822 707 93 28 fullgöra

85 735 81 22 sådana
183 736 172 28 betingsarbeten
371 744 46 14 som
433 736 143 28 vedsläpning
591 744 26 13 m.
634 744 31 19 m.,
680 736 88 21 hvarom
784 736 34 21 Hr
837 736 78 21 Brakel

86 764 101 28 antydde,
204 764 40 22 och
259 764 36 22 det
311 764 68 22 skulle
394 768 51 18 utan
461 765 78 21 tvifvel
555 764 48 22 leda
620 765 31 21 till
665 764 51 22 reda
729 766 6 20 i
746 764 169 26 förhållandena,

85 800 36 14 om
144 795 31 19 ett
193 793 77 21 sådant
291 793 75 28 tillägg
387 794 68 21 skulle
478 796 68 26 göras.
576 793 42 28 Jag
641 794 37 20 ber
697 793 72 21 derför
789 793 22 21 få
827 792 87 22 förorda

86 821 122 22 återremiss
224 822 23 21 af
262 822 69 21 denna
348 822 99 28 paragraf
462 823 6 20 i
485 822 63 28 syfte,
563 825 33 18 att
611 822 30 21 uti
664 823 4 20 1
685 829 62 14 mom.
763 822 68 21 skulle
849 823 64 26 göras

86 852 32 19 ett
133 850 78 22 sådant
225 850 80 28 tillägg,
320 858 46 14 som
381 851 36 28 jag
432 850 56 22 hade
504 852 50 20 äran
571 850 85 22 föreslå.

156 907 34 21 Hr
209 907 25 22 G.
255 907 16 21 I.
289 907 144 24 Blåfield:
457 907 147 21 Erkännande
625 907 27 21 de
671 907 52 26 skäl,
738 914 46 14 som
800 907 23 20 af
839 906 34 21 Hr
889 906 24 21 L.

88 935 108 22 Mechelin
212 935 133 27 framhållits,
360 936 38 21 ber
413 936 35 28 jag
463 936 23 21 få
501 935 84 22 biträda
601 935 41 22 den
658 935 63 22 ärade
736 935 92 22 talarens
839 935 75 21 anhål-

87 964 34 21 lan
144 972 35 13 om
202 964 120 22 återremiss
343 965 33 20 till
398 965 112 21 Utskottet
525 965 7 20 i
548 964 41 21 och
609 964 35 21 för
662 964 156 27 omredigering
833 963 23 22 af
871 963 43 21 den

86 996 86 18 senaste
195 993 112 27 meningen
331 993 6 21 i
361 995 11 19 1
397 1001 62 14 mom.
482 993 23 21 af
521 994 27 20 13
564 994 18 27 S.
612 993 44 21 För
671 1000 52 21 egen
740 992 35 22 del
795 992 66 28 vågar
878 993 37 27 jag

87 1021 103 28 derjemte
208 1021 32 22 till
258 1021 124 22 Utskottets
401 1021 138 29 ompröfning
554 1021 81 22 föreslå
650 1029 26 14 en
692 1021 66 21 sådan
774 1021 140 27 formulering

86 1049 24 22 af
126 1050 185 27 bestämningarna
332 1050 111 29 angäende
465 1050 74 29 dylika
558 1050 140 28 dagsverken,
714 1050 34 21 för
762 1049 85 22 hvilkas
863 1049 50 21 full-

85 1079 97 27 görande
205 1079 123 21 kontraktet
350 1079 48 21 icke
421 1081 96 19 närmare
540 1080 92 19 utsätter
652 1078 70 28 nägon
744 1078 38 27 tid,
798 1081 31 18 att
850 1077 64 22 dessa

87 1107 63 21 skola
166 1107 95 21 fördelas
276 1108 67 27 jemnt
358 1107 28 29 pä
401 1107 46 22 året
457 1107 53 22 eller
523 1107 101 22 årstiden.
649 1107 43 21 Om
704 1110 14 18 t.
729 1114 32 14 ex.
772 1109 31 18 ett
813 1106 102 21 kontrakt

87 1139 106 25 upptager
208 1138 32 19 ett
255 1137 54 20 visst
324 1136 58 21 antal
397 1136 231 27 sommardagsverken
639 1139 51 18 utan
702 1138 31 19 att
745 1135 87 28 angifva
843 1134 72 28 nägon

88 1164 97 21 bestämd
201 1164 37 26 tid,
254 1164 70 21 säsom
343 1164 156 28 höbergnings-
515 1165 52 20 eller
582 1164 138 21 skördetiden
736 1163 34 22 för
786 1163 62 22 deras
864 1163 51 21 full-

86 1192 102 28 görande,
203 1192 24 21 sä
242 1192 83 22 komme
341 1192 28 22 dä
385 1192 62 22 dessa
463 1193 136 27 dagsverken
614 1195 32 19 att
657 1192 94 22 fördelas
761 1193 67 27 jemnt
836 1191 77 21 mellan

86 1221 28 21 de
130 1221 108 28 egentliga
253 1221 229 28 sommarmänaderna,
499 1221 74 22 hvilka
588 1221 34 21 för
637 1222 73 27 hvarje
726 1220 91 22 särskild
828 1222 34 19 ort
873 1227 42 21 nog

88 1249 71 22 kunna
175 1249 118 22 definieras.

157 1306 34 22 Hr
208 1306 73 21 Emil
301 1306 28 21 af
352 1306 173 22 Hällström:
541 1306 97 21 Minusta
654 1313 26 14 on
696 1309 72 25 puute,
784 1306 50 21 ettei
851 1305 64 21 laissa

88 1335 88 21 mainita
196 1335 121 21 sanaakaan
337 1335 48 21 siitä
405 1335 57 21 mikä
481 1335 102 28 työpäivä
598 1342 34 14 on.
662 1334 118 21 Kuitenkin
797 1335 54 27 juuri
868 1335 47 27 työ-

88 1364 64 27 päivä
168 1370 26 14 on
211 1363 96 22 suureksi
323 1363 72 22 osaksi
411 1371 23 14 se
449 1363 59 28 ydin,
522 1363 66 28 jonka
598 1363 110 28 ympärillä
720 1363 72 21 kaikki
803 1369 50 14 muu
867 1362 48 21 liik-

88 1392 50 21 kuu.
160 1391 154 22 Poistaakseen
329 1392 73 28 jollain
417 1392 80 21 tavalla
510 1393 72 20 tämän
593 1392 72 21 haitan
676 1399 26 14 on
714 1391 134 22 Valiokunta
859 1393 55 18 otta-

88 1423 39 18 nut
149 1420 141 21 motiiveihiin
313 1420 87 21 lauseen
423 1421 85 20 asiasta.
540 1420 101 22 Voidaan
664 1421 50 20 sitte
738 1420 77 28 kysyä:
837 1419 78 21 miksei

88 1455 72 15 samaa
182 1451 99 24 totuutta,
303 1449 50 28 joka
377 1449 50 21 näin
451 1456 28 14 on
501 1451 69 19 otettu
586 1448 138 27 motiiveihin,
740 1455 32 14 ole
789 1450 60 19 saatu
865 1454 50 14 suo-

87 1480 86 18 rastaan
188 1477 80 21 lakiin?
284 1490 24 2 —
325 1477 37 21 On
377 1477 114 21 kuitenkin
507 1477 80 25 selvää,
602 1479 44 19 että
662 1477 42 21 kun
720 1477 64 20 laissa
799 1477 19 20 ei
834 1476 80 20 mitään

88 1508 82 24 sanota,
184 1512 39 14 sen
238 1507 92 23 määrän,
342 1512 38 14 sen
390 1506 139 28 rajoituksen,
538 1505 50 29 joka
600 1504 180 29 paikkakunnalla
790 1512 28 14 on
830 1504 83 28 yleistä,
