1086 1786
316 124 86 17 Statens
414 124 230 21 jernvägsbyggnader.
824 119 39 21 761

65 190 158 28 vägsutskottet
245 198 45 14 som
311 191 34 21 Hr
367 191 110 21 Snellman
499 191 70 22 anfört
590 192 69 21 såsom
677 192 115 28 belysande
807 192 34 22 för
856 192 39 22 det

65 218 93 29 omfång,
178 220 7 20 i
207 219 83 22 hvilket
307 219 250 29 jernvägsbyggnaderna
570 220 35 21 för
622 220 148 22 bibehållande
785 221 24 21 af
823 221 70 21 konti-

65 248 69 21 nuitet
148 248 64 21 borde
228 248 87 26 utföras,
330 250 35 20 äro
380 248 48 22 icke
444 248 66 28 enligt
525 249 44 21 min
584 249 138 29 uppfattning
737 249 100 21 hållbara.
853 249 40 22 Så-

66 276 35 21 väl
123 276 34 21 Hr
179 277 93 27 Ramsay
294 284 44 14 som
361 276 35 22 Hr
416 277 109 21 Mechelin
545 277 95 28 påminte
655 278 65 21 redan
735 286 34 13 om
784 281 33 18 att
831 278 62 22 Jern-

66 305 157 26 vägsutskottet
245 305 75 21 härvid
342 305 100 21 förbisett
462 306 18 27 ej
501 305 81 22 mindre
598 305 27 22 de
640 309 57 18 stora
712 306 77 29 anslag,
805 314 44 14 som
864 314 29 13 nu

67 333 86 22 kräfvas
168 333 34 21 för
216 333 192 29 kompletteringen
423 334 23 21 af
460 334 52 21 våra
526 335 65 21 redan
606 335 83 28 färdiga
697 335 117 28 jernvägar,
825 337 26 19 än
861 335 32 21 äf-

67 366 41 17 ven
133 361 40 22 den
195 362 136 22 verksamhet
352 362 35 21 för
401 362 113 22 utförande
529 363 23 21 af
566 363 143 28 privatbanor,
725 371 44 14 som
785 364 66 21 under
865 364 28 21 de

67 393 83 18 senaste
172 391 50 21 åren
244 391 8 20 i
269 391 73 21 landet
357 394 36 25 egt
407 399 45 13 rum
468 391 40 21 och
524 399 45 14 som
585 391 66 22 måste
667 395 78 18 motses
761 392 84 21 komma
860 395 34 18 att

67 419 95 21 fortfara.
191 419 52 21 Men
265 419 62 22 dessa
345 419 264 29 kompletteringsarbeten
623 421 29 28 på
667 420 27 21 de
709 420 114 22 bestående
837 421 56 28 jern-

69 449 93 26 vägarna
176 448 39 21 och
231 448 62 21 dessa
307 449 85 28 privata
406 448 130 29 byggnader,
551 449 26 21 de
592 449 66 21 binda
672 450 22 27 ju
709 450 7 20 i
731 449 44 22 lika
789 449 42 28 hög
840 449 54 28 grad

69 483 46 21 som
130 479 79 19 statens
224 484 42 21 nya
279 477 221 28 jernvägsbyggnader
515 477 58 22 såväl
589 477 81 29 kapital
681 485 44 14 som
736 478 158 21 arbetskrafter.

69 505 73 21 Afven
163 513 33 13 om
212 505 218 28 Jernvägsutskottets
444 513 98 21 program
559 507 7 20 i
582 506 103 29 väsentlig
700 507 49 21 mån
763 507 84 21 komme
862 509 33 18 att

69 533 131 27 inskränkas,
222 534 67 21 skulle
305 534 72 21 derför
392 534 227 29 nybyggnadsarbeten
635 548 26 3 —
677 538 24 25 ty
716 535 67 22 såsom
799 535 95 28 nybygg-

69 562 141 22 nadsarbeten
232 562 67 22 måste
319 563 63 21 äfven
398 563 277 28 kompletteringsarbetena
689 563 35 22 för
737 564 27 21 de
779 563 115 22 bestående

69 593 92 25 vägarne
177 598 60 14 anses
252 604 29 2 —
296 591 84 21 komma
396 595 32 17 att
442 591 66 21 binda
522 592 55 21 både
592 594 67 19 större
668 592 80 21 kapital
761 593 40 20 och
813 592 81 21 arbets-

69 619 82 22 krafter
172 627 39 21 per
232 620 25 20 är
279 622 26 18 än
326 620 82 21 härtills
431 621 55 20 varit
507 620 65 22 fallet.
601 620 42 29 Jag
657 620 68 22 håller
739 621 45 21 före
800 624 32 18 att
846 628 48 14 man

69 648 48 21 icke
140 648 39 22 bör
200 648 79 22 förbise
295 648 68 22 denna
378 649 158 28 omständighet
550 649 67 21 under
632 657 26 13 en
673 650 38 26 tid,
726 649 28 21 då
769 649 54 21 både
837 649 57 28 jord-

69 676 78 22 bruket
168 676 40 22 och
227 677 103 21 industrin
352 677 66 21 hafva
438 685 25 13 en
479 678 80 28 ganska
574 678 80 21 känbar
669 678 120 21 erfarenhet
803 686 34 13 om
853 678 41 21 den

69 705 94 21 rådande
184 705 81 21 bristen
282 706 28 28 på
325 706 119 28 disponibla
458 706 81 28 kapital
555 706 40 22 och
610 706 158 22 arbetskrafter.
798 706 34 22 Hr
846 706 49 21 Me-

69 733 70 21 chelin
161 734 39 21 har
222 734 23 21 så
267 734 97 28 utförligt
378 734 70 28 belyst
464 734 40 22 den
520 735 120 21 finansiella
654 735 61 21 sidan
729 735 23 21 af
767 735 80 28 frågan,
863 738 32 18 att

69 762 41 28 jag,
132 765 51 19 utan
205 766 32 18 att
259 763 72 21 vidare
354 763 50 28 ingå
426 763 71 29 derpå,
513 763 41 21 kan
571 764 48 21 kort
633 771 33 14 om
681 764 53 28 godt
748 764 99 26 förklara,
863 766 32 18 att

69 791 36 28 jag
120 791 34 21 för
168 792 43 20 min
226 791 35 21 del
276 792 7 20 i
298 792 41 20 allo
354 792 94 20 ansluter
463 792 43 28 mig
520 792 33 21 till
569 792 40 21 den
625 792 169 29 uppfattningen,
802 795 32 18 att
846 800 48 13 man

70 827 28 13 nu
120 820 47 20 icke
189 820 66 21 borde
270 820 27 28 gå
311 820 85 21 utöfver
410 820 38 21 det
462 820 120 22 finansiella
596 828 98 21 program
710 820 164 22 Statsutskottet
887 821 8 21 i

71 848 38 21 sitt
129 848 134 22 betänkande
285 848 112 22 framstält.
430 848 76 29 Enligt
528 849 118 21 detsamma
667 850 76 25 kunde,
765 849 69 22 såsom
856 849 39 21 här

69 878 90 25 nämnts,
175 877 34 21 för
223 877 27 21 de
265 885 41 20 nya
320 878 116 27 jernvägar,
452 878 49 21 dem
517 881 69 18 staten
601 878 48 28 sjelf
664 878 56 21 hade
734 878 34 21 för
783 878 66 27 afsigt
863 881 33 18 att

69 905 76 26 utföra,
160 905 122 29 disponeras
297 907 13 20 8
326 906 96 27 miljoner
437 906 66 21 mark.
532 907 115 20 Användas
663 915 27 12 nu
706 906 22 21 af
743 907 62 20 dessa
819 907 13 20 8
848 906 47 21 mil-

69 934 59 27 joner
147 933 77 22 främst
247 935 110 26 5,400,000
375 934 34 21 för
424 935 112 20 utförande
551 935 23 21 af
588 935 305 28 Idensalmi—Kajanabanan,

69 962 68 21 skulle
152 962 34 21 för
200 963 69 28 öfriga
285 963 65 21 banor
364 963 80 21 återstå
458 964 111 25 2,600,000
585 963 65 22 mark.
679 964 45 21 Det
739 966 22 19 är
776 963 119 29 uppenbart

69 994 33 18 att
116 991 59 21 detta
190 991 73 28 anslag
277 991 48 22 icke
340 992 73 21 vidare
429 992 43 21 kan
487 992 94 28 splittras
591 992 29 29 på
631 993 53 20 flere
695 992 56 21 olika
762 993 71 26 banor,
843 995 52 18 utan

69 1019 68 22 måste
159 1020 108 21 användas
289 1021 75 20 endast
378 1020 28 29 på
422 1028 32 13 en.
484 1021 42 21 Till
541 1021 28 21 de
583 1021 121 21 finansiella
719 1021 175 28 betänkligheter,

69 1055 45 14 som
137 1048 81 21 således
233 1056 47 14 resa
295 1049 32 28 sig
342 1052 44 18 mot
401 1052 38 23 att,
453 1049 29 28 på
497 1051 43 20 sätt
553 1049 210 28 Jernvägsutskottet
778 1049 116 28 föreslagit,

69 1077 85 21 utöfver
175 1077 299 28 Idensalmi—Kajanabanan
497 1078 106 21 dessutom
624 1078 83 21 besluta
728 1078 123 21 utförandet
872 1078 23 21 af

69 1107 77 20 tvänne
168 1113 41 21 nya
229 1106 72 26 banor,
322 1106 33 21 till
374 1107 61 20 dessa
452 1106 171 29 betänkligheter
637 1107 53 21 sälla
705 1107 31 27 sig
751 1107 64 21 äfven
830 1106 65 29 några

69 1133 71 27 andra,
163 1134 48 21 dem
233 1135 20 28 jag
290 1135 38 21 ber
350 1135 22 20 få
394 1135 118 26 framhålla,
528 1135 88 22 emedan
631 1135 70 22 denna
716 1135 45 22 sida
777 1137 54 19 ännu
846 1135 48 21 icke

69 1162 73 21 blifvit
166 1163 66 21 under
254 1143 104 42 debatten
383 1163 77 22 berörd
487 1167 64 18 annat
576 1166 26 19 än
627 1165 8 20 i
656 1164 137 28 förbigående
816 1163 23 22 af
861 1163 34 21 Hr

70 1191 112 21 Snellman.

138 1219 76 22 Under
227 1220 90 28 tidigare
331 1220 99 28 perioder
444 1220 35 21 för
494 1220 51 22 våra
559 1220 220 29 jernvägsbyggnader
788 1220 62 28 gälde
859 1220 37 21 det

69 1255 45 15 som
129 1248 57 28 regel
201 1251 32 18 att
248 1248 47 21 icke
311 1248 89 29 belägga
414 1256 46 13 mer
475 1251 26 18 än
517 1257 25 13 en
558 1249 55 21 bana
627 1249 110 28 samtidigt
751 1249 49 21 med
815 1249 79 20 arbete.

69 1276 45 21 Vid
131 1277 55 20 1888
202 1277 34 21 års
250 1277 103 28 landtdag
367 1277 111 28 frångingo
493 1277 119 22 Ständerna
626 1277 60 22 detta
701 1277 126 26 förfarande,
838 1277 7 21 i
858 1277 37 21 det

69 1307 33 19 att
115 1305 124 22 utförandet
253 1305 22 22 af
289 1305 59 22 såväl
362 1305 41 22 den
419 1306 107 21 Karelska
538 1313 44 14 som
593 1307 39 20 den
645 1306 169 28 Björneborgska
825 1305 69 22 banan

69 1334 79 27 vidtog.
177 1334 148 28 Anledningen
347 1334 33 21 till
403 1334 61 21 detta
479 1335 68 20 beslut
561 1335 61 21 torde
637 1337 93 19 närmast
744 1335 56 21 varit
814 1334 80 28 svårig-

68 1362 63 25 heten
155 1365 31 18 att
207 1363 59 20 finna
286 1363 32 28 sig
340 1363 8 20 i
362 1363 58 21 valet
434 1363 90 21 emellan
540 1363 149 22 rivaliserande
704 1364 108 20 intressen.
841 1362 53 21 Man

69 1390 61 21 sökte
149 1398 75 21 genom
240 1394 32 18 att
287 1391 109 28 samtidigt
411 1391 83 22 besluta
507 1394 78 19 tvänne
601 1392 66 21 banor
682 1393 7 20 i
704 1392 68 28 någon
787 1391 49 21 mån
851 1391 43 21 till-

68 1419 78 28 godose
169 1420 116 21 intressena
307 1421 7 20 i
337 1420 82 21 landets
442 1420 58 21 olika
520 1420 65 21 delar.
614 1420 49 21 Och
685 1420 24 21 så
723 1421 39 20 har
776 1420 38 21 det
829 1419 66 22 sedan

69 1447 48 22 dess
140 1448 94 28 fortgått.
264 1448 52 21 Men
339 1456 49 13 man
402 1448 40 21 har
456 1448 48 21 icke
519 1451 85 19 stannat
618 1449 81 22 dervid.
729 1449 75 22 Under
819 1448 27 21 de
862 1455 32 14 se-

68 1479 60 18 naste
150 1476 84 21 tiderna
255 1477 38 20 har
315 1477 110 27 samtidigt
439 1477 74 21 tidtals
529 1477 62 28 bygts
621 1477 12 21 på
647 1480 33 18 tre
695 1477 57 21 olika
768 1477 70 26 banor,
854 1476 40 22 och

68 1504 122 28 godkännes
212 1512 27 14 nu
261 1504 219 29 Jernvägsutskottets
495 1505 85 28 förslag,
595 1513 23 13 så
633 1506 41 20 blir
688 1505 143 21 förhållandet
846 1512 49 14 ena-
