1084 1767
293 136 158 17 Smittosamma
462 136 229 20 husdjurssjukdomar.
838 130 42 21 435

316 238 357 29 Omröstningsproposition:

152 312 41 26 De,
208 312 73 22 hvilka
296 311 115 29 godkänna
427 313 11 20 1
455 313 13 26 8
483 312 138 27 oförändrad,
634 314 58 19 rösta
707 313 31 28 ja;

152 387 76 21 vinner
242 387 41 28 nej,
299 386 38 21 har
351 386 128 29 paragrafen
493 386 108 28 godkänts
617 386 48 22 med
681 385 41 22 den
738 386 125 28 förändring
879 388 30 19 att

83 415 67 21 första
172 415 85 28 stycket
279 415 23 21 af
324 422 62 14 mom.
406 417 12 20 2
442 415 90 22 erhåller
554 415 94 29 följande
663 415 91 28 lydelse:
772 414 137 22 »tuberkulos

83 444 159 27 (tuberculosis)
258 443 38 22 hos
312 444 125 21 nötkreatur
451 444 40 21 och
507 445 69 20 svin».

152 519 85 21 Genom
253 521 32 18 att
300 519 89 21 besvara
405 519 161 28 propositionen
581 519 49 21 med
646 518 160 29 öfvervägande
823 519 20 28 ja
855 517 54 22 hade

83 547 25 22 R.
124 555 18 14 o.
160 548 26 21 A.
201 547 97 29 godkänt
313 548 12 27 &
342 549 11 20 1
370 548 67 27 enligt
453 547 123 22 Utskottets
592 547 86 28 förslag.

152 635 47 25 82

152 702 34 21 Hr
201 702 56 21 Axel
275 702 81 21 Späre
371 702 84 28 yttrade
474 702 132 22 beträffande
626 702 70 21 denna
712 702 22 27 $:
763 702 27 21 Jag
820 703 23 19 är
859 708 50 14 ense

84 730 47 22 med
154 730 114 22 Utskottet
306 738 64 18 derom,
389 734 32 18 att
443 730 42 22 den
507 738 63 21 egare
585 730 23 22 af
623 730 93 29 husdjur,
733 730 113 22 behäftadt
861 730 48 21 med

84 760 117 20 smittosam
222 758 105 29 sjukdom,
349 759 112 29 äliggande
481 759 286 29 anmälningsskyldigheten
784 759 37 21 bör
837 758 51 28 ingä
903 759 7 20 i

84 788 156 28 ständerlagen.
269 788 104 21 Deremot
392 788 42 21 kan
455 788 36 28 jag
508 788 48 21 icke
572 788 114 28 godkänna
702 788 41 21 den
759 788 23 21 af
799 787 112 23 Utskottet

84 816 73 22 härom
180 816 122 28 föreslagna
325 816 153 28 förändringen
497 818 29 20 uti
543 816 71 22 denna
628 818 20 26 8,
664 818 50 20 enär
730 816 40 22 den
786 816 67 28 enligt
869 816 41 21 den

84 845 94 21 erhällna
198 845 124 21 lokutionen
343 848 33 18 ter
395 846 34 27 sig
449 846 135 27 temmeligen
606 846 76 26 naken,
699 844 89 22 emedan
804 845 38 21 här
857 844 53 22 ovil-

84 874 96 28 korligen
193 874 66 21 borde
274 874 51 28 ingå
340 882 26 13 en
379 874 130 28 hänvisning
519 882 35 13 om
566 874 38 21 hos
615 874 63 21 hvem
691 874 97 21 anmälan
800 873 54 22 skall
867 873 43 21 ske.

84 902 66 22 Detta
173 902 67 22 finnes
261 903 54 21 visst
334 906 68 18 utsatt
421 904 7 20 i
449 902 150 29 kungörelsen,
614 909 46 15 som
676 904 23 19 är
714 902 148 22 öfverlemnad
877 902 33 20 till

84 930 131 22 Ständernas
239 931 115 27 utlåtande,
377 939 47 14 men
449 931 41 21 den
513 931 67 21 borde
602 932 7 20 i
631 931 41 21 alla
693 931 37 21 fall
749 930 66 22 också
833 930 39 22 här
887 930 23 21 få

84 960 61 28 plats,
169 960 41 21 och
232 960 69 21 skulle
324 961 35 27 jag
381 960 74 21 derför
476 960 86 26 föreslå,
578 963 32 18 att
625 960 47 27 S:en
688 960 68 21 skulle
772 960 138 21 omstiliseras

84 988 30 26 sä,
129 991 32 19 att
176 989 162 28 kreatursegare
353 988 154 29 ofördröjligen
523 989 39 21 bör
576 990 52 27 göra
642 988 96 22 anmälan
748 988 39 22 hos
800 987 110 29 »myndig-

85 1017 41 26 het,
146 1024 45 14 som
213 1017 126 22 bestämmes
359 1025 78 21 genom
457 1018 91 21 särskild
568 1017 148 29 kungörelse»,
736 1017 41 21 och
792 1017 69 21 skulle
875 1016 36 29 jag

84 1046 73 21 derför
173 1046 77 21 föreslå
266 1049 31 18 att
312 1047 47 27 &:en
375 1046 69 22 skulle
460 1046 165 22 äterremitteras
640 1046 32 21 till
688 1046 113 22 Utskottet
816 1046 35 20 för
862 1046 47 20 att
900 1042 13 37 i

84 1074 37 22 det
136 1074 112 22 afseendet
264 1074 149 29 omredigeras.

153 1149 34 20 Hr
202 1149 183 21 Wallensköld
402 1149 98 22 biträdde
516 1149 59 22 detta
590 1149 86 28 förslag.

153 1223 34 21 Hr
202 1223 62 22 Alex.
279 1223 134 22 Aminoff:
444 1223 35 22 Då
500 1223 35 22 Hr
555 1223 79 29 Späres
649 1223 81 28 förslag
746 1223 71 21 blifvit
833 1222 78 21 under-

85 1251 64 27 stödt,
170 1252 37 21 ber
227 1253 36 27 jag
283 1252 76 21 endast
377 1252 23 21 fä
418 1252 118 27 framhälla,
558 1255 32 18 att
612 1252 36 21 det
672 1252 119 27 föreslagna
813 1251 98 28 tillägget

86 1281 66 27 enligt
162 1281 48 20 mitt
226 1280 139 22 förmenande
381 1283 23 19 är
419 1281 131 28 fullkomligt
560 1280 94 29 onödigt.
677 1280 35 21 Då
722 1281 8 20 i
741 1281 46 26 $:en
800 1281 68 27 säges,
880 1282 32 19 att

85 1316 78 21 egaren
179 1311 23 19 är
217 1309 86 29 skyldig
318 1312 32 18 att
365 1309 72 22 derom
453 1309 153 28 ofördröjligen
622 1309 90 26 anmäla,
727 1311 23 19 är
765 1309 37 21 det
811 1309 22 28 ju
845 1307 66 22 allde-

85 1337 31 22 les
140 1338 108 28 naturligt,
270 1341 31 18 att
320 1338 37 21 det
378 1339 5 20 i
406 1338 42 21 den
464 1338 106 21 särskilda
584 1337 132 28 förordning,
731 1345 46 14 som
792 1338 7 20 i
815 1337 97 28 proposi-

84 1367 73 20 tionen
178 1367 101 26 utlofvas,
299 1366 53 21 skall
373 1367 142 21 föreskrifvas
531 1367 53 20 hvar
599 1367 70 20 denna
684 1366 98 21 anmälan
797 1365 54 22 skall
867 1365 45 22 ske.

84 1395 50 21 Och
155 1394 34 27 dä,
208 1395 70 21 säsom
297 1396 7 20 i
321 1395 145 22 betänkandet
486 1395 133 27 framhällits,
635 1395 117 27 Utskottet,
768 1402 47 14 som
829 1395 7 20 i
852 1393 59 22 detta

85 1423 103 22 afseende
203 1424 96 27 godkänt
315 1423 41 22 den
373 1423 48 22 nåd.
437 1431 87 21 prop:ns
539 1423 152 29 uppställning,
706 1423 65 22 äfven
786 1423 34 21 för
831 1423 34 21 sin
877 1422 35 21 del

85 1452 84 21 försökt
188 1452 48 21 från
255 1452 149 28 ständerlagen
420 1452 94 22 utesluta
529 1453 76 27 hvarje
621 1453 79 27 onödig
719 1452 140 27 bestämning,
876 1451 37 21 ber

85 1481 35 28 jag
136 1481 34 20 för
186 1482 42 20 min
245 1481 34 21 del
295 1481 23 21 få
333 1481 87 22 förorda
437 1481 145 22 betänkandet
596 1480 146 23 oförändradt.
