1084 1778
314 128 85 17 Statens
409 128 232 21 jernvägsbyggnader.
822 123 39 20 777

67 198 77 19 stanna
166 203 59 20 gvar,
245 195 41 22 och
307 195 113 22 resultatet
434 195 23 22 af
472 203 26 14 en
514 195 133 22 Kasköbana
663 195 72 22 blefve
750 195 84 22 säledes
850 195 43 27 det,

66 226 32 19 att
114 223 176 29 Sydösterbotten
306 224 56 28 finge
373 225 79 20 tvänne
463 224 43 21 lika
516 224 147 21 framtidslösa
673 224 125 27 småstäder,
806 225 7 20 i
822 224 71 21 stället

66 252 36 21 för
116 256 31 17 att
161 251 38 22 det
213 252 66 21 borde
295 252 22 21 fä
333 260 26 13 en
376 252 97 22 kraftfull
489 253 41 21 och
540 252 202 27 framätskridande,
752 253 140 28 kapitalstark

67 281 41 21 och
123 281 105 21 affärsvan
244 281 139 21 hufvudstad.

136 310 42 21 Om
196 310 35 27 jag
246 309 84 22 säledes
346 310 83 21 kunnat
443 310 75 21 förena
534 311 44 27 mig
593 310 48 21 med
657 310 212 29 Jernvägsutskottet
884 311 7 20 i

67 337 102 22 afseende
185 338 58 21 såväl
259 338 12 20 &
283 338 227 22 hamnförhällandena
521 346 46 14 som
578 339 67 21 också
655 338 236 28 affärsverksamheten,

67 366 43 22 kan
124 367 35 28 jag
173 366 96 22 deremot
284 367 48 21 icke
348 366 49 22 dela
411 366 49 22 dess
476 366 159 29 framställning
650 368 7 20 i
673 367 103 21 afseende
792 367 12 21 &
820 366 72 22 lands-

67 398 72 19 ortens
161 395 101 28 ställning
284 395 31 21 till
331 394 82 29 frågan.
442 395 56 22 Utaf
513 395 27 22 de
557 395 130 28 utlåtanden,
700 403 45 14 som
762 396 82 21 kunnat
859 403 33 14 er-

67 423 69 22 hållas
157 424 47 21 från
227 424 160 27 kommunerna,
411 424 41 21 kan
468 432 49 13 man
533 425 126 28 visserligen
676 425 48 21 icke
740 425 65 21 draga
821 425 70 28 någon

66 453 83 21 hållbar
163 453 93 21 slutsats.
278 453 34 21 En
328 453 35 21 del
379 453 125 21 kommuner
518 453 66 21 hafva
595 456 84 19 voterat
689 453 34 22 för
733 453 82 24 Kaskö,
826 453 66 22 andra

67 481 47 22 åter
128 481 33 22 för
176 481 152 22 Kristinestad.
350 481 53 22 Men
419 481 41 22 den
476 482 186 28 omständigheten
678 485 31 18 att
724 482 26 21 de
767 482 69 21 lokala
848 482 44 21 för-

67 509 127 22 hållandena
209 510 68 21 under
292 510 71 21 sekler
378 510 87 29 vägledt
480 511 89 21 trafiken
585 511 56 20 ifrån
657 511 77 21 Ilmola
748 511 50 21 ådal
813 518 78 21 genom

67 539 129 28 Kauhajoki,
211 539 78 21 Bötom
305 539 40 21 och
361 539 125 28 Lappfjärd,
502 539 75 28 tyckes
593 540 44 27 mig
652 547 50 14 vara
718 542 31 19 ett
759 542 73 19 votum
843 539 47 21 från

68 567 163 28 befolkningens
254 567 47 22 sida
323 575 45 14 som
390 567 67 22 håller
475 568 78 21 streck.
583 566 76 24 Under
675 568 26 21 de
717 568 82 22 hundra
814 568 24 21 år
850 568 41 21 och

68 603 64 20 mera,
150 604 45 13 som
211 596 162 21 konkurrensen
389 596 91 28 fortgått
494 597 77 21 mellan
587 597 28 20 de
631 597 55 21 båda
701 597 106 26 städerna,
822 597 69 21 skulle

67 625 46 21 helt
134 625 72 21 säkert
228 633 26 13 en
277 624 125 29 förändring
416 626 6 20 i
438 625 125 21 trafikleden
582 625 66 22 hafva
664 625 100 28 inträffat,
779 626 6 20 i
801 625 38 22 fall
854 625 38 22 det

67 653 56 22 hade
142 655 55 26 varit
212 653 128 28 naturligare
356 653 41 22 och
414 654 68 21 bättre
498 657 32 18 att
545 654 50 21 vika
611 654 23 21 af
648 654 47 21 från
712 654 123 29 Kauhajoki
850 654 41 21 och

67 682 29 27 gå
113 682 32 21 till
165 682 131 26 Östermark,
311 682 84 29 Nerpes
410 682 40 21 och
467 683 82 21 Kaskö.
578 683 65 21 Hade
659 683 75 21 Kaskö
749 683 63 21 hamn
829 683 62 21 verk-

68 711 56 27 ligen
145 711 48 21 haft
215 714 30 18 ett
267 711 24 21 så
313 714 55 18 stort
387 711 114 26 företräde,
516 711 24 21 så
555 711 56 21 hade
627 711 37 21 det
678 711 35 21 väl
728 711 68 21 under
812 711 79 21 sådana

68 738 148 22 förhållanden
231 740 57 28 gjort
303 740 32 27 sig
349 739 105 28 gällande.

137 768 48 21 Den
209 768 108 28 betydelse
337 768 35 28 jag
387 768 139 21 tillerkänner
540 768 42 21 den
598 768 114 22 historiska
728 768 163 28 utvecklingens

67 796 59 28 gång
147 797 7 20 i
177 799 30 18 ett
228 796 104 28 landskap
347 798 40 26 gör
401 800 31 18 att
448 798 36 27 jag
498 796 49 22 icke
562 796 67 22 heller
645 797 40 21 kan
701 798 43 20 rätt
758 797 75 21 förena
848 798 44 26 mig

68 832 34 14 om
118 824 37 22 det
169 825 228 28 förmedlingsförslag,
414 832 45 14 som
476 826 138 20 framkastats
630 826 23 21 af
663 826 34 20 Hr
707 826 115 25 Snellman,
832 827 60 19 näm-

68 853 56 28 ligen
146 856 31 19 att
200 861 48 14 man
264 854 69 21 skulle
348 854 66 28 enligt
428 854 207 28 jernvägskomiténs
651 854 81 28 förslag
746 855 7 20 i
770 856 57 20 östra
842 854 50 21 hör-

68 885 38 18 net
120 883 23 20 af
157 882 123 29 Kauhajoki
295 882 75 22 afvika
384 882 32 22 till
432 882 132 28 Östermark,
580 890 48 14 men
639 883 95 21 derifrån
744 883 66 28 draga
822 883 69 21 banan

68 910 46 22 åter
133 911 41 21 ned
194 911 31 28 till
246 911 69 29 Tjöck
335 911 40 22 och
396 911 153 22 Kristinestad.
579 911 95 22 Dermed
695 912 69 21 skulle
786 919 47 14 man
856 911 35 22 väl

68 939 114 29 tillgodose
198 940 137 21 Östermarks
350 941 98 26 intresse,
463 948 48 13 men
528 941 48 20 med
592 940 116 22 detsamma
724 941 84 28 tillfoga
824 939 67 22 skada

68 967 23 22 åt
106 968 80 22 sådana
201 969 125 21 kommuner
341 976 46 14 som
402 969 130 28 Kauhajoki,
545 969 119 29 Lappfjärd
673 969 41 22 och
724 969 84 24 Bötom,
819 969 72 21 hvilka

68 997 56 28 gjort
138 997 41 22 och
194 997 129 22 underhållit
338 997 41 21 den
394 997 71 28 gamla
480 998 110 27 farvägen.

136 1026 66 21 Hvad
224 1026 130 28 spårvidden
377 1026 107 27 beträffar,
506 1027 37 21 vill
558 1027 37 28 jag
609 1026 48 21 icke
674 1027 66 20 uttala
754 1027 44 27 mig
813 1026 79 26 derom,

68 1061 48 14 men
139 1054 37 21 det
196 1055 76 28 tyckes
293 1056 43 26 mig
358 1062 46 14 som
424 1063 34 13 om
474 1063 26 13 en
516 1055 159 27 omständighet
690 1055 117 21 emellertid
824 1055 68 21 skulle

68 1082 43 22 tala
134 1082 35 22 för
190 1090 26 14 en
238 1083 156 28 normalspårig
416 1083 62 26 bana,
500 1083 107 28 nämligen
623 1083 37 21 det
675 1083 144 21 förhållandet
834 1084 58 25 att,
882 1078 13 37 i

68 1111 39 21 fall
129 1111 68 22 banan
219 1112 76 28 drages
311 1112 64 21 söder
390 1119 34 14 om
440 1112 79 21 Bötom
535 1112 86 28 bergen,
635 1120 77 20 genom
727 1112 118 28 Lappfjärd
860 1112 33 20 till

68 1140 152 28 Kristinestad,
236 1140 122 28 derigenom
374 1140 125 22 förberedes
511 1148 25 14 en
548 1140 101 22 framtida
659 1141 131 27 förbindelse
803 1140 89 22 emellan

68 1168 146 22 Kristinestad
237 1169 42 21 och
301 1169 139 29 Björneborg,
464 1169 20 21 d.
499 1177 20 13 v.
532 1177 16 13 s.
563 1169 90 21 emellan
672 1169 63 21 södra
752 1169 141 21 Österbotten

68 1197 42 27 och
124 1197 69 21 Norra
209 1197 125 26 Satakunta,
349 1197 83 22 hvilket
447 1205 52 14 vore
515 1206 26 13 en
557 1198 64 27 högst
636 1198 84 28 önsklig
735 1198 125 27 utveckling
870 1197 24 21 af

69 1226 152 22 Österbottens
243 1226 218 28 trafikförhållanden,
480 1234 48 14 men
544 1226 103 28 derjemte
663 1226 71 22 blefve
749 1226 78 22 länken
843 1227 7 20 i
866 1233 26 14 en

68 1254 112 27 kustbana,
195 1262 45 14 som
257 1255 34 21 väl
307 1254 68 22 måste
390 1262 52 14 vara
457 1255 160 28 normalspårig.
643 1255 41 28 Jag
699 1262 63 14 anser
776 1256 44 27 mig
830 1254 64 22 emel-

68 1283 63 21 lertid
146 1283 72 21 kunna
233 1284 60 28 nöjas
309 1283 48 21 med
373 1283 41 21 den
424 1284 145 28 formulering,
577 1291 46 14 som
633 1284 212 28 Jernvägsutskottet
855 1283 39 21 har

67 1311 66 28 gifvit
155 1312 6 20 i
184 1312 102 21 afseende
309 1312 28 28 på
360 1312 138 28 spårvidden,
514 1312 27 21 då
555 1313 22 27 ju
593 1313 6 20 i
615 1312 37 22 det
667 1320 75 14 senare
756 1312 138 22 alternativet

68 1340 99 21 förordas
183 1348 25 13 en
225 1341 80 21 normal
321 1340 111 29 spårvidd.

137 1368 66 22 Hvad
218 1369 68 22 första
301 1369 105 22 klämmen
424 1369 140 28 vidkommer,
578 1369 126 29 godkänner
718 1370 36 28 jag
769 1369 125 22 Utskottets

68 1397 144 29 formulering.

137 1454 34 22 Hr
186 1456 70 27 Aug.
297 1462 80 14 Ramsa
385 1463 13 41 !
407 1464 5 12 :
442 1454 34 22 Hr
491 1455 121 21 Mechelins
628 1455 129 21 bekännelse
768 1458 32 18 att
810 1455 85 21 diskus-

68 1484 74 20 sionen
165 1484 56 27 gjort
241 1484 78 20 honom
343 1484 120 21 vacklande
488 1491 73 14 manar
576 1485 44 27 mig
635 1487 32 18 att
681 1484 54 21 fatta
750 1484 44 28 mig
809 1483 87 21 mycket

69 1512 53 26 kort,
138 1512 28 28 pä
188 1512 37 21 det
247 1515 32 18 att
300 1512 48 22 icke
370 1514 31 19 ett
419 1512 112 28 vidlyftigt
545 1512 106 28 ingående
667 1513 7 21 i
688 1512 76 28 frågan
780 1512 35 21 mä
844 1512 52 21 hafva
