1086 1792
346 121 272 33 Kanaliseringsarbetena.
829 122 40 21 867

142 196 122 30 Föredrogs
285 196 225 29 Jernvägsutskoltets
533 196 118 29 bordlagda
674 196 135 22 betänkande
831 196 42 22 N:o
889 197 13 21 3

73 228 7 20 i
96 225 116 29 anledning
232 226 22 21 af
268 226 105 21 särskilda
388 226 33 21 till
436 225 166 22 Bondeständet
616 224 121 23 inlemnade
753 224 148 30 petitionsför-

73 255 48 28 slag
136 254 110 28 angående
262 254 291 28 kanaliseringsarheten.

143 311 71 22 Sedan
240 311 34 21 Hr
301 311 36 28 Hj.
360 310 127 22 Schildt
509 311 44 21 fäst
573 310 216 29 uppmärksamheten
812 310 36 21 vid
872 312 31 19 ett

73 339 94 29 tryckfel
182 340 6 21 i
204 339 42 22 den
262 339 145 22 betänkandet
421 339 118 28 vidfogade
554 339 82 27 kartan,
652 340 6 21 i
674 339 37 22 det
726 342 31 18 ett
772 339 49 22 rödt
831 339 71 22 streck

74 368 39 22 der
128 368 105 21 saknades
248 368 91 21 emellan
354 368 114 22 Akonvesi
483 368 41 22 och
539 368 149 29 Kaavinjärvi,

145 425 69 22 beslöt
236 425 25 21 R.
284 433 18 13 o.
324 425 26 21 A.
372 428 31 19 att
424 425 117 28 godkänna
556 425 224 28 Jernvägsutskottets
795 424 108 29 ifrägava-

74 453 67 22 rande
157 453 140 22 betänkande.

382 557 103 28 Afgjorda
500 557 98 22 ärenden.

145 614 57 21 Frän
219 614 213 21 Ekonomiutskottet
442 614 56 21 hade
509 614 69 28 ingätt
590 614 98 21 anmälan
700 616 31 19 att
741 614 94 28 lagenlig
845 615 58 21 stän-

75 643 149 22 derpluralitet
245 643 83 28 föreläg
350 643 133 21 beträffande
507 643 123 22 Utskottets
651 643 82 28 förslag
751 643 32 21 tili
797 650 106 14 samman-

75 672 111 28 jemkning
207 671 23 22 af
252 671 102 22 ständens
374 671 124 29 skiljaktiga
513 671 71 22 beslut
599 671 37 22 vid
652 671 157 28 behandlingen
825 671 23 22 af
863 671 41 22 Ut-

76 700 93 21 skottets
188 699 134 22 betänkande
337 700 42 21 N:o
395 701 11 20 7
423 701 7 20 i
446 700 116 28 anledning
577 700 23 21 af
615 699 49 22 näd.
679 707 60 22 prop.
753 700 43 21 N:o
811 701 28 20 29
854 699 49 22 med

77 729 80 28 förslag
179 729 32 21 tili
233 729 126 28 förordning
374 736 33 14 om
423 728 92 29 ändring
531 729 22 21 af
568 728 105 22 särskilda
688 729 134 28 stadganden
837 729 7 20 i
859 728 44 22 för-

76 757 120 28 ordningen
208 757 110 28 angående
330 757 153 29 försäljning
493 757 41 22 och
543 757 147 28 utskänkning
700 757 27 22 af
734 757 169 28 maltdrycker

79 786 24 21 af
123 786 42 21 den
181 787 12 20 2
210 786 61 29 April
288 787 61 24 1883,
363 787 8 20 i
386 787 58 20 vissa
460 786 60 21 delar
535 786 80 21 ändrad
632 793 78 21 genom
725 786 179 28 förordningarna

76 814 43 22 den
135 815 12 21 9
163 814 50 22 Juni
230 815 54 21 1892
299 815 42 21 och
356 815 41 21 den
413 815 27 21 10
455 815 64 28 April
534 816 62 20 1895.

146 872 81 21 Likaså
248 872 56 21 hade
326 872 55 28 Lag-
404 872 41 21 och
462 872 212 21 Ekonomiutskottet
689 872 170 28 tillkännagifvit
873 874 31 19 att

76 900 36 22 för
127 900 124 22 Utskottets
267 900 135 22 betänkande
417 900 44 22 N:o
477 901 13 21 6
505 901 6 20 i
527 900 116 28 anledning
658 900 23 22 af
695 900 48 22 näd.
753 908 60 21 prop.
824 900 42 22 N:o
877 901 27 20 22

77 928 49 22 med
135 929 81 28 förslag
225 929 33 21 till
270 929 34 28 lag
312 929 110 28 angäende
433 929 169 29 fartygsredares
613 929 138 28 ansvarighet
760 929 35 21 för
804 929 100 28 kropps-

77 957 85 28 skada,
177 964 53 16 som
246 958 106 22 drabbar
366 958 95 28 sjöman
477 959 7 20 i
497 959 98 27 tjensten,
605 958 196 28 ständerpluralitet
811 958 93 21 vunnits.

148 1014 57 22 Frän
222 1014 165 22 Statsutskottet
401 1015 56 21 hade
473 1014 88 22 anländt
572 1018 31 18 ett
613 1014 142 22 meddelande
766 1018 32 18 att
807 1014 98 22 ständer-

79 1043 71 22 beslut
168 1044 83 28 förelåg
265 1044 7 20 i
290 1044 102 21 afseende
411 1044 13 21 å
444 1044 51 21 dess
510 1043 136 22 betänkande
661 1044 43 21 N:o
715 1044 12 21 6
738 1044 6 20 i
755 1044 117 27 anledning
882 1043 23 21 af

78 1072 49 22 näd.
145 1080 54 20 prop
220 1072 40 22 N:o
278 1073 20 25 9,
318 1072 111 28 angäende
447 1072 44 22 den
514 1072 74 28 skatt,
610 1080 45 14 som
678 1072 36 22 för
727 1072 140 28 tillverkning
882 1072 23 22 af

78 1101 106 22 bränvin
206 1101 55 21 skall
282 1101 101 28 erläggas,
405 1104 55 18 samt
476 1108 35 14 om
526 1101 66 28 sagda
608 1101 68 21 skatts
700 1100 141 22 användande
864 1100 41 22 och

78 1129 129 28 fördelning,
229 1130 65 21 sedan
340 1129 101 22 Utskottets
465 1130 6 20 i
494 1130 115 28 anledning
627 1129 23 21 af
665 1129 102 22 ständens
783 1130 123 28 skiljaktiga

79 1158 70 21 beslut
164 1159 6 20 i
186 1158 75 28 frägan
277 1158 125 22 framstälda
417 1158 301 28 sammanjemkningsförslag
733 1166 87 14 numera
833 1158 73 21 blifvit

78 1186 23 22 af
116 1187 41 21 alla
172 1186 63 22 ständ
250 1187 117 28 godkändt.

147 1290 70 21 Bland
232 1290 27 21 R.
275 1297 18 14 o.
308 1290 38 21 A:s
361 1289 139 22 medlemmar
514 1290 55 21 hade
585 1290 93 21 utdelats
693 1289 40 22 och
749 1289 114 22 bordlades
873 1288 33 22 till

77 1318 172 29 morgondagens
264 1318 86 29 plenum

147 1376 252 28 Bevillningsutskottets
420 1376 128 21 hemställan
569 1383 34 14 om
618 1375 105 22 förstärkt
737 1375 169 27 Bevillningsut-

79 1404 60 22 skott
159 1405 7 21 i
186 1404 63 29 fråga
271 1412 34 14 om
325 1404 140 28 bevillning
487 1404 34 22 för
536 1404 140 28 tillverkning
690 1404 24 21 af
728 1403 178 28 maltdryeker.

79 1432 131 28 (Utskottets
233 1432 135 22 betänkande
387 1433 42 21 N:o
448 1434 13 20 2
477 1434 7 20 i
501 1432 115 28 anledning
631 1432 24 22 af
670 1432 48 22 näd.
733 1440 60 21 prop.
807 1432 43 21 N:o
867 1432 39 26 10).

147 1489 35 22 Hr
189 1490 206 21 Landtmarskalken
403 1490 137 49 uppmanade
548 1490 7 21 i
563 1489 154 28 sammanhang
726 1488 87 22 härmed
821 1488 26 21 R.
854 1495 19 14 o.
880 1489 27 20 A.

79 1520 37 24 att,
137 1518 34 21 för
193 1518 43 21 den
256 1518 102 21 händelse
373 1517 126 23 Utskottets
515 1518 125 21 hemställan
657 1517 73 22 blefve
745 1516 109 29 godkänd,
869 1516 37 22 vid
