1084 1773
410 136 58 20 Lega
480 135 24 17 af
510 136 54 20 jord.
830 130 42 20 585

76 205 67 26 lagen.
174 203 42 28 Jag
239 204 68 21 skulle
331 203 72 22 derför
423 204 67 21 önska
506 207 31 18 att
553 203 58 22 detta
634 205 5 20 3
655 211 61 14 mom.
732 211 76 20 genom
824 203 78 22 återre-

76 233 52 20 miss
143 233 32 20 till
191 232 112 22 Utskottet
319 233 68 20 skulle
408 233 120 20 utsträckas
553 233 64 21 äfven
640 233 32 20 till
696 232 206 28 landbolägenheter.

145 261 66 21 Hvad
235 261 101 21 beträffar
351 261 35 20 Hr
402 261 147 28 Gripenbergs
565 261 66 21 andra
647 261 81 28 förslag
743 261 24 21 så
783 263 23 18 är
820 261 35 28 jag
870 261 32 20 äf-

77 297 41 14 ven
134 291 6 20 i
157 290 70 21 denna
242 289 34 21 del
293 289 47 22 med
357 289 77 22 honom
451 297 57 14 ense.
538 289 50 22 Han
604 289 38 22 har
658 289 33 22 för
706 289 59 22 detta
775 289 80 28 förslag
866 297 36 13 an-

77 319 43 20 fört
135 318 24 21 så
175 318 76 28 många
266 318 97 27 vägande
379 318 52 26 skäl,
447 321 32 18 att
492 319 36 27 jag
545 319 41 20 kan
603 318 54 21 fatta
672 319 43 27 mig
730 318 54 26 kort,
796 326 47 13 men
855 318 47 21 med

77 347 115 28 anledning
208 347 22 21 af
246 347 55 21 hvad
318 347 69 27 någon
403 347 131 28 föregående
550 347 65 21 talare
631 350 67 25 yttrat
713 347 37 21 ber
767 347 35 28 jag
814 346 22 21 få
847 347 55 20 fästa

78 375 213 29 uppmärksamheten
309 375 35 22 vid
361 378 31 18 att
408 376 10 27 $
435 376 13 21 6
464 377 6 19 i
484 383 75 14 senare
575 377 113 26 meningen
704 376 144 27 uttryckligen
861 375 42 21 till-

78 404 151 28 kännagifver:
262 404 59 21 »Har
345 404 103 21 brukaren
465 405 5 20 i
488 404 173 27 legokontraktet
677 404 122 21 förbehållit
814 405 33 26 sig
861 405 42 20 rätt

78 433 31 21 till
126 433 135 28 uppsägning
275 433 68 20 under
358 432 116 29 legotiden,
490 441 50 13 vare
557 433 36 20 det
608 433 124 28 gällande»;
750 433 41 20 och
806 433 59 20 detta
880 434 23 19 är

78 470 26 13 en
120 461 187 28 kardinalprineip,
331 469 45 14 som
399 461 65 22 borde
481 469 50 14 vara
547 461 96 22 skrifven
661 461 46 22 med
724 464 58 19 stora
796 464 68 25 typer,
880 461 24 21 sä

78 493 32 18 att
125 498 46 13 man
189 490 35 21 vid
241 490 149 21 diskussionen
406 491 47 20 icke
470 490 64 21 mätte
551 490 80 21 förbise
647 490 47 21 den.
718 490 42 21 Det
776 492 22 19 är
814 489 90 28 legogif-

79 527 70 18 varen,
166 527 45 13 som
227 520 23 19 är
266 519 91 25 bunden,
381 527 47 13 men
444 519 39 20 har
497 519 107 21 brukaren
628 519 123 20 förbehällit
766 520 34 27 sig
815 520 41 19 rätt
872 518 31 21 till

79 549 142 27 uppsägning,
238 548 23 21 sä
277 547 38 21 har
331 547 40 21 han
388 548 70 21 denna
481 549 42 19 rätt
538 549 32 26 sig
587 547 138 22 förbehållen.
754 547 106 21 Perioden
878 547 26 21 10

79 577 23 20 år
118 578 22 19 är
155 576 70 22 såsom
241 576 41 21 alla
298 576 240 28 minimibestämningar
553 576 132 28 godtycklig,
701 583 47 14 men
764 576 34 21 för
810 577 43 27 mig
864 575 40 22 och

79 606 47 20 mitt
142 605 141 21 medvetande
307 608 157 25 representerar
486 605 40 21 den
543 613 25 13 en
585 605 175 28 nyoödlingsserie,
773 612 45 14 som
835 605 69 27 börjar

78 634 48 21 med
142 633 99 29 rödjning
257 633 40 22 och
313 633 66 22 slutar
400 633 47 22 med
471 633 66 22 femte
560 633 128 22 höskörden.
718 633 42 21 Det
776 635 22 19 är
814 633 90 28 ungefär

80 670 25 13 en
122 662 180 29 omloppsperiod.
331 662 42 28 Jag
388 663 68 20 skulle
473 663 27 27 pä
516 662 62 21 dessa
594 662 46 21 skäl
656 662 84 21 anhälla
756 665 31 18 att
802 663 6 20 i
825 662 41 21 allo
882 661 22 21 fä

79 691 130 21 understöda
233 691 33 21 Hr
289 691 135 29 Gripenberg
447 691 40 21 och
509 691 95 21 anhäller
619 691 77 21 endast
710 699 34 13 om
760 691 92 27 benäget
867 698 37 13 un-

79 720 86 21 derstöd
182 720 35 21 för
232 720 148 28 utsträckning
399 720 66 21 ocksä
481 720 32 21 till
528 720 180 28 landbolägenhet
724 720 22 20 af
762 720 40 21 den
819 719 85 27 ärftliga

79 748 89 29 städjan.

149 806 33 21 Hr
205 806 27 21 G.
251 806 24 21 C.
299 806 161 21 Ehrnrooth:
492 806 35 21 Dä
549 806 37 20 det
610 806 124 28 Höglofliga
749 805 91 22 Ständet
856 812 49 21 nyss

82 836 81 26 antagit
180 836 11 20 1
209 836 12 26 &
237 836 5 19 i
259 834 36 22 det
318 842 28 14 nu
369 834 147 28 föreliggande
537 835 144 27 lagförslaget,
696 834 77 21 sådant
788 834 36 21 det
839 834 67 21 finnes

82 863 118 21 affattadt
198 858 12 37 i
224 863 122 21 Utskottets
369 863 141 27 betänkande,
534 867 55 17 samt
611 863 122 28 derigenom
756 862 150 29 obligatoriskt

82 892 57 28 ålagt
155 893 146 27 legogifvaren
317 895 31 18 att
371 894 99 27 upprätta
493 893 104 26 skriftligt
620 892 100 21 kontrakt
736 892 47 21 med
798 892 108 27 legotaga-

82 929 43 18 ren,
140 921 73 21 hvilka
229 921 100 21 kontrakt
344 921 104 21 härintills
465 922 5 19 i
488 923 66 19 större
571 921 62 21 delen
649 921 22 20 af
686 921 72 21 landet
768 920 61 21 torde
840 920 66 21 hafva

82 949 138 22 förekommit
235 949 76 22 endast
326 951 6 19 i
347 949 167 28 undantagsfall,
537 953 44 17 tror
595 951 36 27 jag
645 949 35 21 för
696 950 40 20 min
752 949 35 21 del
803 952 31 18 att
849 949 58 27 lego-

82 981 88 24 tagaren
187 978 49 29 sjelf
251 979 6 20 i
273 978 26 21 de
315 979 61 20 flesta
392 978 37 21 fall
445 979 95 20 kommer
556 981 31 18 att
598 978 80 29 påyrka
691 981 31 18 att
733 978 62 21 dessa
806 977 102 22 kontrakt

84 1009 110 26 upprättas
210 1007 27 28 på
252 1007 73 28 längre
348 1007 37 26 tid,
407 1007 84 20 hvilket
512 1007 65 21 äfven
597 1015 27 13 nu
641 1007 54 21 varit
710 1007 66 25 fallet,
791 1007 27 20 då
834 1006 72 21 skrift-

84 1036 41 27 liga
141 1035 101 21 kontrakt
258 1035 83 28 engång
352 1035 78 28 ingåtts
442 1035 89 22 emellan
545 1035 147 28 legogifvaren
709 1035 39 22 och
764 1035 144 28 legotagaren.

83 1064 42 28 Jag
141 1072 63 13 anser
219 1064 72 21 derför
307 1065 47 20 icke
370 1064 134 28 nödvändigt
519 1067 32 18 att
566 1065 5 20 i
589 1064 139 28 lagförslaget
743 1065 83 27 intages
838 1063 68 28 någon

86 1093 223 27 minimibestämning,
325 1093 142 28 synnerligast
483 1101 45 13 som
545 1094 12 19 4
573 1095 12 26 $
602 1094 5 19 i
625 1093 123 21 Utskottets
773 1091 135 22 betänkande

85 1121 137 21 säkerställer
237 1121 142 28 legotagaren,
395 1122 6 20 i
414 1121 40 21 den
472 1121 102 21 händelse
590 1121 102 27 skriftligt
701 1121 150 28 legokontrakt
861 1120 47 21 icke

84 1149 48 22 med
149 1150 77 21 honom
243 1150 86 28 ingåtts,
345 1153 30 18 att
394 1151 2 20 i
413 1151 65 20 minst
495 1151 25 20 10
536 1150 34 21 års
586 1150 31 21 tid
629 1150 101 21 komma
720 1145 15 37 i
746 1149 125 29 åtnjutande
887 1149 22 20 af

85 1179 41 21 den
142 1178 108 28 ingångna
266 1179 68 27 legan.
364 1179 11 20 I
391 1179 158 28 legogifvarens
565 1182 49 24 eget
624 1180 90 19 intresse
725 1179 67 27 ligger
803 1177 106 29 sjelffallet

85 1209 31 19 att
132 1207 107 21 bibehålla
253 1208 138 27 legotagaren
406 1208 23 20 så
445 1207 62 28 länge
524 1215 45 13 som
586 1207 87 28 möjligt,
688 1207 45 21 ifall
744 1208 68 20 denne
824 1206 86 21 ordent-

85 1236 38 27 ligt
138 1235 79 28 fullgör
233 1237 46 20 sina
293 1236 133 28 åligganden,
444 1243 47 14 men
509 1236 35 21 fall
562 1236 71 21 kunna
648 1237 21 27 ju
685 1235 90 26 inträffa,
791 1235 70 21 såsom
873 1235 37 20 här

85 1264 65 21 redan
167 1264 133 28 framhällits,
316 1268 31 17 att
355 1273 26 12 en
391 1265 57 28 dylik
465 1265 217 27 minimibestämning
699 1272 49 14 vore
764 1264 101 28 olämplig
876 1263 34 21 för

86 1293 59 21 såväl
161 1293 146 28 legogifvaren
330 1301 44 13 som
399 1294 143 27 legotagaren.
573 1293 74 22 Under
670 1294 71 27 dylika
761 1292 149 22 förhållanden

85 1322 76 20 tvekar
176 1322 35 28 jag
227 1322 34 20 för
277 1324 41 19 min
335 1322 34 21 del
385 1322 47 21 icke
448 1325 31 18 att
503 1322 83 21 ansluta
606 1323 43 27 mig
664 1322 31 21 till
711 1322 37 20 det
762 1322 23 20 af
801 1322 110 21 Utskottet

86 1350 75 28 gjorda
176 1350 105 28 förslaget
296 1353 31 19 att
343 1351 69 27 någon
436 1350 262 28 minimitidsbestämning
728 1350 46 22 icke
799 1350 64 21 måtte
880 1350 31 20 in-

86 1383 60 23 tagas
162 1379 6 20 i
185 1379 61 27 lagen
262 1379 111 28 angående
389 1379 46 28 lega
451 1379 23 21 af
488 1379 47 28 jord
552 1379 27 28 på
594 1379 78 21 landet.

156 1436 34 21 Hr
206 1436 67 21 Adolf
297 1436 131 21 Aminoff:
459 1436 47 21 Här
521 1436 65 21 hafva
601 1439 76 25 yttrats
694 1436 75 28 många
786 1443 71 14 varma
874 1434 38 22 ord

88 1465 31 21 till
134 1465 86 21 försvar
235 1464 34 22 för
284 1465 172 27 propositionens
480 1464 119 28 stadgande
621 1472 33 14 om
675 1464 144 29 påbjudandet
842 1464 22 20 af
886 1471 26 13 en

88 1494 30 20 tio
140 1493 35 21 års
199 1493 112 21 minimitid
336 1493 33 21 för
392 1493 185 28 torpkontrakten.
607 1493 44 21 Det
673 1493 109 21 förefaller
798 1494 43 26 mig
856 1492 57 21 dock

90 1529 44 14 som
151 1529 34 14 om
209 1522 27 20 de
252 1522 45 20 skäl
314 1529 47 13 man
375 1522 71 20 anfört
461 1522 49 21 icke
526 1522 66 21 borde
608 1522 65 21 hafva
688 1524 30 19 ett
734 1522 23 20 så
772 1524 54 18 stort
842 1520 71 28 värde,
