1084 1798
225 133 41 21 642
469 140 25 16 R.
508 144 18 12 o.
539 140 25 16 A.
577 140 62 17 1900.
661 140 23 17 17
695 140 50 20 Maj.

259 206 57 22 Frih.
328 214 42 15 von
386 207 85 22 Born:
503 208 43 21 Det
557 207 54 22 hade
625 208 55 21 varit
690 211 32 18 ett
733 208 36 21 bra
780 207 90 29 sorgligt
881 207 142 26 förhällande,

190 242 34 14 om
248 243 27 14 en
298 235 24 22 sä
345 237 67 27 vigtig
435 237 100 28 paragraf
558 245 46 13 som
623 237 42 21 den
680 238 28 20 44
725 237 81 21 kunnat
821 236 126 28 godkännas
963 237 60 21 oför-

190 263 87 22 ändrad.

258 292 43 29 Jag
321 293 38 21 har
381 293 65 22 redan
468 293 68 22 under
551 293 41 22 den
609 294 106 21 allmänna
731 293 191 28 öfverläggningen
939 294 83 26 erkänt,

191 324 32 18 att
237 321 42 22 den
303 322 69 26 tanke,
396 329 44 14 som
464 322 68 29 ligger
551 323 32 20 till
598 323 69 28 grund
683 323 35 20 för
732 323 130 20 tillkomsten
880 323 22 20 af
917 330 25 14 en
958 331 63 20 para-

189 350 48 27 graf
252 350 23 21 af
291 350 76 21 sådant
383 351 99 27 innehåll,
497 359 46 13 som
559 351 41 21 den
617 359 28 13 nu
662 351 154 28 föreliggande,
832 353 23 19 är
870 352 6 20 i
891 351 42 22 allo
948 351 72 28 riktig.

191 378 45 22 Det
257 379 42 21 kan
323 379 47 22 icke
394 380 71 26 nekas,
489 383 31 18 att
536 380 36 21 det
588 379 39 22 har
642 379 82 22 funnits
740 379 41 22 och
796 381 57 20 ännu
870 381 5 20 i
891 380 70 21 denna
976 379 45 29 dag

190 407 68 21 finnes
275 409 30 20 uti
322 415 25 14 en
363 407 34 22 hel
418 408 78 29 mängd
513 408 102 21 kontrakt
631 408 159 28 bestämningar
806 416 33 13 om
854 410 43 19 rätt
912 409 34 20 för
960 408 59 28 lego-

189 435 99 28 gifvaren
304 439 31 18 att
351 437 59 20 bryta
426 437 114 24 desamma,
556 437 73 21 hvilka
644 439 37 19 äro
697 450 27 3 —
738 438 36 27 jag
789 437 67 21 mäste
872 436 97 22 använda
985 440 34 17 ut-

190 464 86 22 trycket
292 478 26 3 —
334 465 151 28 otillständiga.
515 465 86 22 Sädana
625 466 101 21 kontrakt
749 465 65 22 hafva
837 465 116 28 nägonting
971 473 46 13 som

191 494 112 27 päminner
318 501 33 14 om
368 493 56 22 hvad
441 502 48 13 man
504 494 85 21 fordom
606 494 84 21 kallade
708 498 79 18 pactum
798 497 68 26 turpe.
889 494 51 21 Man
952 494 67 21 borde

190 521 56 22 dock
271 522 88 22 oaktadt
382 523 62 21 dessa
466 525 86 26 stränga
575 523 38 21 ord
637 523 47 21 icke
701 502 91 42 bedöma
807 523 160 21 förhållandena
983 523 37 21 för

191 552 89 26 strängt.
312 551 68 22 Dessa
404 551 100 22 kontrakt
524 551 65 22 hafva
605 551 122 22 tillkommit
742 551 69 22 under
826 551 66 22 andra
908 551 109 22 samhälls-

189 579 149 22 förhållanden
362 580 40 21 och
425 581 134 27 synpunkter
581 582 26 19 än
631 580 27 21 de
681 588 45 13 som
750 588 28 13 nu
794 582 51 26 göra
861 581 33 27 sig
906 580 112 28 gällande;

189 615 26 14 en
232 608 78 28 mängd
334 610 36 19 äro
393 584 105 57 afskritna
518 609 55 21 efter
589 609 72 26 andra,
676 609 40 21 och
733 609 80 21 bristen
830 609 27 28 på
872 609 56 28 goda
943 609 74 21 mallar

188 636 39 21 har
251 638 54 19 varit
328 637 136 28 fullständig;
486 638 103 21 mallarna
611 637 65 22 hafva
692 639 5 20 i
714 637 27 22 de
764 637 61 22 flesta
840 637 38 22 fall
895 638 54 21 varit
964 637 55 22 bok-

189 665 250 29 handelsspekulationer
462 670 51 18 utan
536 666 83 28 verklig
643 667 69 27 insigt.
742 666 44 22 Det
802 668 23 19 är
844 668 5 19 i
866 666 76 28 högsta
963 666 54 28 grad

189 694 138 28 nödvändigt,
343 698 31 18 att
390 696 5 20 i
411 695 35 28 lag
469 696 39 20 blir
524 695 117 29 klargjordt
657 695 55 21 hvad
729 703 46 13 som
792 695 34 21 får
841 703 50 13 vara
906 695 62 21 orsak
983 695 33 21 till

190 730 25 14 en
232 722 24 22 så
271 723 97 29 allvarlig
383 724 74 28 åtgärd
473 732 45 13 som
534 727 33 18 att
581 726 96 26 uppsäga
694 724 90 21 brukare
801 723 47 22 från
864 727 30 17 ett
910 724 107 26 kontrakt,

187 751 86 21 hvilket
293 751 55 22 dock
372 752 65 22 borde
459 753 81 21 skänka
556 753 101 28 trygghet
672 753 40 21 och
728 752 105 22 säkerhet.
864 752 50 21 Men
931 760 33 14 om
979 753 37 27 jag

187 780 42 21 ock
245 780 104 22 erkänner
375 781 65 26 detta,
464 781 67 21 måste
556 782 36 28 jag
617 782 43 20 lika
678 781 125 27 enständigt
818 780 99 27 vidhålla,
932 784 31 18 att
978 781 37 21 det

187 808 68 28 ligger
270 811 77 19 största
363 810 45 27 vigt
423 810 27 28 på
466 813 32 18 att
513 810 140 25 lagstiftaren,
669 810 27 21 då
712 810 41 21 han
770 809 83 21 skrider
868 810 31 20 till
914 809 58 21 detta
983 810 32 20 in-

187 837 64 28 trång
267 838 6 20 i
289 838 162 26 aftalsfriheten,
473 840 39 26 gör
543 842 21 18 det
579 838 48 22 med
644 838 65 28 nödig
725 838 121 21 varsamhet
862 838 40 21 och
917 838 98 28 grannla-

185 866 86 27 genhet.
300 866 75 22 Hellre
397 867 34 21 mä
452 869 56 19 ännu
532 867 69 21 såsom
625 867 95 28 tillätligt
735 866 88 29 gvarstä
838 870 31 18 ett
884 867 50 21 eller
949 870 64 18 annat

186 894 111 27 förbehåll,
319 896 27 21 än
370 898 31 19 att
423 904 48 13 man
494 896 69 21 skulle
582 896 85 21 afskära
683 896 34 21 för
731 895 126 29 jordegaren
878 895 136 29 möjligheten

186 926 31 18 att
232 925 6 19 i
255 923 58 22 detta
328 924 37 21 fall
381 927 48 26 taga
445 925 81 28 hänsyn
544 925 31 20 till
591 925 147 28 egendomliga
752 924 42 21 och
806 924 102 21 särskilda
920 926 95 19 omstän-

186 951 99 28 digheter
307 952 41 22 och
371 953 200 27 ortsförhållanden,
595 953 48 22 dem
666 953 41 22 han
730 953 58 21 ändå
804 953 38 21 sist
858 953 40 21 och
913 953 100 28 slutligen

186 980 67 22 borde
270 981 71 21 kunna
356 982 5 20 i
379 982 96 21 enskilda
498 982 38 21 fall
559 982 47 21 bäst
628 981 89 22 bedöma
740 981 42 22 och
806 981 47 22 icke
876 981 60 21 alltid
951 981 62 21 torde

185 1009 68 21 sakna
268 1009 95 28 förmåga
380 1013 30 18 att
426 1011 96 20 bedöma.
552 1010 38 21 Må
605 1010 38 21 det
658 1018 50 13 vara
724 1010 118 21 öfverlåtet
856 1009 23 22 åt
889 1017 25 14 en
926 1009 86 22 framtid

185 1041 31 18 att
230 1037 29 28 gå
274 1038 72 28 längre
361 1039 28 28 på
404 1039 40 21 den
461 1047 27 13 nu
505 1039 102 21 beträdda
624 1041 74 26 vägen.
730 1039 31 22 Vi
778 1038 65 21 borde
860 1038 86 22 beträda
959 1039 52 21 den-

185 1073 81 14 samma
281 1067 48 20 med
346 1068 43 20 viss
405 1067 142 28 försigtighet.

254 1095 114 28 Utgående
393 1096 47 21 från
466 1096 68 26 dessa,
559 1096 90 21 sålunda
674 1096 77 21 endast
766 1097 6 20 i
789 1095 115 22 allmänhet
922 1096 89 27 angifna

185 1123 139 29 synpunkter,
348 1124 37 22 ber
408 1126 33 27 jag
463 1125 23 21 få
502 1127 83 24 nämna,
600 1128 31 18 att
645 1126 35 27 jag
696 1125 85 21 ändock
799 1124 71 22 kunde
886 1132 50 13 vara
952 1126 5 19 i
973 1126 38 19 vä-

184 1152 91 28 sentliga
291 1152 59 22 delar
365 1153 85 21 belåten
466 1154 49 21 med
530 1154 42 20 den
588 1154 112 21 redaktion
711 1154 23 20 af
745 1153 71 21 denna
829 1153 109 28 paragrafs
951 1154 60 20 inne-

183 1180 50 27 håll,
249 1188 46 14 som
318 1181 80 27 begynt
413 1183 6 20 i
436 1182 99 26 komitén,
556 1182 87 21 fortsatt
659 1183 5 20 i
681 1182 40 21 den
738 1182 50 21 nåd.
804 1189 58 21 prop.
878 1181 40 22 och
934 1189 27 13 nu
977 1184 35 18 ut-

183 1210 122 27 mynnande
320 1210 6 20 i
342 1186 123 56 Utskottets
489 1210 142 27 betänkande,
654 1210 94 22 indirekt
770 1210 110 28 påminner
900 1222 27 4 —
943 1210 66 21 ehuru

182 1238 125 28 visserligen
331 1238 103 22 liknelsen
455 1239 65 28 något
535 1239 68 21 haltar
618 1252 28 3 —
661 1247 34 13 om
711 1242 73 18 satsen
800 1242 32 18 att
847 1239 81 28 aptiten
944 1240 66 20 växer

182 1266 77 22 medan
275 1274 48 14 man
339 1269 50 20 äter.
419 1268 47 21 Här
480 1268 39 21 har
534 1268 6 20 i
556 1268 78 27 sjelfva
648 1268 74 21 verket
734 1268 58 20 skett
803 1267 154 28 uteslutningar
967 1267 42 21 och

182 1294 168 29 begränsningar
365 1297 6 19 i
387 1298 75 20 nästan
483 1296 73 28 hvarje
577 1300 99 20 moment,
692 1297 5 20 i
713 1296 39 21 det
766 1304 48 13 man
830 1296 97 28 inskjutit
942 1296 66 21 orden

183 1324 102 20 »oaktadt
307 1324 92 22 erhållen
423 1325 102 27 varning»
542 1324 41 22 och
600 1324 79 22 »ehuru
694 1324 75 22 derom
786 1324 103 27 erinrad»,
906 1324 102 21 »oaktadt

181 1352 94 21 erhållen
295 1353 129 27 tillsägelse»
442 1361 18 13 o.
476 1361 17 13 s.
508 1361 19 13 v.
558 1353 44 21 Det
622 1357 66 17 mesta
704 1354 23 20 af
743 1353 31 21 alt
789 1353 59 21 detta
862 1354 24 20 är
900 1354 35 26 jag
950 1360 59 21 myc-

181 1380 37 21 ket
234 1380 47 22 med
303 1388 41 18 om,
363 1389 47 13 men
426 1382 35 28 jag
476 1390 62 13 anser
553 1382 44 28 mig
612 1383 6 20 i
634 1382 41 21 alla
690 1382 38 21 fall
745 1381 87 29 skyldig
848 1381 130 21 beträffande
995 1382 16 20 5

182 1416 62 14 mom.
260 1409 85 29 antyda,
360 1410 100 21 hurusom
476 1411 35 27 jag
531 1410 48 22 icke
595 1410 42 21 kan
653 1411 61 25 finna,
730 1413 32 18 att
776 1410 42 21 den
834 1410 47 21 utaf
897 1410 112 21 Utskottet

180 1437 122 29 föreslagna
318 1439 182 27 inskränkningen
516 1440 24 20 är
555 1438 98 28 befogad.
683 1439 11 21 I
709 1438 51 22 nåd.
777 1446 59 21 prop.
852 1438 54 21 talas
921 1438 37 21 här
973 1445 35 14 om

182 1466 179 28 >uppstudsighet
376 1467 40 21 och
433 1467 113 29 olydnad».
577 1468 66 20 Detta
655 1469 23 19 är
688 1467 46 28 ord,
745 1474 46 14 som
802 1467 48 21 icke
860 1474 64 21 gerna
936 1466 72 22 kunna

180 1502 51 13 vara
248 1495 105 26 snäfvare,
376 1504 48 13 men
441 1497 6 20 i
465 1496 111 22 Utskottet
599 1496 39 21 har
660 1496 58 21 detta
735 1496 113 21 reducerat
860 1496 33 27 sig
907 1495 32 21 till
956 1502 51 21 »up-

178 1523 83 27 penbar
276 1524 93 28 olydnad
385 1524 35 21 vid
436 1524 78 28 arbete,
530 1532 46 14 som
592 1524 105 22 brukaren
713 1524 98 28 skäligen
822 1524 120 21 föresatts».
963 1523 45 21 Det
