1086 1786
339 131 101 17 Handeln
452 131 49 16 med
512 130 150 21 maltdrycker.
846 124 41 21 743

313 240 113 27 Samma
444 239 56 34 dag
517 239 38 26 kl.
573 238 18 27 6
609 246 22 19 e.
649 246 36 18 m.

156 314 163 28 Tillkännagafs
342 316 31 19 att
396 314 66 22 sedan
484 316 85 19 'senaste
588 313 85 29 plenum
690 312 101 29 polletter
805 312 107 22 återstälts

88 343 35 21 för
138 344 80 27 Adliga
233 345 86 19 ätterna

156 400 41 22 N:o
213 402 34 19 24.
271 400 91 26 Schildt,
377 399 23 21 af
415 399 58 22 Herr
487 399 49 22 Jalo
551 400 68 20 Aatos
634 398 61 23 Viini
706 398 101 22 Wilhelm
823 398 91 27 Schildt,

89 428 137 30 Godsegare
218 424 14 39 ;
239 428 40 22 och

157 486 41 22 N:o
214 487 33 20 38.
277 493 43 14 von
336 486 107 27 Schrowe,
458 485 24 21 af
497 485 67 21 fullm.
580 485 58 21 Herr
653 484 94 22 Walfrid
759 484 85 28 August
860 484 53 22 Wil-

88 514 57 22 helm
161 514 102 28 Bläfield,
278 514 179 26 Senatskanslist;

157 575 55 18 samt
232 573 88 26 uttagits
343 571 34 22 för
401 571 83 27 Adliga
503 573 60 20 ätten
587 571 42 22 N:o
646 572 33 21 38.
702 578 43 15 von
768 571 107 26 Schrowe,
891 570 23 21 af

87 600 59 22 Herr
167 600 71 22 Johan
261 600 97 21 Gerhard
380 607 42 14 von
444 600 107 27 Schrowe,
571 600 214 26 Medicinelicentiat,
808 599 105 22 Kommu-

87 629 113 22 nalläkare.

156 761 56 21 Frän
229 760 151 29 Lagutskottet
396 760 55 22 hade
467 760 69 28 ingätt
546 768 25 14 en
585 760 98 22 anmälan
699 763 31 19 att
741 760 98 28 samtliga
850 759 62 22 ständ

87 790 97 27 godkänt
198 790 125 22 Utskottets
339 789 136 21 betänkande
491 790 40 20 N:o
547 790 26 20 15
591 790 6 20 i
613 789 116 28 anledning
745 789 22 21 af
785 788 48 22 näd.
853 796 59 20 prop.

87 818 41 22 N:o
143 820 34 25 44,
192 818 111 28 angående
317 818 80 21 ändrad
412 818 82 28 lydelse
510 818 23 21 af
547 819 12 20 9
576 818 41 21 och
633 819 26 20 13
675 818 24 28 $$
714 819 7 20 i
737 818 78 28 nådiga
829 817 84 21 förord-

87 848 78 27 ningen
188 847 22 21 af
232 847 41 21 den
295 848 25 20 11
343 846 103 22 Februari
468 848 54 20 1889
538 854 34 14 om
587 846 79 28 skydd
682 847 42 22 för
740 846 170 23 varumärken.

337 1019 91 22 Handeln
445 1019 47 22 med
508 1019 149 27 maltdrycker.

156 1076 43 21 Till
214 1075 59 22 detta
289 1077 85 28 plenum
390 1076 56 21 hade
462 1076 109 28 bordlagts
585 1076 41 21 och
641 1076 112 28 föredrogs

156 1133 222 22 Ekonomiutskottets
402 1133 83 28 förslag
505 1133 31 22 till
552 1133 206 29 sammanjemkning
773 1133 22 22 af
810 1132 102 22 ständens

87 1162 122 28 skiljaktiga
226 1162 69 21 beslut
309 1162 37 21 vid
362 1162 157 28 behandlingen
536 1162 22 21 af
573 1162 124 21 Utskottets
720 1161 135 22 betänkande
871 1161 41 21 N:o

88 1192 11 20 7
115 1191 7 21 i
138 1191 117 27 anledning
270 1191 23 21 af
307 1191 48 21 nåd.
370 1198 60 21 prop.
446 1191 42 21 N:o
504 1192 26 20 29
547 1191 48 21 med
605 1191 82 27 förslag
697 1191 33 21 till
740 1190 127 27 förordning
878 1196 34 14 om

87 1218 92 29 ändring
192 1219 24 22 af
230 1219 105 22 särskilda
350 1219 134 28 stadganden
498 1220 7 20 i
520 1218 154 29 förordningen
697 1218 111 30 angäende
828 1218 84 29 försälj-

87 1249 52 27 ning
153 1248 41 21 och
209 1248 146 28 utskänkning
370 1248 22 21 af
408 1248 144 29 maltdrycker
567 1248 23 21 af
605 1247 42 22 den
663 1249 12 20 2
689 1249 62 27 April
765 1248 61 26 1883,
837 1248 6 20 i
855 1247 57 21 vissa

87 1276 60 21 delar
161 1276 81 21 ändrad
257 1284 76 21 genom
349 1276 178 29 förordningarna
547 1277 42 20 den
605 1277 12 21 9
632 1277 51 21 Juni
700 1278 54 20 1892
771 1276 40 22 och
827 1275 42 22 den
885 1276 26 21 10

87 1305 62 28 April
165 1306 61 21 1895.

155 1362 138 21 Beträffande
316 1361 124 23 Utskottets
464 1361 28 30 pä
514 1362 39 22 sid.
569 1363 12 21 2
597 1362 126 22 framstälda
738 1361 173 23 resolutionsför-

87 1390 46 29 slag
147 1391 84 28 yttrade

155 1448 35 21 Hr
204 1448 64 21 Alex.
291 1448 137 22 Aminoff:
458 1448 43 29 Jag
520 1448 79 22 tillåter
615 1449 42 28 mig
672 1448 81 22 föreslå
768 1450 31 19 att
814 1448 26 21 R.
857 1455 18 14 o.
890 1448 21 20 A

86 1476 49 21 med
151 1476 148 22 vidblifvande
315 1477 23 21 af
352 1478 38 20 sitt
404 1477 92 27 tidigare
519 1477 70 21 beslut
610 1477 69 21 skulle
700 1477 115 27 godkänna
841 1476 70 21 denna

85 1504 58 22 kläm
161 1504 67 22 under
250 1506 152 27 förutsättning
423 1508 32 18 att
477 1506 6 21 3
499 1512 61 15 mom.
575 1507 13 19 2
605 1506 11 28 $
631 1506 95 21 kommer
740 1508 32 18 att
786 1504 124 29 godkännas
