1084 1773
396 120 157 35 Vattenrätten.
819 121 40 21 715

271 225 400 28 Omröstningsproposition:

130 282 39 27 De,
184 281 72 22 hvilka
271 281 114 29 godkänna
402 283 25 20 17
444 283 14 26 &
473 281 130 22 oförändrad
618 283 59 20 rösta
692 282 33 28 ja;

129 340 76 21 vinner
227 339 40 28 nej,
287 338 164 23 återremitteras
467 339 127 28 paragrafen
610 339 32 21 till
658 339 113 22 Utskottet
786 339 6 20 i
808 338 37 21 det
860 338 23 21 af

60 367 34 22 Hr
109 367 171 29 Standertskjöld
296 367 89 29 angifna
401 367 65 29 syfte.

130 425 84 22 Genom
229 427 31 19 att
276 425 89 21 besvara
380 425 71 21 denna
489 425 117 28 proposition
623 424 48 22 med
687 424 160 29 öfvervägande
868 425 23 28 ja

58 453 116 29 godkände
185 454 25 21 R.
226 461 19 14 o.
260 455 25 20 A.
301 454 12 27 8
330 455 25 20 17
373 453 66 28 enligt
478 453 101 22 Utskottets
595 453 87 28 förslag.

130 512 27 27 85
174 511 84 22 18—20
273 510 96 29 gillades.

130 569 11 28 8
157 569 33 21 21.

130 625 35 22 Hr
184 625 30 22 K.
236 625 142 22 Snellman:
409 625 44 22 Det
468 627 23 20 är
506 626 48 21 icke
578 625 64 28 något
658 626 5 21 i
680 626 38 21 sak
734 626 35 28 jag
784 625 49 22 ville
849 632 38 14 an-

60 654 75 22 märka
157 657 45 18 mot
223 653 69 22 denna
315 654 104 29 paragraf,
436 657 52 18 utan
503 654 69 21 skulle
588 654 55 21 blott
658 654 68 21 önska
741 657 31 18 ett
787 653 100 29 förtydli-

60 683 76 28 gande.
167 683 129 28 Paragrafen
321 682 69 29 lyder:
423 683 109 21 »Orsakar
557 683 131 28 anläggning
714 683 22 21 af
759 682 128 22 vattenverk

60 711 124 22 omedelbar
206 711 72 26 skada,
301 719 51 14 vare
367 719 78 20 egaren
461 711 87 29 skyldig
562 713 80 20 ersätta
657 711 131 25 densamma,
802 710 85 22 ändock

60 741 158 27 anläggningen
233 740 78 21 utförts
327 740 66 28 enligt
409 739 26 22 de
451 739 36 22 för
501 739 123 22 densamma
638 739 126 22 meddelade
776 739 111 22 föreskrif-

60 772 40 24 ter;
115 769 56 21 dock
186 768 35 22 må
236 769 18 28 ej
269 769 57 21 talan
350 776 35 14 om
407 768 60 29 dylik
487 769 119 27 ersättning
628 769 80 21 väckas
724 775 75 15 senare
814 769 26 21 än
857 769 30 20 tio

60 797 25 22 år
100 797 47 22 från
163 797 37 22 det
216 797 74 22 verket
305 798 50 21 kom
370 798 6 20 i
391 797 78 29 gång».
500 797 51 21 Med
575 798 109 28 uttrycket
707 798 99 21 »verket»
824 797 41 21 kan
882 797 7 20 i

60 826 114 29 praktiken
190 826 99 28 möjligen
303 826 80 22 förstås
399 826 76 21 endast
490 826 41 21 den
547 826 67 21 första
633 826 157 28 anläggningen
806 826 21 21 af
843 828 47 18 vat-

60 854 120 27 tenverket,
194 862 26 14 och
250 862 34 14 om
300 862 26 14 en
341 854 68 22 sådan
425 854 48 22 med
489 854 59 22 tiden
564 854 69 22 skulle
657 854 100 28 utvidgas
773 854 41 22 och
829 854 60 21 däm-

62 884 53 28 ning
132 883 122 22 derigenom
270 891 75 14 senare
360 883 95 29 uppstår,
471 883 68 22 skulle
555 891 49 14 man
619 883 100 29 möjligen
736 883 70 22 kunna
826 882 64 22 redu-

61 919 50 15 cera
127 913 32 27 sig
190 912 60 26 dertill,
266 915 30 18 att
311 913 57 20 talan
385 912 47 21 icke
455 912 69 21 skulle
540 912 23 21 få
578 912 87 27 väckas,
681 919 34 14 om
731 913 30 20 tio
776 912 24 21 år
814 911 76 22 förflu-

62 942 27 20 tit
104 941 65 21 sedan
188 941 42 21 den
246 941 67 21 första
335 941 158 28 anläggningen
514 940 92 29 gjordes.
637 941 44 21 Det
699 941 38 21 har
752 940 136 28 naturligtvis

62 969 49 22 icke
126 970 56 21 varit
198 969 120 22 Utskottets
334 971 86 26 mening
435 973 32 18 att
482 969 66 22 saken
564 969 24 22 så
603 969 69 22 skulle
688 969 86 26 förstås,
789 977 47 13 men
852 969 37 28 jag

62 1001 51 24 tror,
128 1001 32 18 att
175 1005 34 14 om
224 998 61 21 ordet
307 998 52 21 verk
381 998 69 21 skulle
473 998 86 29 utbytas
582 1001 45 18 mot
644 997 53 22 »den
714 998 67 21 skada
796 997 93 22 förorsa-

64 1026 71 21 kande
159 1027 176 28 anläggningen»,
350 1027 69 21 skulle
444 1026 124 29 derigenom
595 1026 66 29 något
686 1026 129 22 tvifvelsmäl
840 1025 49 22 icke

62 1055 86 22 komma
163 1058 32 18 att
209 1055 51 22 råda
276 1055 35 22 vid
327 1055 139 29 paragrafens
483 1055 139 29 tillämpning.

134 1113 12 27 $
162 1113 26 20 21
206 1112 44 21 blef
265 1112 50 22 härå
329 1112 108 29 godkänd.

134 1162 130 29 Återstoden
283 1170 23 21 af
320 1170 11 21 I
347 1170 48 29 kap.
417 1169 126 22 föranledde
566 1170 48 21 icke
629 1169 32 22 till
677 1169 70 29 någon
771 1169 121 22 diskussion

64 1201 51 18 utan
132 1199 72 21 blefvo
220 1199 26 27 8$
262 1200 83 20 22—28
361 1199 114 28 godkända
491 1199 7 20 i
513 1198 94 29 enlighet
623 1198 48 22 med
689 1198 149 22 betänkandet.

135 1255 79 22 Likaså
236 1255 89 28 gillades
348 1258 51 19 utan
422 1255 141 28 anmärkning
586 1255 97 28 samtliga
705 1255 123 29 paragrafer
850 1255 6 20 i
873 1255 22 21 II

64 1284 49 28 kap.
128 1288 56 17 samt
199 1285 18 26 1,
233 1285 12 20 2
261 1284 39 21 och
317 1285 12 20 3
346 1285 26 26 $$
387 1285 8 20 i
409 1283 36 22 III
461 1284 49 28 kap.

136 1342 11 27 S
163 1342 20 20 4.

134 1399 34 21 Hr
184 1398 27 22 G.
226 1398 18 22 I.
260 1398 130 22 Bläfield:
421 1398 9 21 I
447 1398 70 29 fjerde
533 1399 159 20 reservationen
708 1397 38 22 har
757 1400 138 19 reservaäten

64 1427 118 22 framhällit
196 1427 108 28 ätskilliga
320 1427 189 28 omständigheter,
524 1427 74 21 hvilka
608 1427 6 21 i
625 1427 82 28 ganska
722 1427 42 27 hög
774 1426 53 29 grad
841 1428 55 19 mot-

66 1456 66 21 verka
163 1456 151 28 utvecklingen
341 1456 48 21 utaf
411 1456 246 28 torrläggningsföretag
679 1456 7 20 i
708 1455 48 22 vårt
778 1454 50 22 land
853 1454 42 22 och

65 1484 74 22 hvilka
154 1484 68 28 enligt
243 1487 149 18 reservantens
415 1484 65 22 tycke
500 1485 6 20 i
522 1484 59 22 detta
604 1484 81 28 förslag
701 1484 47 22 icke
764 1483 73 22 blifvit
851 1482 45 23 till-

65 1512 79 29 börligt
167 1512 148 22 observerade.
347 1512 35 22 En
405 1520 12 14 af
443 1512 65 22 dessa
530 1512 62 28 iugär
607 1513 7 20 i
630 1513 12 20 2
664 1520 62 14 mom.
742 1513 12 27 $
770 1513 20 25 4,
805 1511 38 22 der
857 1511 38 22 det
