1084 1784
215 134 41 20 862
460 142 25 16 R.
500 146 17 12 o.
530 142 25 16 A.
568 141 62 17 1900.
655 142 26 16 25
694 141 49 21 Maj.

184 209 53 26 göra
259 208 32 21 sin
314 210 42 20 rätt
377 209 104 28 gällande,
504 211 23 19 är
549 209 38 21 det
602 209 57 22 dock
674 212 32 18 ett
720 209 92 21 faktiskt
827 209 139 27 förhällande,
981 212 32 20 att

185 236 41 21 den
249 238 192 28 rättsuppfattning
456 252 27 2 —
499 239 6 20 i
521 238 54 22 huru
597 241 46 19 stor
665 238 154 28 utsträckning,
843 246 51 20 eger
913 239 35 27 jag
963 239 48 21 icke

185 266 96 20 närmare
300 266 119 22 kännedom
442 274 34 14 om
492 280 27 2 —
549 268 41 27 gjort
605 268 34 27 sig
653 266 107 28 gällande,
775 270 31 18 att
822 267 48 21 med
886 267 126 28 eganderätt

184 293 33 21 till
239 294 101 22 stranden
363 295 62 29 följer
448 296 122 28 nyttjande-
589 296 52 20 eller
656 295 126 28 eganderätt
796 296 32 20 till
844 298 89 19 vattnet.
961 296 50 22 Och

185 321 59 22 detta
266 322 134 23 förhällande
423 324 43 26 har,
489 324 57 21 hvad
562 324 103 22 särskildt
679 324 269 28 vattenverksanläggning
963 325 49 21 vid-

184 350 102 27 kommer,
301 352 105 28 troligtvis
422 352 42 22 fått
478 354 33 20 sin
527 354 76 26 näring
617 352 65 22 äfven
698 352 62 22 deraf
774 356 32 18 att
821 353 37 21 det
873 354 23 20 är
915 354 96 28 omöjligt

184 382 32 18 att
238 380 141 28 tillgodogöra
402 382 33 27 sig
458 381 159 21 vattenkraften
641 382 6 20 i
669 384 31 18 ett
722 381 43 26 fall
786 388 33 14 om
836 389 47 13 man
899 382 48 21 icke
961 390 52 20 eger

185 408 101 21 stranden
310 409 51 21 eller
383 409 128 22 ätminstone
527 410 121 21 förvärfvat
663 411 33 27 sig
711 410 184 22 dispositionsrätt
910 410 31 21 till
957 410 54 22 den-

184 443 81 14 samma
281 437 22 20 af
318 438 47 26 den,
380 445 44 14 som
441 438 101 21 stranden
559 446 55 20 eger.
637 438 44 21 Det
698 438 69 21 skulle
783 438 83 21 fordras
882 442 32 17 att
929 446 37 21 ega
983 446 26 13 en

183 471 111 22 noggrann
310 465 119 23 kännedom
445 475 34 13 om
495 467 26 21 de
534 467 119 21 olikartade
668 467 44 26 fall,
728 474 45 14 som
785 467 83 21 komma
879 470 32 18 att
920 467 23 21 af
954 468 25 20 14
991 468 20 27 8,

183 493 67 22 sädan
266 494 41 21 den
326 496 23 19 är
364 495 127 28 föreslagen,
508 496 91 26 beröras,
612 495 35 22 för
661 498 31 19 att
707 496 73 21 kunna
795 495 23 21 fä
833 503 26 14 en
875 495 49 22 fullt
939 496 71 21 öfver-

183 521 86 29 skädlig
288 523 89 22 bärvidd
398 524 22 21 af
438 525 71 20 denna
524 525 105 28 paragraf.
659 525 51 20 Men
727 524 56 21 hvad
800 531 45 14 som
861 525 6 20 i
883 525 73 28 hvarje
971 525 38 21 fall

183 552 24 19 är
227 551 120 28 uppenbart
367 554 30 27 är,
412 555 32 19 att
460 553 79 21 sädana
555 553 133 28 stadganden
704 560 44 14 som
765 553 59 21 detta
839 553 116 21 frammana
971 561 39 14 an-

183 579 71 28 språk,
269 580 73 21 hvilka
357 581 28 28 pä
399 581 69 28 grund
484 582 22 21 af
521 582 41 21 den
578 581 199 29 rättsuppfattning,
786 582 36 28 jag
832 589 50 20 nyss
894 582 53 21 hade
957 583 51 20 äran

183 607 101 28 påminna
305 616 39 19 om,
367 609 74 22 hittills
464 611 48 21 icke
534 611 124 20 framstälts.
687 610 57 21 Frih.
763 617 42 14 von
830 610 56 21 Born
903 618 62 14 anser
979 619 29 13 nu

182 639 32 18 att
236 637 38 21 det
295 639 24 20 är
340 638 88 22 alldeles
450 639 113 28 tillbörligt
585 642 31 19 att
634 639 79 21 sädana
728 639 122 21 slumrande
866 639 91 28 anspräk
973 639 35 21 mä

182 665 87 24 väckas,
291 674 47 13 men
361 674 34 14 om
418 675 28 14 nu
470 675 61 20 egare
547 668 32 21 till
595 671 32 18 ett
641 667 88 29 dyrbart
744 668 133 27 vattenverk,
892 675 45 14 som
953 668 56 21 efter

182 696 32 19 att
234 694 65 22 hafva
322 695 98 29 iakttagit
439 697 31 20 alt
483 697 7 20 i
506 697 62 28 lagen
584 696 139 21 föreskrifvet
746 696 123 21 förfarande
884 697 41 20 och
940 697 68 20 under

181 722 160 29 förutsättning,
361 727 32 18 att
408 725 37 21 det
460 727 23 19 är
497 727 48 24 rätt,
561 728 32 18 att
607 725 137 28 strandegare
760 725 38 21 har
813 725 41 21 den
869 725 139 28 förfogande-

181 753 48 24 rätt,
252 759 44 14 som
320 752 37 21 här
378 753 38 21 har
438 754 71 21 blifvit
531 754 108 26 förutsatt,
659 761 33 14 om
708 755 63 26 säger
785 754 41 28 jag,
841 753 66 22 sädan
924 757 83 18 vatten-

181 780 128 28 verksegare
328 781 68 22 under
414 789 26 14 en
456 783 50 27 läng
521 783 53 28 följd
590 783 23 20 af
628 782 23 21 är
666 782 83 21 arbetat
764 790 44 21 upp
823 783 33 20 sin
871 783 136 28 anläggning,

181 809 111 21 utvecklat
313 809 121 22 densamma
454 811 40 21 och
511 811 87 28 nedlagt
613 811 65 28 derpä
694 811 97 28 miljoner
806 811 24 21 af
844 818 54 21 egna
914 811 39 22 och
969 819 38 13 an-

181 836 49 22 dras
246 845 85 20 pengar,
346 842 51 18 utan
412 842 32 18 att
459 840 69 27 nägon
545 840 125 21 »slummer»
685 839 136 22 beträffande
832 839 53 22 hans
896 841 42 20 rätt
948 840 58 21 förut

181 865 72 22 blifvit
276 867 69 26 väckt,
368 869 24 19 är
412 868 37 21 det
472 868 27 21 dä
520 868 110 28 tillbörligt
655 871 31 18 att
704 868 134 28 lagstiftaren
855 868 94 21 kommer
964 869 41 20 och

180 896 71 26 säger:
275 903 40 13 »nu
335 898 24 19 är
374 896 36 22 det
426 897 66 27 slut»;
507 898 68 20 riktar
589 900 32 18 ett
636 897 56 27 slags
708 898 87 27 maning
809 897 32 21 till
856 897 125 28 jordegaren
997 898 6 21 i

180 924 139 21 strömfallets
334 925 132 29 grannskap:
484 934 50 13 »sen
550 934 50 20 upp,
616 927 21 19 ni
653 926 37 21 har
706 926 47 20 icke
769 928 53 18 trott
834 933 23 13 er
867 926 27 20 ha
904 928 43 19 rätt
957 926 48 21 der-

179 952 39 27 till,
242 960 47 14 men
313 960 28 14 nu
364 955 23 19 är
408 955 21 20 ni
450 955 7 20 i
478 955 83 21 tillfälle
576 957 32 18 att
622 954 23 21 få
661 962 25 13 en
703 954 138 26 vattenkraft,
856 962 46 13 som
917 954 41 21 fått
973 958 32 18 ett

180 980 94 28 verkligt
295 982 85 22 värde».
409 983 35 21 Nu
468 983 40 21 kan
534 983 37 21 det
593 983 49 21 löna
663 984 32 27 sig
717 986 32 18 att
767 983 48 21 föra
829 983 58 21 talan
904 986 43 18 mot
961 983 42 21 den

179 1008 59 22 äldre
254 1010 226 29 rättsuppfattningen,
495 1019 45 14 som
571 1012 42 28 gjort
627 1015 32 17 att
673 1012 41 20 han
730 1012 48 20 icke
791 1011 75 21 hittills
879 1012 55 20 varit
944 1012 58 21 störd

179 1038 6 20 i
201 1037 70 22 denna
287 1040 46 20 rätt.
358 1039 42 29 Jag
414 1040 76 21 tänker
505 1043 30 18 att
567 1048 16 18 de,
599 1047 46 14 som
660 1040 48 21 med
720 1040 66 21 sädan
798 1047 85 21 omsorg
894 1041 6 19 i
910 1040 94 22 Vatten-

178 1066 160 22 rättsutskottet
353 1068 83 21 arbetat
452 1068 27 28 pä
494 1068 59 22 detta
564 1070 81 26 vigtiga
655 1068 207 28 lagstiftningsverk,
872 1069 60 21 skola
944 1069 58 21 med-

177 1094 67 28 gifva,
267 1098 32 18 att
320 1096 72 28 dylika
412 1097 160 29 konsegvenser
594 1097 23 21 af
639 1097 41 21 den
700 1105 40 13 nya
757 1097 61 28 lagen
835 1097 115 28 ingalunda
965 1099 37 20 äro

177 1123 199 23 tillfredsställande
392 1125 34 21 för
441 1126 150 27 rättskänslan,
607 1126 85 21 oafsedt
706 1133 42 14 den
762 1126 105 21 oerhörda
883 1126 61 26 väda,
955 1134 46 13 som

177 1151 124 28 härigenom
323 1153 69 22 skulle
408 1154 83 28 uppstå,
506 1158 23 24 ty
545 1154 32 27 de,
593 1162 46 14 som
655 1154 60 22 skola
730 1154 70 21 väcka
814 1154 41 21 den
872 1154 128 28 slumrande,

176 1180 69 22 skulle
268 1181 108 29 lätteligen
400 1182 122 28 härigenom
546 1183 68 21 väcka
636 1183 47 21 icke
706 1183 54 21 blott
776 1183 222 27 vattenverksegaren,

175 1211 51 19 utan
242 1209 65 22 äfven
323 1210 278 28 lägenhetsinnehafvarene
617 1212 7 20 i
639 1212 41 20 den
697 1212 34 26 by,
747 1219 46 13 som
805 1211 137 21 härförinnan
952 1212 49 21 icke

175 1240 72 18 ansett
269 1239 34 27 sig
324 1239 72 21 kunna
416 1240 107 21 ätkomma
546 1248 26 13 en
592 1216 133 56 vattenkraft
740 1240 36 21 vid
793 1240 73 21 strand
882 1247 45 14 som
944 1240 17 28 ej
977 1242 24 19 är

175 1265 68 22 deras.
273 1266 44 22 Det
337 1268 41 20 kan
398 1268 66 22 finnas
480 1276 25 14 en
521 1268 78 28 mängd
615 1276 107 20 personer,
738 1276 45 14 som
799 1268 77 22 enkom
892 1270 31 19 uti
938 1269 62 21 fram-

174 1295 116 21 manandet
305 1296 22 20 af
342 1296 114 22 konflikter
470 1304 23 14 se
509 1298 33 20 sin
557 1297 76 21 fördel.

243 1323 144 29 Naturligtvis
404 1325 68 21 måste
488 1325 37 22 det
540 1333 51 14 vara
606 1326 108 27 vanskligt
728 1325 36 21 för
778 1325 48 26 den,
842 1332 45 14 som
902 1325 47 21 icke
966 1333 34 14 ar-

175 1351 58 21 betat
249 1352 48 21 med
313 1353 6 20 i
337 1352 246 29 Vattenrättsutskottet,
599 1357 31 18 att
645 1354 38 21 här
698 1353 69 22 under
782 1353 41 22 den
836 1354 62 21 korta
908 1353 30 22 tid
949 1361 48 14 man

173 1379 48 22 haft
235 1380 36 21 för
285 1381 129 22 studerande
430 1383 23 20 af
467 1383 82 28 frågan,
565 1382 66 21 sådan
647 1383 41 20 den
704 1390 28 13 nu
748 1382 122 28 föreligger,
880 1382 118 29 framlägga

174 1411 31 18 ett
223 1408 109 23 bindande
351 1410 87 29 förslag,
457 1411 53 21 huru
526 1411 69 21 denna
612 1412 26 20 14
653 1411 12 28 $
680 1411 67 21 borde
763 1411 77 21 ändras
856 1411 34 20 för
904 1413 32 18 att
950 1412 49 21 icke

172 1437 6 20 i
198 1437 25 21 sä
244 1437 90 22 oerhörd
352 1439 53 28 grad
421 1439 118 22 frammana
553 1439 174 27 rättsosäkerhet,
742 1439 101 22 förluster
858 1439 41 21 och
914 1439 85 26 skador,

172 1467 52 20 utan
246 1469 32 18 att
293 1467 66 28 nägot
374 1468 92 28 verkligt
482 1468 65 21 behof
563 1467 61 22 deraf
639 1475 37 14 ens
692 1468 121 21 förefinnes.
843 1468 51 21 Men
910 1469 35 28 jag
959 1468 40 21 har

171 1494 68 21 också
262 1495 76 22 endast
359 1496 59 21 velat
437 1497 64 21 vinna
519 1497 26 21 R.
561 1504 18 14 o.
594 1497 39 20 A:s
648 1496 158 28 godkännande
822 1497 34 20 för
871 1496 128 25 återremiss,

171 1522 28 28 pä
221 1522 39 22 det
281 1526 32 19 att
335 1524 70 21 denna
428 1525 99 28 paragraf
546 1525 35 21 mä
600 1525 87 28 pröfvas
702 1525 57 28 änyo
774 1525 41 22 och
830 1525 85 21 affattas
931 1524 27 29 pä
973 1524 26 22 sä
