1081 1786
412 135 57 20 Lega
482 135 24 16 af
512 135 54 20 jord.
831 129 40 20 557

74 203 63 28 lagen
160 203 32 21 till
211 203 57 28 hjelp
283 203 48 21 med
347 204 32 20 sin
395 204 28 21 20
439 204 19 27 8,
474 203 40 21 och
530 203 28 21 då
572 203 82 21 hittade
670 211 49 13 man
734 203 28 28 på
777 203 37 21 det
829 203 73 28 olyck-

75 231 42 28 liga
138 231 103 28 förslaget
264 234 31 19 att
316 231 78 28 fritaga
418 232 104 21 brukaren
538 231 48 22 från
602 231 41 22 den
660 231 241 29 byggnadsskyldighet,

75 267 46 14 som
141 260 72 28 ålegat
233 260 77 21 honom
326 261 6 20 i
349 261 41 20 500
405 260 30 21 år.
464 261 53 20 Men
533 260 48 21 icke
597 267 43 21 nog
656 260 97 27 dermed;
770 268 26 13 en
812 260 89 27 märklig

74 288 159 28 omständighet
248 297 38 12 var
301 289 161 28 otvifvelaktigt
477 289 48 25 den,
541 291 31 19 att
587 289 101 26 komitén,
703 289 24 21 så
742 289 47 21 vidt
802 289 35 27 jag
847 289 55 21 efter

76 318 48 20 mitt
138 318 61 27 ringa
213 317 98 21 förstånd
327 317 40 21 kan
384 318 61 27 fatta,
458 318 49 20 icke
522 317 91 21 allenast
628 318 89 27 oriktigt
732 317 69 21 tolkat
816 324 26 14 en
853 317 49 28 dyr-

76 345 38 21 bar
136 346 100 28 paragraf
259 346 6 20 i
288 353 29 13 nu
339 346 99 28 gällande
461 346 41 28 lag,
521 347 26 20 27
564 346 48 28 kap.
628 348 11 19 7
656 347 12 26 &
685 346 25 21 B.
725 346 31 26 B.,
770 348 52 18 utan
838 345 63 21 äfven

75 374 79 21 allmän
169 375 78 27 praxis.
276 374 77 21 Denna
368 382 51 20 nyss
435 374 95 22 citerade
545 374 101 28 paragraf
658 374 119 22 innehäller
786 375 23 27 ju
819 374 83 28 tydligt,

75 405 32 19 att
127 402 37 22 vid
186 402 127 22 afträdande
335 403 23 21 af
372 403 116 28 jordagods
504 404 128 20 instrument
646 403 55 21 skall
717 405 109 27 upprättas
842 402 61 22 öfver

75 432 28 20 all
126 432 95 21 vanhäfd
244 431 41 21 och
306 434 31 19 ett
359 433 108 27 exemplar
489 432 23 20 af
532 432 71 21 denna
624 432 85 21 urkund
725 432 140 21 öfverlemnas
881 431 22 21 ät

75 460 140 26 tillträdaren,
237 463 31 18 att
290 460 40 21 han
353 461 33 27 sig
408 460 95 22 derefter
525 460 34 21 mä
577 460 73 22 kunna
665 462 62 20 rätta.
755 460 94 21 Dermed
865 460 38 21 har

75 490 114 26 meningen
205 488 134 29 naturligtvis
355 490 57 20 varit
424 492 31 18 att
470 489 139 26 förekomma,
624 492 32 18 att
666 489 71 28 nägon
748 488 71 22 kunde
830 488 73 22 fordra

75 517 23 21 af
120 517 139 26 tillträdaren,
282 520 31 18 att
334 518 41 20 han
397 518 70 21 skulle
483 518 109 21 återställa
607 521 31 18 ett
653 519 7 19 i
676 518 94 21 ödesmäl
787 520 116 25 emottaget

75 546 62 21 ställe
157 546 7 21 i
183 546 48 21 fullt
247 546 74 29 lagligt
336 546 68 26 skick,
420 546 65 21 äfven
500 554 34 13 om
550 546 53 22 hans
620 547 172 28 besittningsrätt
807 546 95 21 afbrötes

76 574 67 28 några
163 575 24 20 är
209 575 99 21 derefter.
337 575 34 21 En
392 575 67 21 sådan
476 575 98 28 tolkning
589 576 38 21 har
642 575 57 22 dock
714 575 57 28 legat
785 575 33 21 till
833 574 69 28 grund

76 603 34 21 för
126 603 105 21 komiténs
253 603 80 28 förslag
348 604 41 20 och
404 604 107 20 måhända
526 604 65 21 äfven
606 604 125 22 Utskottets
749 616 22 3 —
789 604 36 27 jag
840 610 63 14 anser

76 632 44 27 mig
141 632 85 28 skyldig
243 632 97 21 bekräfta
355 632 59 21 detta
430 632 48 21 med
494 635 30 18 ett
539 633 53 21 citat
606 645 28 3 —
650 633 94 21 komiten
759 634 62 19 säger
835 632 14 20 ä
863 632 40 20 sid.

76 661 37 20 23:
131 660 67 21 »huru
213 660 101 22 förfallna
329 668 26 14 en
371 661 111 28 lägenhets
498 661 139 28 äbyggnader
652 663 43 24 äro,
705 661 28 21 dä
744 661 93 21 landbon
849 664 54 17 mot-

76 692 61 24 tager
151 689 133 27 lägenheten,
292 690 54 20 skall
357 690 41 20 han
411 690 57 21 dock
480 690 109 21 återställa
600 690 48 21 dem
659 690 6 20 i
676 690 51 20 fullt
739 689 80 28 färdigt
831 689 71 25 skick;

76 717 74 28 lagens
173 718 138 27 stadganden,
335 718 48 21 från
406 718 75 28 början
504 718 128 22 härutinnan
652 718 92 28 obilliga,
759 718 72 21 kunde
847 717 55 21 dock

76 753 52 13 vara
150 746 130 28 förklarliga,
303 747 23 21 sä
341 747 62 27 länge
420 746 92 22 landbon
528 747 83 28 jemlikt
626 748 12 20 6
655 748 13 26 8
684 748 25 20 27
727 747 47 28 kap.
789 746 26 22 B.
829 746 25 21 B.
865 753 38 14 var

77 774 119 28 berättigad
219 778 30 18 att
264 775 67 21 bruka
346 775 139 28 lägenhetens
508 775 54 29 skog
583 776 32 21 till
630 776 33 21 sin
680 775 117 27 nödtorft»,
813 782 18 14 0.
846 782 16 14 s.
877 782 26 18 v.,

76 803 42 21 och
134 803 24 21 sä
173 804 94 20 kommer
283 804 94 20 komitén
392 804 33 21 till
440 805 28 20 20
484 805 12 25 &
512 805 7 20 i
535 804 135 28 skogslagen.
698 804 51 21 Men
760 804 74 28 lagens
846 803 57 21 stad-

76 831 71 28 gande
170 832 39 21 har
230 832 48 21 icke
300 832 28 28 pä
351 832 59 22 detta
430 834 44 20 sätt
489 834 55 20 varit
560 833 84 28 obilligt
659 833 41 21 och
716 834 71 27 praxis
803 832 38 21 har
856 832 47 21 icke

77 861 55 20 varit
147 860 80 28 obillig.
257 860 44 22 Det
316 861 54 21 skall
385 861 49 21 icke
450 862 72 20 kunna
538 862 102 28 uppvisas
653 862 102 28 exempel,
766 864 33 18 att
811 860 92 22 domstol

77 888 70 21 skulle
162 889 65 21 hafva
243 889 57 21 länat
315 890 33 27 sig
362 890 31 20 till
410 897 26 14 en
452 890 66 21 sädan
534 890 110 28 handling,
659 897 45 14 som
718 893 31 18 att
759 890 76 27 älägga
846 890 57 27 lego-

76 920 80 25 tagare,
172 925 35 13 om
221 917 41 22 han
286 919 112 27 emottagit
414 921 30 18 ett
460 919 5 20 i
482 918 96 21 ödesmäl
594 919 94 21 varande
703 922 54 25 torp,
773 921 32 18 att
820 920 31 19 ett
866 925 38 20 par

77 945 24 21 år
116 945 95 22 derefter
225 946 107 21 återställa
348 947 37 20 det
399 947 8 20 i
422 947 74 28 lagligt
512 947 67 26 skick,
595 947 40 22 och
647 947 77 28 många
736 947 97 28 exempel
844 946 59 21 skola

77 974 48 21 icke
146 975 71 20 kunna
238 975 85 21 anföras
339 975 28 28 på
380 975 118 28 jordegare,
514 983 46 14 som
576 976 57 21 velat
649 976 96 27 begagna
761 976 33 27 sig
809 975 22 21 af
846 975 57 28 lego-

76 1007 100 24 tagarens
199 1003 132 28 okunnighet
354 1004 40 21 och
417 1012 69 13 ovana
505 1004 34 21 för
554 1007 32 18 att
603 1005 3 20 i
623 1005 123 20 kontraktet
761 1004 97 27 insmyga
874 1006 30 18 ett

77 1031 71 28 dylikt
162 1031 111 29 åtagande.
303 1033 51 20 Men
371 1033 34 20 väl
421 1033 39 20 har
475 1033 37 21 det
527 1034 55 20 varit
596 1033 84 28 vanligt
695 1034 6 20 i
717 1033 80 21 sådana
809 1033 44 25 fall,
867 1031 37 22 der

77 1060 136 27 legotagaren
229 1061 48 21 icke
292 1061 57 21 velat
364 1063 52 26 göra
431 1061 102 22 kontrakt
548 1061 28 28 på
591 1062 72 27 längre
681 1061 38 26 tid,
735 1064 32 19 att
779 1061 38 21 der
828 1060 76 21 införts

77 1088 38 21 det
134 1089 88 21 alldeles
241 1089 78 28 riktiga
340 1090 136 27 stadgandet,
496 1093 32 18 att
546 1090 41 21 han
604 1091 38 20 bör
658 1090 24 21 så
697 1091 70 27 bygga
783 1089 40 22 och
839 1089 65 21 häfda

77 1120 72 25 torpet
164 1117 51 22 eller
230 1118 155 28 landbostället,
399 1121 31 18 att
445 1119 42 20 han
503 1119 41 21 kan
560 1127 52 13 vara
628 1120 100 27 ansvarig
741 1119 34 20 för
786 1119 32 20 sin
831 1118 74 21 besitt-

78 1145 102 28 ningstid,
195 1147 41 20 och
249 1147 55 21 hvad
317 1147 58 21 detta
386 1147 95 26 innebär,
490 1147 94 28 framgår
592 1147 23 22 af
623 1148 70 27 öfriga
702 1148 41 27 $$
737 1141 10 39 i
754 1149 26 19 27
791 1147 48 28 kap.
848 1146 23 21 B.
880 1146 24 21 B.

147 1174 43 28 Jag
204 1175 39 21 har
258 1176 55 20 varit
325 1176 110 20 nödsakad
448 1179 30 17 att
489 1176 114 28 uppehålla
614 1177 44 27 mig
669 1176 36 21 vid
717 1176 69 21 denna
797 1175 55 21 efter
862 1175 42 20 min

79 1202 138 29 uppfattning
233 1204 91 28 oriktiga
339 1204 157 28 framställning
511 1204 23 21 af
548 1204 100 28 gällande
663 1205 36 27 lag
708 1204 41 22 och
759 1204 79 28 praxis,
849 1210 56 14 eme-

78 1231 42 21 dan
143 1230 42 23 den
207 1232 160 29 otvifvelaktigt
382 1233 68 28 ligger
465 1233 32 21 till
512 1233 70 28 grund
597 1233 35 21 för
647 1233 104 22 komiténs
768 1232 81 28 förslag
865 1231 40 22 och

78 1260 121 21 sedermera
222 1261 67 21 delvis
313 1261 65 22 äfven
407 1263 23 20 för
445 1261 48 22 nåd.
508 1269 60 21 prop.
584 1262 40 21 och
640 1262 100 28 slutligen
755 1261 35 21 för
805 1269 29 13 nu
849 1261 56 21 före-

78 1288 100 28 liggande
200 1289 123 28 lagförslag.
352 1291 40 20 Att
414 1291 58 20 inom
495 1291 94 21 komitén
610 1291 66 21 också
695 1291 81 20 funnits
793 1297 26 14 en
835 1297 69 14 annan

78 1317 57 28 åsigt
157 1319 27 19 än
207 1319 150 28 majoritetens,
379 1319 94 28 framgår
493 1319 23 21 af
532 1322 30 18 ett
578 1321 86 26 uttryck
680 1319 26 28 på
722 1319 39 21 sid.
777 1319 33 27 26,
826 1318 38 21 der
879 1325 26 14 en

78 1353 92 20 anonym
186 1347 108 21 minoritet
309 1349 71 26 säger:
398 1347 164 22 »Grundsatsen
578 1355 34 14 om
627 1351 31 18 att
669 1348 90 21 brukare
771 1347 54 21 skall
836 1347 70 21 lemna

78 1374 56 21 ifrån
151 1375 33 27 sig
198 1375 127 28 lägenheten
341 1375 24 22 så
380 1377 6 20 i
402 1376 103 21 afseende
520 1376 13 21 å
546 1376 46 29 jord
604 1384 46 13 som
661 1376 124 28 byggnader
795 1377 7 20 i
814 1375 92 28 fullgodt

79 1403 62 21 skick
156 1403 55 22 hade
227 1404 24 21 så
265 1406 150 27 genomträngt
429 1405 207 26 folkmedvetandet,
651 1408 32 18 att
697 1408 31 18 ett
738 1404 133 28 frångående
883 1403 23 22 af

78 1431 71 22 denna
163 1432 114 28 grundsats
293 1433 7 20 i
315 1440 26 13 en
357 1433 101 21 framtida
473 1433 175 28 jordarrendelag
663 1441 52 14 vore
729 1433 97 21 hvarken
841 1433 65 20 önsk-

79 1459 40 28 ligt
134 1460 51 21 eller
199 1456 98 58 rädligta
327 1461 42 28 Jag
383 1461 55 22 skall
454 1462 48 21 icke
518 1461 114 29 uppehålla
647 1463 44 27 mig
706 1461 74 22 vidare
791 1461 37 22 vid
839 1461 68 21 komi-

79 1490 47 19 téns
141 1488 86 29 förslag.
272 1496 26 21 Jag
313 1490 68 21 skulle
397 1490 49 21 icke
461 1490 66 21 hafva
542 1490 56 28 gjort
614 1490 37 21 det
662 1491 25 20 så
697 1490 68 28 länge,
776 1489 72 21 derest
858 1489 48 21 icke

79 1517 105 21 komiténs
199 1518 122 28 tankegång
336 1520 76 19 nästan
428 1518 28 29 på
468 1518 74 29 hvarje
558 1518 46 22 sida
616 1519 6 21 i
635 1518 124 22 Utskottets
770 1517 137 22 betänkande
