1084 1781
206 115 43 21 440
457 122 25 16 R.
495 126 18 12 o.
525 122 26 16 A.
564 122 61 17 1900.
649 122 13 17 3
674 122 49 20 Maj.

178 188 111 22 befunnits
311 189 144 27 tuberkulösa,
478 192 32 19 att
531 190 88 28 försälja
640 190 52 22 eller
706 190 33 21 till
756 189 190 29 mejeriprodukter
961 189 44 21 för-

178 217 73 22 arbeta
273 218 98 28 mjölken,
391 226 34 14 om
441 218 42 22 den
499 219 49 21 icke
563 220 128 27 uppvärmes
706 218 34 22 till
755 219 43 21 859
813 218 91 21 Celsius.
933 218 72 21 Emel-

178 246 63 21 lertid
264 248 23 20 är
309 246 37 22 det
367 247 62 21 fallet
451 247 36 21 vid
504 248 160 28 ostberedning,
679 247 103 21 särskildt
797 246 36 22 vid
849 246 118 28 beredning
982 246 23 22 af

178 274 156 28 schweizerost,
356 278 31 19 att
410 276 93 28 mjölken
525 276 48 22 icke
592 276 34 21 får
641 278 129 26 uppvärmas
786 275 31 22 till
833 275 66 28 högre
915 277 26 19 än
957 276 48 20 55.

178 303 67 21 Detta
265 304 118 28 stadgande
402 304 69 22 skulle
486 304 84 22 således
586 304 130 28 fullkomligt
730 304 139 29 omöjliggöra
885 304 28 28 på
923 298 81 59 äänen

178 333 68 20 större
270 332 129 28 egendomar
421 333 158 22 fabrikationen
602 334 23 20 af
644 336 40 24 ost,
701 333 28 26 pä
744 333 87 21 hvilken
847 332 48 22 hela
911 332 94 21 hushäll-

178 361 79 27 ningen
280 362 24 20 är
326 361 96 27 baserad,
444 362 41 22 och
507 363 36 27 jag
566 362 37 21 ber
625 362 73 21 derför
720 362 24 21 fä
762 361 80 22 föreslä
857 364 31 18 att
902 361 26 21 R.
943 368 19 14 o.
977 361 27 21 A.

178 389 50 21 ville
250 390 67 21 uttala
339 390 72 22 såsom
432 390 168 28 önskningsmäl,
619 394 31 18 att
673 393 31 19 ett
726 390 78 22 sådant
819 389 124 29 stadgande,
958 396 46 14 som

178 418 62 21 ingår
255 419 6 20 i
278 420 11 20 1
313 426 62 14 mom.
397 419 24 21 af
443 419 142 22 förevarande
608 419 104 29 paragraf,
728 419 49 22 icke
792 418 66 22 måtte
874 419 83 21 komma
973 420 32 19 att

177 446 24 21 till
225 446 129 23 efterlefnad
370 448 110 29 päbjudas.

246 521 72 22 Sedan
334 521 150 23 diskussionen
499 522 88 22 härmed
602 522 115 22 förklarats
732 521 101 28 afslutad,
843 521 160 22 öfverlemnade

181 549 35 22 Hr
230 549 208 23 Landtmarskalken
454 551 33 21 till
502 551 25 22 R.
543 559 19 14 o.
578 552 38 21 A:s
632 551 134 22 besvarande
782 558 26 14 en
823 550 24 22 sä
863 550 92 29 lydande

371 653 449 30 Omröstningsproposition:

245 727 40 27 De,
307 728 74 22 hvilka
403 729 115 28 godkänna
544 729 122 22 Utskottets
686 728 111 22 uttalande
815 727 111 30 angående
942 729 25 20 27
985 728 19 27 8,

175 757 58 20 rösta
247 757 32 28 ja;

246 831 75 21 vinner
339 832 42 27 nej,
401 831 38 22 har
458 831 25 22 R.
499 839 19 14 o.
533 832 27 21 A.
576 831 100 22 omfattat
691 831 37 22 det
744 831 24 21 af
782 831 57 21 Frih.
854 838 43 14 von
913 830 90 21 Hellens

176 859 126 22 framstälda
316 859 113 29 yrkandet.

244 933 60 22 Enär
325 933 71 22 denna
417 935 133 28 proposition
572 934 128 22 besvarades
724 934 49 22 med
789 935 88 20 allmänt
891 934 41 28 nej,
948 933 56 22 hade

176 961 26 22 R.
224 969 19 14 o.
263 964 27 19 A.
309 962 88 22 beslutit
410 964 7 20 i
433 963 71 22 stället
518 963 35 21 för
570 963 122 22 Utskottets
708 963 111 22 uttalande
835 962 132 22 beträffande
991 963 12 21 2

177 997 62 15 mom.
256 992 26 20 27
298 992 13 26 &
326 991 90 22 omfatta
431 991 58 22 Frih.
505 999 42 14 von
558 991 98 22 Hellens”
665 991 97 29 yrkande
774 994 32 19 att
815 991 42 22 den
868 992 7 21 i
887 993 118 19 momentet

176 1019 129 22 omnämnda
315 1021 194 28 pasteuriseringen
520 1021 69 21 skulle
599 1021 56 28 gälla
666 1020 76 22 endast
752 1020 49 21 frän
810 1020 72 27 mejeri
893 1019 110 22 levererad

176 1047 74 22 skum-
268 1048 41 21 och
328 1048 129 29 kärnmjölk;
479 1049 41 22 och
541 1049 193 22 äterremitterades
755 1048 144 22 betänkandet
914 1048 32 21 till
963 1048 41 22 Ut-

176 1075 82 22 skottet
273 1077 34 20 för
321 1077 149 29 omarbetning
485 1079 7 20 i
507 1085 29 14 nu
552 1077 148 28 ifrägakomna
715 1077 130 22 hänseende.

243 1151 11 20 I
269 1151 69 28 öfriga
361 1151 60 22 delar
442 1151 126 29 godkändes
587 1152 125 22 Utskottets
727 1151 126 22 uttalanden
870 1150 133 23 beträffande

174 1178 142 23 förevarande
331 1179 82 29 förslag
427 1181 33 20 till
476 1181 127 28 kungörelse
618 1184 59 18 utom
690 1180 73 22 såvidt
773 1179 150 28 förändringar
934 1179 69 22 betin-

172 1207 68 28 gades
264 1208 23 21 af
309 1208 37 21 det
369 1209 46 21 utaf
434 1209 26 21 R.
484 1216 19 15 o.
519 1210 26 21 A.
560 1209 92 28 tidigare
674 1209 84 21 fattade
780 1209 71 21 beslut
866 1209 6 20 i
889 1208 60 28 fråga
968 1215 34 14 om

172 1237 28 26 88
215 1237 34 26 28,
266 1237 26 21 32
307 1237 41 21 och
364 1238 33 21 33.

241 1315 249 31 Resolutionsförslagen
505 1317 13 21 &
533 1317 55 22 sidd.
605 1318 32 27 17,
654 1318 26 21 32
696 1319 58 19 samt
769 1317 85 21 34—35
869 1316 134 29 godkändes.
