1084 1786
323 131 58 20 Lega
391 123 24 32 af
427 131 45 20 jord
483 129 29 22 på
521 131 82 16 landet.
813 125 42 21 605

55 200 25 20 16
94 200 13 26 S
117 202 52 18 utan
186 199 77 21 endast
277 199 49 21 från
338 198 67 22 första
418 198 73 26 raden,
501 198 24 22 sä
536 202 32 18 att
578 198 128 28 paragrafen
718 198 69 22 skulle
800 198 84 21 komma

53 231 32 18 alt
104 228 60 28 lyda:
182 227 57 21 »För
259 227 119 21 utrönande
396 226 23 22 af
437 227 38 21 det
490 227 69 26 skick,
574 227 61 21 hvari
650 227 84 28 utlegdt
749 226 136 29 jordomräde

54 256 101 27 befinnes,
170 255 29 22 då
216 256 37 21 det
268 256 31 20 till
315 255 54 21 bruk
384 256 123 24 öfverlåtes,
522 256 55 21 skall
590 256 51 20 derå
654 256 66 21 hållas
733 255 152 29 tillträdessyn,

53 284 91 22 hvarvid
164 284 139 28 lägenhetens
324 284 137 27 byggnader»
482 292 18 13 o.
516 292 16 13 s.
548 292 19 13 v.
583 284 34 21 för
636 287 32 18 att
682 292 79 19 genom
776 284 60 21 detta
852 287 34 18 ut-

53 313 61 28 tryck
134 313 159 28 »jordomräde»
315 313 86 28 antyda,
415 315 32 18 att
467 313 126 27 »lägenhet»
614 312 38 21 här
666 313 7 20 i
689 313 59 21 detta
764 311 68 29 tredje
849 312 36 21 ka-

55 342 51 27 pitel
126 341 39 22 har
186 349 27 14 en
229 341 155 21 vidsträcktare
401 341 109 28 betydelse
526 343 26 19 än
569 341 61 21 ordet
646 341 38 21 har
699 342 6 20 i
721 341 27 21 de
765 341 37 21 tvä
817 341 69 20 första

55 370 101 29 kapitlen.

124 427 58 22 Frih.
198 427 26 21 R.
240 427 26 20 A.
283 426 110 22 Wrede:
408 427 43 28 Jag
466 429 23 18 är
505 428 5 19 i
527 427 39 21 sak
582 434 51 14 ense
649 426 48 22 med
712 426 58 21 Frih.
786 426 100 28 Langen-

55 456 77 29 skjöld.
162 456 44 21 Om
222 455 36 21 det
273 463 51 13 vore
340 455 29 26 sä,
385 458 30 18 att
431 455 62 21 ordet
508 455 100 28 lägenhet
623 456 5 20 i
646 455 59 22 detta
720 455 117 28 lagförslag
879 467 6 4 ge-

56 485 135 28 nomgäende
212 484 69 27 skulle
303 483 109 22 användas
429 485 5 20 i
451 491 27 14 en
498 484 157 21 vidsträcktare
676 484 111 28 betydelse
802 485 26 19 än
861 491 25 13 den

56 514 113 26 allmänna,
193 513 29 21 dä
244 520 51 13 vore
318 513 73 20 derom
415 513 112 28 ingenting
542 516 32 17 att
589 515 57 25 säga.
677 513 51 20 Men
744 512 25 21 sä
784 512 102 21 förhäller

56 542 38 21 det
109 543 33 27 sig
157 541 54 28 icke,
226 544 51 18 utan
293 541 62 22 ordet
371 541 173 28 »jordlägenhet>
563 541 108 28 begagnas
686 543 27 19 än
729 542 7 20 i
751 541 42 21 den
809 548 40 14 ena
860 543 27 18 än

56 572 6 19 i
79 570 41 22 den
144 570 67 21 andra
234 570 131 28 betydelsen.
396 569 96 22 Sålunda
513 573 14 18 t.
549 577 38 19 ex.
608 570 29 21 då
657 570 36 21 det
708 570 7 21 i
731 571 13 20 3
760 571 12 26 8
792 569 49 27 står,
857 572 31 18 att

58 599 173 28 legokontraktet
254 598 37 21 bör
314 601 94 25 upptaga
432 598 55 21 »den
509 598 111 28 lägenhets
639 606 63 13 namn
718 598 52 21 eller
785 604 103 19 nummer,

56 628 88 21 hvilken
160 627 38 21 det
213 627 86 27 utlegda
315 626 96 22 området
425 627 103 21 omfattar
544 627 52 21 eller
610 627 92 26 tillhör»,
718 626 24 22 sä
756 628 24 19 är
796 626 36 21 det
847 634 39 20 up-

57 656 91 28 penbart
169 658 32 18 att
221 656 39 20 här
281 663 74 13 menas
376 655 100 28 lägenhet
491 656 6 20 i
513 655 41 21 den
571 656 107 21 kamerala
700 655 131 28 betydelsen,
846 655 41 21 och

56 684 60 22 detta
132 686 23 20 är
170 684 68 22 ocksä
253 684 60 21 fallet
327 684 29 28 pä
371 684 64 21 andra
452 684 94 21 ställen
539 679 13 37 i
560 684 27 21 de
600 684 38 21 tvä
648 684 68 21 första
726 684 101 28 kapitlen.
843 683 44 21 Det

57 713 75 21 länder
153 713 61 21 alltid
235 713 33 21 till
290 712 155 26 missförständ,
461 720 34 14 om
512 713 29 21 uti
559 720 80 14 samma
654 713 36 27 lag
705 715 30 18 ett
751 712 40 22 och
807 720 80 13 samma

56 742 86 28 uttryck
160 742 107 27 begagnas
282 742 6 20 i
305 742 57 20 olika
378 741 116 28 betydelse.
523 741 42 28 Jag
580 743 23 19 är
618 742 25 20 sä
657 742 32 20 till
706 741 50 21 vida
772 748 50 14 ense
838 740 48 21 med

56 770 60 22 Frih.
130 770 166 28 Langenskjöld,
312 777 48 13 men
375 770 36 28 jag
425 777 64 13 anser
505 771 43 27 mig
563 770 47 21 icke
626 777 52 14 vara
693 770 6 20 i
715 769 63 21 ständ
798 772 31 18 att
849 776 38 20 ge-

58 802 49 18 nast
126 798 96 27 bedöma,
238 798 105 22 huruvida
358 798 37 21 det
409 798 22 21 af
447 798 78 22 honom
540 798 76 29 gjorda
631 798 206 28 ändringsförslaget
852 801 35 17 ut-

57 829 40 26 gör
112 827 36 21 det
169 827 134 28 lämpligaste
325 828 66 20 sättet
411 830 32 18 att
458 827 132 21 förekomma
606 827 42 21 den
664 826 118 28 olägenhet,
798 826 88 22 hvarom

60 856 38 21 här
120 856 56 20 varit
194 856 68 27 fråga.
291 856 41 28 Jag
355 856 48 21 ville
425 856 76 20 derför
516 856 66 21 hellre
597 856 87 21 förorda
700 863 26 13 en
742 855 122 21 återremiss
880 856 6 19 i

58 888 32 17 ett
105 884 129 21 allmännare
254 884 57 28 syfte
326 884 41 21 och
383 884 133 21 öfverlemna
531 884 23 21 ät
569 884 56 28 Lag-
641 884 40 21 och
696 884 193 21 Ekonomiutskot-

58 915 32 18 tet
106 916 30 17 att
152 916 50 24 taga
214 913 4 20 i
231 912 165 28 öfvervägande,
411 912 105 21 huruvida
531 913 149 27 terminologin
690 912 71 21 kunde
769 913 30 20 uti
809 911 80 28 ifräga-

60 941 94 21 varande
176 941 103 21 afseende
298 941 121 21 förbättras.
449 941 43 28 Jag
507 941 91 21 föreslår
614 941 90 21 sålunda
719 941 120 21 återremiss
855 940 31 21 till

59 970 57 27 Lag-
132 969 40 22 och
188 969 219 27 Ekonomiutskottet,
423 969 34 22 för
476 973 31 18 att
525 969 113 22 Utskottet
653 969 35 21 må
702 972 50 25 taga
767 971 7 19 i
790 970 99 20 öfvervä-

59 999 76 27 gande,
156 998 28 28 på
206 998 56 21 hvad
283 1000 43 19 sätt
345 998 36 21 det
397 999 71 20 kunde
484 998 89 28 undgås,
589 1002 31 17 att
636 999 109 27 uttrycket
761 997 125 29 »lägenhet>

60 1028 5 19 i
82 1027 59 21 detta
157 1027 116 28 lagförslag
288 1030 61 25 tages
365 1028 6 19 i
387 1028 80 20 tvänne
484 1027 57 21 olika
558 1027 127 28 betydelser.

130 1055 66 21 Hvad
212 1055 98 22 beträffar
324 1055 58 22 Frih.
398 1063 42 13 von
456 1055 70 22 Borns
541 1056 85 27 förslag,
642 1058 32 18 att
690 1055 54 21 efter
759 1055 62 21 ordet
831 1057 59 19 »vat-

60 1084 162 27 tenledningar»
247 1084 68 21 skulle
337 1084 100 28 tilläggas
461 1092 39 13 »m.
521 1092 47 18 m.»,
587 1085 25 20 så
629 1091 63 21 synes
712 1084 38 21 det
766 1085 42 26 mig
823 1083 66 21 hafva

60 1113 46 21 skäl
128 1112 34 21 för
182 1113 38 27 sig.
252 1113 42 21 Det
315 1113 72 20 kunde
407 1113 125 28 visserligen
549 1113 119 27 anmärkas,
683 1115 31 18 att
729 1112 59 21 detta
803 1112 86 28 uttryck

59 1143 25 19 är
99 1141 66 28 något
180 1141 122 21 obestämdt
317 1141 41 21 och
373 1141 72 21 kunde
460 1141 61 28 gifva
537 1141 116 28 anledning
668 1141 32 21 till
718 1149 25 13 en
755 1141 64 21 altför
829 1140 59 28 långt

60 1171 7 19 i
85 1169 65 29 detalj
166 1169 84 28 gående
266 1177 45 21 syn,
326 1177 48 14 men
389 1171 36 27 jag
439 1173 46 18 tror
495 1170 63 26 doek,
568 1171 48 20 att
611 1165 12 37 i
630 1170 112 28 praktiken
754 1169 77 22 sådant
841 1169 48 21 icke

61 1198 106 21 behöfver
189 1198 84 21 befaras
291 1198 41 21 och
349 1206 62 13 anser
426 1198 37 21 det
479 1199 5 20 i
501 1198 41 21 alla
558 1198 38 21 fall
613 1206 50 13 vara
680 1198 68 21 bättre
763 1200 27 19 än
806 1200 31 18 att
853 1197 36 22 be-

60 1226 80 21 stämdt
157 1226 105 28 begränsa
277 1234 66 21 synen
359 1226 32 21 till
407 1228 58 19 vissa
481 1226 140 29 uppräknade
636 1226 189 28 omständigheter.

130 1283 34 21 Hr
187 1283 25 21 L.
228 1283 157 22 Mechelin:
417 1283 32 21 Då
465 1283 42 21 den
523 1283 141 28 anmärkning
678 1284 36 27 jag
728 1283 56 21 tillät
798 1283 44 28 mig
857 1283 32 20 bi-

61 1311 61 21 träda
143 1311 132 22 beträffande
296 1311 102 22 särskildt
420 1313 5 20 2
441 1319 64 14 mom.
518 1313 5 20 i
541 1313 26 20 16
583 1313 12 26 8
611 1312 64 21 äfven
692 1313 114 27 inrymmes
822 1311 68 21 under

60 1340 43 21 den
118 1340 24 21 af
157 1340 57 21 Frih.
230 1340 79 21 Wrede
330 1341 121 27 föreslagna
471 1341 169 28 formuleringen
660 1348 33 14 om
710 1341 127 25 återremiss,
853 1340 37 21 ber

60 1369 36 28 jag
111 1369 23 20 få
150 1369 83 20 biträda
248 1369 57 21 Frih.
320 1369 93 22 Wredes
428 1369 87 28 förslag.

130 1425 34 21 Hr
179 1425 57 21 Emil
252 1425 25 22 af
292 1425 169 22 Hällström:
481 1425 80 29 Pyysin
582 1426 166 28 puheenvuoroa
763 1425 126 22 tehdäkseni

61 1461 74 14 saman
151 1454 133 21 ehdotuksen
300 1454 51 21 kuin
368 1454 106 21 edellinen
490 1455 85 20 arvoisa
606 1455 70 27 puhuja.
702 1454 42 21 Sen
760 1455 72 20 lisäksi
844 1454 46 21 tah-

62 1483 63 21 toisin
141 1482 144 26 huomauttaa,
301 1484 43 19 että
360 1490 27 13 on
404 1483 72 27 paljon
492 1483 143 27 vuokratiloja
650 1484 20 26 ja
685 1484 90 27 torppia,
786 1483 65 28 joissa
862 1489 27 13 on

62 1511 102 21 muitakin
181 1511 99 21 laitoksia
295 1510 52 22 kuin
363 1518 32 20 ne,
409 1511 61 28 jotka
486 1512 55 26 $:ssä
557 1512 121 25 mainitaan,
692 1511 51 21 sekä
757 1511 72 28 joiden
841 1510 51 22 suh-
