1084 1775
400 107 157 34 Vattenrätten.
824 108 40 21 697

136 182 35 21 Då
194 183 63 27 ingen
280 190 68 14 annan
368 182 23 22 af
406 182 102 22 Ståndets
524 182 138 22 medlemmar
679 182 95 22 önskade
789 185 56 26 yttra
860 182 33 27 sig

68 218 34 14 om
119 210 140 29 lagförslaget
274 212 5 20 i
295 211 121 27 allmänhet,
427 212 76 27 vidtog
515 211 226 29 detaljgranskningen
753 211 67 26 deraf,
831 211 62 21 hvar-

68 239 36 21 vid
120 240 25 27 $$
162 240 54 20 1—3
232 241 6 19 i
254 240 9 21 I
280 240 47 28 kap.
343 243 51 18 utan
410 240 123 21 diskussion
549 240 132 28 godkändes.

136 296 12 21 I
163 296 104 22 afseende
282 297 13 21 å
311 297 11 28 $
337 298 13 20 4
365 297 85 28 yttrade

137 354 34 22 Hr
193 354 134 21 Norrmén:
358 354 84 21 Genom
466 355 12 26 8
500 355 19 26 4,
535 353 70 22 såsom
621 354 123 21 densamma
760 353 94 22 aftattats
871 353 22 21 af

68 382 119 27 Utskottet,
210 382 99 21 beröfvas
332 383 231 27 vattenverksegarene
585 391 26 13 en
634 383 89 25 förmån,
746 390 46 14 som
811 382 82 21 härtills

68 411 122 22 tillkommit
213 411 54 26 dem,
290 418 26 14 en
336 411 90 27 förmån,
443 411 87 21 hvilken
547 412 42 21 alla
605 411 202 28 vattenverksegare
823 414 71 18 ansett

68 448 52 14 vara
142 441 22 21 af
187 440 120 21 oskattbart
329 440 71 21 värde.
430 440 41 28 Jag
493 440 77 21 tvekar
592 441 49 21 icke
664 443 31 18 att
717 440 73 26 uttala,
806 442 31 19 att
852 439 41 21 den

69 469 95 28 ändring,
180 476 45 14 som
242 468 111 21 Utskottet
368 468 38 21 har
421 469 93 28 vidtagit
529 469 6 20 i
551 469 42 21 den
609 469 48 21 nåd.
673 476 65 21 prop.,
749 471 23 18 är
783 469 22 20 af
815 468 24 21 så
850 471 45 18 stor

68 497 118 29 betydelse,
208 500 32 18 att
260 497 26 21 de
304 497 128 28 förtjenster,
451 505 46 14 som
513 498 5 20 i
535 498 67 28 öfrigt
616 498 119 21 tillkomma
750 497 144 28 lagförslaget,

69 526 129 21 åtminstone
223 525 35 21 för
283 526 231 28 vattenverksegarene
540 526 124 29 derigenom
692 526 133 27 väsentligen
850 525 44 21 för-

69 555 77 28 ringas.
176 555 75 27 Enligt
266 562 28 13 nu
308 554 99 28 gällande
422 555 128 28 förordning
565 556 6 20 i
583 557 72 19 ämnet
665 555 24 21 af
698 554 41 22 den
752 555 27 21 18
791 554 103 21 Februari

71 584 54 21 1889
148 584 73 20 kunna
245 583 208 29 vattenverksegare,
476 583 29 22 då
527 587 84 18 vattnet
633 585 6 20 i
663 583 105 22 strömfall
791 583 103 21 minskats

70 620 77 20 genom
170 612 62 21 torka
254 612 50 21 eller
320 612 65 22 andra
401 613 93 27 orsaker,
510 613 91 21 utverka
616 613 33 27 sig
664 612 96 22 tillstånd
777 615 30 18 att
823 612 71 28 provi-

70 641 78 21 sionelt
164 640 126 29 uppdämma
306 644 83 18 vattnet
404 642 6 20 i
427 641 137 28 kungsådran
581 642 41 21 och
637 642 122 27 derigenom
773 640 55 22 hålla
839 643 56 19 vatt-

71 673 35 17 net
123 669 36 21 vid
175 670 65 27 högre
256 669 56 21 nivå.
342 669 74 22 Såsom
432 670 154 28 förutsättning
601 670 34 21 för
651 669 152 29 medgifvande
819 669 22 21 af
856 668 39 29 dy-

70 698 40 21 likt
132 698 95 21 tillstånd
250 698 67 28 gäller
344 698 76 21 endast
442 702 32 17 att
497 698 66 28 nödig
586 699 154 27 flottningsväg
763 698 40 21 och
825 697 68 21 farled

70 726 155 28 upprätthälles
248 729 54 19 samt
322 729 30 18 att
368 727 218 28 vattenverksegaren
602 728 73 20 ställer
690 727 99 21 säkerhet
804 726 34 21 för
853 726 41 21 den

70 755 74 25 skada,
154 762 46 14 som
211 755 143 28 tilläfventyrs
366 756 71 20 kunde
447 756 129 28 tillskyndas
587 756 70 21 öfver-
669 756 51 21 eller
728 755 167 28 underbyggare.

70 783 44 21 Det
136 784 114 24 förefaller,
270 791 44 14 som
336 784 68 21 skulle
430 784 111 22 Utskottet
561 784 37 22 vid
614 786 37 20 sitt
666 784 81 28 förslag
763 783 132 22 beträffande

71 813 12 26 $
98 813 14 20 4
127 812 65 21 hafva
207 813 53 27 tagit
275 812 33 21 för
323 813 86 28 mycket
424 814 85 27 intryck
525 813 23 21 af
558 813 162 21 förhållandena
731 812 68 22 under
811 814 84 20 senaste

70 840 24 21 år
114 841 7 21 i
137 841 51 21 våra
204 842 56 27 sjöar
274 841 40 21 och
330 843 116 20 strömmar.
476 842 42 28 Jag
533 845 45 18 tror
593 842 63 26 dock,
671 845 31 18 att
717 841 37 21 det
769 841 126 28 högvatten-

70 869 70 24 stånd,
163 877 45 13 som
232 869 67 22 under
321 870 27 21 de
366 874 85 17 senaste
474 870 51 21 åren
548 872 57 19 varit
626 870 101 26 rådande,
750 870 67 21 måste
833 876 62 14 anses

70 897 66 22 hafva
151 899 55 20 varit
221 898 23 21 af
258 898 130 28 fullkomligt
403 899 143 28 exceptionell
562 902 74 23 natur;
652 899 129 21 åtminstone
797 898 38 21 har
850 900 46 18 vat-

70 926 184 21 tenrättskomitén
277 930 52 18 trott
352 928 33 27 sig
407 928 72 20 kunna
501 928 124 21 konstatera
640 930 31 19 att
686 930 31 18 ett
732 926 125 29 nedgående
873 926 23 21 af

70 957 84 18 vattnet
169 955 6 20 i
191 955 51 21 våra
258 956 55 27 sjöar
328 956 6 20 i
350 956 115 21 allmänhet
481 959 36 25 egt
532 964 46 13 rum
594 956 68 21 under
677 959 84 18 senaste
773 956 23 21 år
807 955 41 21 och
857 956 40 27 gör

70 984 222 21 vattenrättskomitén
315 984 59 21 detta
395 985 47 20 med
464 988 32 17 ett
511 985 140 28 beklagande.
681 984 31 21 På
731 991 48 22 pag.
793 985 28 20 46
837 984 6 20 i
859 984 37 21 sitt

71 1011 135 22 betänkande
222 1013 77 20 uttalar
314 1013 32 28 sig
357 1013 93 21 komitén
462 1013 107 28 nämligen
581 1013 28 29 pä
619 1013 95 28 följande
725 1015 52 19 sätt:
795 1012 101 29 »Sjöarna

71 1042 75 26 utgöra
163 1041 83 21 landets
262 1041 117 22 förnämsta
390 1042 142 21 värmekällor
542 1042 41 21 och
594 1042 65 21 redan
671 1049 24 14 ur
707 1041 70 22 denna
788 1041 109 28 synpunkt

71 1070 23 19 är
110 1069 160 22 bibehållandet
290 1070 23 21 af
328 1070 62 21 deras
406 1071 50 20 nivå
472 1071 23 20 af
510 1071 52 27 vigt,
578 1070 102 22 särskildt
694 1071 35 20 för
743 1070 153 29 jordkulturen.

70 1097 102 22 Närmast
196 1098 50 21 bero
262 1098 55 22 dock
333 1099 248 22 kommunikationernas
603 1099 40 22 och
659 1099 116 21 industrins
792 1099 104 20 intressen

72 1126 23 21 af
110 1126 136 29 möjligheten
262 1130 31 18 att
313 1127 131 22 förekomma
460 1131 31 18 ett
506 1128 154 28 kontinuerligt
675 1127 125 28 nedgående
815 1127 23 20 af
851 1130 46 18 vat-

71 1155 129 21 tenståndet.
230 1155 12 22 I
264 1155 115 29 anledning
401 1156 61 21 häraf
484 1156 40 21 har
546 1157 94 20 komitén
663 1159 70 18 ansett
751 1156 100 27 önskligt,
866 1158 31 18 att

72 1183 110 28 Styrelsen
198 1184 68 22 skulle
281 1192 75 20 genom
372 1186 35 27 lag
423 1185 121 28 medgifvas
559 1187 44 19 rätt
617 1188 32 18 att
663 1186 34 20 för
713 1184 148 22 bibehållande
875 1183 23 22 af

72 1212 154 28 vattenhöjden
242 1214 7 20 i
264 1213 67 21 farled
348 1214 78 21 inrätta
441 1214 158 28 dambyggnad,
614 1217 51 18 utan
683 1216 32 19 att
723 1214 110 28 jordegare
846 1212 51 22 eller

72 1248 76 19 annan,
164 1241 64 22 hvars
244 1244 42 19 rätt
304 1242 62 21 deraf
382 1242 106 28 berördes,
504 1250 55 20 egde
574 1244 102 20 motsätta
691 1244 33 26 sig
739 1242 96 22 sådant».
865 1241 32 21 På

72 1268 39 22 sid.
132 1271 28 20 50
182 1271 6 19 i
207 1278 80 14 samma
302 1271 135 21 betänkande
451 1274 69 25 yttrar
536 1272 93 20 komitén
646 1271 84 21 vidare:
756 1270 88 22 »Ofvan
859 1270 39 21 har

72 1297 134 28 framhållits,
221 1299 100 21 hurusom
336 1300 162 21 vattenståndet
512 1300 8 20 i
535 1300 84 28 sjöarna
630 1301 56 20 visat
695 1300 91 21 tendens
796 1299 33 21 till
839 1300 58 20 stän-

72 1326 46 28 digt
134 1326 154 29 nedåtgående,
305 1328 40 21 och
360 1335 26 14 en
403 1328 144 28 kontinuerlig
560 1328 129 22 vattenbrist
701 1328 42 21 kan
753 1327 89 23 sålunda
853 1327 45 21 förr

72 1355 52 21 eller
146 1362 74 15 senare
241 1359 97 19 emotses.
367 1356 77 22 Redan
460 1357 36 21 vid
513 1357 157 28 anläggningen
686 1357 23 21 af
724 1360 31 18 ett
769 1356 128 22 vattenverk

73 1384 39 21 bör
134 1384 86 22 derföre
243 1392 76 20 egaren
342 1385 72 21 kunna
437 1385 122 28 medgifvas
582 1387 41 19 rätt
646 1388 31 18 att
692 1386 37 21 vid
745 1386 54 20 visst
813 1387 84 19 vatten-

72 1412 69 26 stånd,
156 1420 46 14 som
218 1415 23 19 är
256 1414 58 28 lägre
328 1415 27 20 än
371 1414 41 21 den
428 1414 32 21 för
476 1414 76 21 verket
567 1415 7 20 i
589 1414 116 21 allmänhet
716 1414 110 28 medgifna
839 1413 59 21 däm-

72 1441 148 29 ningshöjden,
234 1442 85 28 utlägga
329 1443 131 27 provisionel
471 1442 49 21 dam
532 1442 62 22 öfver
605 1442 157 28 kungsädran».
784 1442 114 22 Utskottet

71 1470 39 20 har
132 1478 28 13 nu
179 1470 23 21 ät
222 1471 12 26 8
250 1472 13 19 4
278 1471 64 27 gifvit
358 1478 26 13 en
400 1471 67 20 sådan
484 1471 119 28 affattning,
619 1474 32 18 att
665 1478 48 14 man
729 1470 48 21 med
794 1470 45 21 skäl
856 1470 41 21 kan

72 1500 58 26 säga,
151 1501 31 18 att
205 1498 56 21 hvad
285 1499 41 21 den
345 1499 72 28 gifver
432 1499 48 21 med
497 1499 41 22 den
555 1507 40 13 ena
610 1499 84 21 handen
711 1499 22 21 ät
748 1499 148 22 vattenverks-
