1084 1781
352 124 58 21 Lega
422 124 24 17 af
451 124 50 21 jord
512 123 28 22 på
549 124 79 17 landet.
834 119 42 20 595

77 190 84 22 anhålla
179 193 32 19 att
225 191 26 21 R.
272 198 19 14 o.
306 191 27 21 A.
349 191 50 21 ville
414 191 97 22 förkasta
526 191 72 21 denna
613 191 35 21 del
664 191 23 22 af
702 192 132 28 paragrafen.
865 192 41 22 Ut-

77 219 82 21 skottet
178 219 38 22 har
237 220 7 20 i
259 221 33 20 sin
308 220 128 27 motivering
451 219 13 22 å
479 219 39 22 sid.
534 221 26 20 31
577 220 72 21 anfört
664 223 41 18 att:
723 220 182 28 >Ifrågavarande

77 247 103 28 rättighet
194 249 24 20 är
232 248 35 21 för
282 248 106 21 brukaren
404 248 23 21 af
457 249 67 21 ganska
539 251 46 18 stor
600 249 53 27 vigt,
667 251 51 18 enär
728 249 43 21 han
784 249 42 21 kan
837 249 68 22 sakna

78 283 146 21 noggrannare
247 276 121 21 kännedom
389 284 34 14 om
455 284 26 14 den
497 277 107 28 lägenhet,
618 277 42 21 han
676 280 57 19 emot
747 278 48 28 lega
810 278 95 21 öfverta-

93 312 27 19 er,
136 305 40 21 och
198 305 83 21 således
296 305 103 28 misstaga
414 306 33 27 sig
462 313 35 14 om
514 305 167 28 legovilkoren».
696 305 42 29 Jag
752 309 45 18 tror
811 307 35 20 för
861 307 44 20 min

94 333 19 21 el
128 336 32 19 att
175 333 37 22 det
227 333 55 22 skall
297 341 51 14 vara
365 333 50 22 vida
430 334 76 21 lättare
522 334 35 21 för
572 334 106 21 brukaren
689 337 32 18 att
731 335 122 21 undersöka
863 335 42 22 och

77 362 93 28 granska
192 362 38 21 det
251 362 142 28 jordområde,
409 370 46 13 som
475 362 42 21 han
532 364 74 19 ämnar
621 363 120 26 arrendera,
755 365 28 20 än
799 363 36 22 det
850 364 55 21 skall

80 398 50 13 vara
144 390 35 21 för
194 390 146 29 legogifvaren
356 393 32 18 att
402 391 94 28 granska
510 391 42 21 och
567 391 124 28 öfverväga,
706 399 33 14 om
755 392 48 27 den,
816 392 23 21 åt
850 392 55 21 hvil-

79 419 41 21 ken
136 419 41 21 han
193 419 81 22 lemnar
288 420 32 20 sin
336 419 54 28 jord,
404 421 24 19 är
443 419 88 29 lämplig
545 422 32 19 att
587 420 114 28 öfvertaga
711 421 129 21 densamma.
863 420 42 29 Jag

79 449 23 20 är
124 447 127 29 öfvertygad
275 455 34 14 om
328 451 32 18 att
378 448 37 21 det
434 448 58 21 skett
514 448 41 21 och
570 448 96 22 kommer
681 449 30 21 alt
725 449 133 22 fortfarande
874 453 32 17 att

78 476 38 21 ske
133 476 60 28 långt
204 477 51 20 flere
270 477 89 28 misstag
374 477 7 20 i
396 477 37 21 det
448 484 75 14 senare
539 477 61 21 fallet
615 479 26 19 än
657 478 7 20 i
680 477 37 22 det
731 477 62 22 förra.
823 478 35 21 Då
870 479 36 27 jag

79 505 48 21 icke
143 513 63 13 anser
227 508 31 18 att
276 505 70 21 denna
369 505 100 28 paragraf
492 507 23 19 är
531 505 56 29 bygd
603 505 28 29 på
646 505 70 29 någon
731 507 69 27 grund
816 507 23 21 af
854 509 52 19 rätt-

79 534 47 21 visa
148 534 42 21 och
209 534 139 28 likställighet
363 534 35 21 för
414 534 53 21 båda
483 537 107 26 parterna,
605 534 24 22 så
644 535 152 29 återupprepar
811 536 35 28 jag
861 536 44 20 min

78 562 100 22 anhållan
201 565 32 18 att
255 562 70 22 denna
348 563 100 29 paragraf
466 563 70 21 skulle
551 562 164 23 återremitteras
731 564 34 21 för
779 567 32 18 att
826 564 80 21 omfor-

78 591 91 21 muleras
185 592 7 20 i
208 591 36 21 det
259 591 23 21 af
296 592 45 27 mig
356 591 94 29 antydda
466 592 74 27 syftet.

147 648 59 21 Frih.
221 656 43 14 von
280 648 108 22 Kothen
405 648 146 22 understödde
567 648 60 22 detta
642 649 87 28 förslag.

147 705 35 21 Hr
196 705 25 22 L.
236 706 147 21 Mechelin:
407 706 35 21 Dä
457 706 38 21 det
510 714 50 21 nyss
575 707 74 28 gjorda
659 706 106 29 yrkandet
775 707 28 28 pä
815 707 91 28 ändring

78 734 23 21 af
116 734 53 21 sista
184 737 70 18 satsen
271 735 7 20 i
293 736 12 26 $
322 736 12 20 6
350 735 76 21 vunnit
441 734 124 28 understöd,
581 736 38 20 ber
635 736 33 27 jag
684 736 33 20 för
732 736 42 20 min
790 736 34 21 del
839 736 66 21 uttala

79 763 44 27 mig
143 762 34 22 för
197 762 158 28 godkännande
370 763 24 21 af
408 764 134 27 paragrafen.
572 764 45 21 Det
647 772 26 13 kan
689 764 125 28 visserligen
829 765 76 27 tyckas

79 791 70 21 säsom
166 791 71 21 kunde
252 799 48 13 man
316 792 39 20 här
369 791 95 29 äberopa
479 800 26 13 en
521 792 270 29 reciprocitetsgrundsats,
806 800 48 14 men
868 793 37 21 vid

79 821 97 20 närmare
198 820 132 28 granskning
351 820 61 22 torde
434 820 57 22 dock
507 821 108 28 knappast
630 821 70 22 denna
716 822 137 28 reciprocitet
868 822 38 21 här

79 848 73 21 kunna
171 848 113 29 tillämpas.
315 849 113 28 Uppsäges
443 856 26 14 en
486 852 91 26 torpare,
591 850 36 28 jag
642 851 88 21 nämner
744 858 29 13 nu
789 850 41 21 den
846 850 60 21 kate-

79 878 53 26 gori,
147 884 46 14 som
208 879 24 19 är
246 877 98 22 talrikast
358 877 63 21 bland
435 878 156 28 legotagarene,
601 882 50 18 utan
663 878 70 28 nägon
744 880 32 20 sin
787 879 118 28 förskyllan

80 905 52 21 eller
146 906 71 28 nägon
232 906 67 21 sädan
314 906 122 28 anledning,
452 906 28 28 pä
496 906 87 22 hvilken
600 908 78 28 sjelfva
693 908 62 28 lagen
771 908 39 20 har
824 908 82 20 kunnat

79 936 53 26 göra
154 934 78 22 honom
254 934 122 27 förberedd,
398 935 24 21 sä
437 935 42 21 kan
495 935 37 21 det
547 936 56 27 gälla
618 936 53 22 hans
687 937 34 20 väl
735 936 51 22 eller
801 944 32 14 ve.
865 936 42 21 För

80 963 148 28 legogifvaren
251 965 23 20 är
296 963 97 22 deremot
414 963 76 29 frägan
506 964 24 21 af
545 964 86 22 relativt
651 964 82 22 mindre
748 966 51 27 vigt,
815 973 34 13 om
864 965 42 21 han

80 991 68 22 mäste
163 992 43 21 läta
222 999 27 14 en
265 995 85 25 torpare
364 993 111 28 gvarsitta,
491 993 46 21 ifall
552 993 43 22 han
610 993 48 22 icke
673 995 24 20 är
707 993 47 22 med
767 994 78 21 honom
856 993 51 22 fullt

82 1020 91 22 beläten.
203 1021 73 28 Lagen
299 1021 38 21 har
356 1021 22 28 ju
393 1023 75 19 nämnt
482 1021 28 22 de
525 1021 44 28 fall,
585 1022 28 21 dä
628 1022 150 28 legokontrakt
793 1022 112 22 förverkas

82 1049 41 21 och
145 1049 27 21 de
190 1049 61 22 torde
270 1049 90 22 omfatta
374 1049 42 22 alla
432 1049 82 22 sädana
529 1051 191 28 omständigheter,
735 1051 38 21 der
788 1051 118 21 brukarens

81 1077 149 28 uppträdande
246 1077 67 22 mäste
328 1085 63 14 anses
407 1086 51 13 vara
474 1079 24 20 af
511 1079 134 28 graverande
655 1083 38 18 art.
716 1079 42 22 Om
769 1079 47 22 äter
826 1079 80 22 sädana

81 1106 160 29 undantagsfall
263 1107 139 26 förekomma,
423 1107 28 21 dä
465 1107 128 28 jordegaren
609 1108 36 21 för
659 1111 32 18 att
706 1108 71 21 kunna
792 1112 15 17 t.
822 1115 32 14 ex.
869 1115 38 20 ge-

81 1135 99 21 nomföra
207 1143 26 13 en
257 1135 127 28 erforderlig
404 1135 141 29 arrondering
565 1137 24 20 af
610 1144 27 13 en
659 1136 76 29 utgärd
759 1137 51 21 eller
837 1137 70 20 införa

82 1163 117 22 vexelbruk
215 1163 52 22 eller
281 1164 34 21 för
322 1167 73 18 annan
408 1164 91 21 särskild
512 1165 125 21 ekonomisk
649 1165 68 22 fördel
730 1165 79 22 önskar
818 1165 89 28 indraga

82 1194 30 19 ett
134 1195 49 26 torp
205 1192 68 21 under
294 1195 48 26 eget
365 1193 53 20 bruk
442 1193 41 21 och
504 1193 73 21 derför
593 1194 37 21 vill
646 1195 94 27 uppsäga
756 1194 111 26 brukaren,
883 1193 24 22 sä

81 1220 97 27 återstår,
193 1228 34 14 om
242 1221 41 21 han
300 1221 64 21 också
381 1221 48 22 icke
444 1221 40 22 har
498 1221 65 28 laglig
578 1224 42 19 rätt
635 1222 76 26 dertill,
727 1223 40 20 den
785 1223 40 20 fria
835 1222 72 21 öfver-

81 1249 181 22 enskommelsens
282 1251 47 26 väg,
345 1253 57 18 emot
418 1250 70 28 skälig
503 1250 193 28 skadeersättning.
726 1251 73 21 Skulle
815 1259 28 12 nu
858 1251 49 21 icke

81 1277 41 22 den
144 1279 90 27 princip,
256 1285 46 14 som
323 1278 113 22 Utskottet
450 1279 40 20 här
504 1279 112 28 tillämpat,
632 1287 77 20 genom
724 1280 35 27 lag
774 1279 93 26 fastsläs,
882 1279 25 21 sä

80 1306 69 21 skulle
165 1309 31 18 ett
216 1307 22 20 af
253 1307 71 21 denna
338 1307 46 28 lags
400 1307 168 28 hufvudsakliga
583 1307 105 27 ändamäl,
703 1308 105 28 nämligen
824 1311 31 18 att
871 1307 36 22 be-

80 1335 52 20 reda
155 1335 23 21 ät
199 1335 27 21 de
248 1335 46 21 smä
316 1335 176 22 arrendatorerne
508 1343 26 14 en
550 1336 91 28 tryggad
657 1337 106 27 ställning,
778 1337 129 27 äfventyras.

80 1363 33 21 Pä
125 1363 63 22 dessa
199 1363 47 22 skäl
256 1364 118 28 tillstyrker
382 1365 36 27 jag
428 1364 159 28 godkännande
597 1365 24 20 af
633 1365 122 22 Utskottets
766 1365 140 21 betänkande.

149 1421 35 21 Hr
205 1421 27 22 G.
254 1421 24 21 C.
293 1421 156 22 Ehrnrooth:
473 1422 36 21 Dä
524 1422 136 28 legotagaren
673 1422 65 22 redan
753 1422 37 22 vid
806 1422 101 22 kontrak-

80 1453 42 18 tets
144 1450 140 28 uppgörande
306 1450 68 21 måste
396 1450 121 22 förbehälla
540 1452 33 26 sig
595 1452 43 20 rätt
660 1454 31 18 att
716 1451 67 21 under
798 1450 109 28 legotiden

80 1480 97 26 uppsäga
199 1478 123 26 detsamma,
346 1480 6 19 i
373 1478 38 22 fall
426 1480 43 20 rätt
485 1479 32 21 till
534 1479 66 21 sädan
616 1480 135 28 uppsägning
765 1480 54 20 skall
835 1480 72 20 kunna

80 1506 162 28 ifrägakomma,
263 1514 62 14 anser
346 1508 36 27 jag
406 1507 34 21 för
458 1508 43 20 min
518 1508 40 26 del,
574 1511 31 17 att
620 1508 37 21 det
671 1510 24 19 är
709 1508 24 21 af
747 1508 85 28 mycket
846 1508 61 28 ringa
