1084 1784
216 129 42 21 430
470 135 25 17 R.
508 140 18 12 o.
539 135 26 17 A.
577 134 63 18 1900.
662 134 13 17 3
686 134 50 20 Maj.

188 209 76 27 ningar
279 216 33 13 om
329 208 113 28 värdering
457 208 48 22 med
521 208 163 28 nödvändighet
699 208 66 22 borde
777 211 104 25 upptagas
893 208 6 21 i
910 208 103 28 förslaget

188 237 31 21 till
234 236 128 28 ständerlag.
393 237 34 21 Då
449 237 106 28 nämligen
578 237 115 22 Utskottet
715 237 110 21 härstädes
846 237 77 27 intagit
937 244 26 14 en
979 240 33 18 ut-

188 265 92 29 trycklig
299 266 133 28 bestämning
447 274 33 13 om
497 269 31 17 att
544 266 26 20 de
586 266 53 28 djur,
655 273 45 14 som
716 266 60 20 skola
791 265 90 27 aflifvas,
895 265 47 21 före
957 266 56 20 aflif-

188 294 80 21 vandet
290 294 51 21 böra
361 295 125 27 uppskattas
507 294 30 21 till
558 296 38 20 sitt
613 295 53 21 fulla
686 294 66 21 värde
770 295 7 20 i
792 294 64 21 friskt
871 294 102 26 tillstånd,
988 294 25 21 så

188 322 61 21 torde
270 322 37 22 det
325 330 51 14 vara
391 323 82 28 ganska
488 323 103 28 likgiltigt
602 323 54 21 huru
666 322 230 28 värderingsnämnden
907 330 106 14 samman-

188 353 72 19 sättes.
290 351 35 21 Då
339 352 63 21 dessa
417 352 175 27 värderingsmän
608 353 21 27 ju
646 352 83 21 således
746 352 51 20 böra
812 351 115 29 uppskatta
943 351 70 28 djuret

188 380 32 20 till
244 380 49 21 dess
315 380 52 21 fulla
391 380 71 27 värde,
480 380 61 22 torde
564 380 37 22 det
623 381 48 21 icke
692 380 102 22 innebära
812 380 69 28 någon
897 387 46 14 som
958 380 55 20 helst

188 408 56 21 våda
265 409 33 21 för
314 409 173 28 kreatursegaren
504 412 31 18 att
551 409 47 21 icke
614 409 225 29 detaljbestämningar
854 416 33 13 om
904 408 109 21 värderin-

188 444 41 21 gen
245 437 49 28 ingå
309 438 7 20 i
331 438 156 28 ständerlagen.

257 494 34 22 Hr
309 494 20 22 J.
347 495 24 21 L.
387 495 138 21 Snellman:
555 495 43 28 Jag
617 495 95 21 önskade
733 495 76 21 endast
829 498 30 18 att
879 497 56 19 emot
954 494 58 22 Frih.

189 531 41 13 von
250 523 90 22 Hellens
356 524 23 20 få
393 524 104 28 genmäla,
513 527 30 17 att
554 524 48 20 mitt
611 524 99 28 yttrande
722 524 47 21 icke
780 524 49 28 gick
840 526 23 18 ut
874 523 27 28 på
912 526 31 18 att
953 522 59 22 detta

189 552 236 28 lagstiftningsärendes
451 552 90 28 detaljer
566 552 68 22 skulle
660 552 120 22 öfverföras
804 552 31 21 till
858 552 155 28 ständerlagen.

189 580 41 28 Jag
250 581 79 21 förstår
349 582 105 27 nämligen
477 588 44 14 mer
538 582 27 20 än
585 582 34 20 väl
635 584 31 18 att
681 581 250 28 detaljbestämningarna
947 580 66 22 hafva

189 610 32 20 sin
236 611 55 19 rätta
307 610 54 28 plats
378 611 5 19 i
400 610 148 28 kungörelsen.
571 610 52 21 Men
638 610 36 28 jag
689 617 63 14 anser
767 610 37 20 det
816 617 50 13 vara
880 612 30 18 ett
921 609 36 24 fel,
967 616 45 14 som

190 638 41 21 kan
247 638 68 21 blifva
326 638 127 28 ödesdigert,
464 642 31 17 att
505 639 6 20 i
522 638 150 28 ständerlagen
683 638 49 28 ingå
744 638 32 21 till
788 638 40 21 den
839 638 52 28 grad
904 638 109 21 abstrakta

190 666 163 28 bestämningar,
369 670 32 18 att
416 667 26 21 de
458 667 24 21 så
497 670 32 18 att
544 669 50 26 säga
610 668 67 20 sakna
694 667 104 21 materielt
810 666 99 22 innehåll.
931 666 82 28 Sjelfva

190 695 201 28 rättsstadgandena
414 696 66 21 finnas
500 704 27 12 nu
546 696 6 21 i
570 696 148 28 kungörelsen,
733 696 27 20 då
776 696 27 20 de
819 696 66 20 borde
899 695 66 21 hafva
980 695 33 21 sin

190 724 55 28 plats
267 725 6 19 i
297 724 155 28 ständerlagen.
481 724 66 22 Hvad
570 724 46 22 åter
638 724 100 21 beträffar
760 724 38 21 det
818 724 23 21 af
855 731 79 14 samma
949 723 64 21 ärade

189 753 67 21 talare
279 753 121 28 åberopade
422 752 140 27 förhållande,
582 756 32 18 att
636 753 67 27 enligt
723 752 122 22 Utskottets
861 752 80 28 förslag
956 760 53 20 upp-

190 782 136 27 skattningen
349 782 22 20 af
390 782 138 27 nedslagtade
546 782 48 28 djur
613 782 65 21 borde
700 782 38 20 ske
753 782 33 20 till
801 781 61 21 deras
878 781 52 21 fulla
946 780 65 21 värde

190 811 4 19 i
216 810 63 20 friskt
295 810 102 26 tillstånd,
415 810 24 22 så
457 812 24 19 är
498 810 59 21 detta
576 811 53 21 visst
644 818 26 13 en
687 810 85 28 mycket
788 809 171 22 erkännansvärd
977 809 35 21 be-

190 839 112 27 stämning,
325 846 47 14 men
393 840 35 27 jag
451 839 40 21 kan
515 839 39 21 alls
577 839 47 21 icke
648 839 74 25 förstå,
737 842 31 18 att
783 846 48 13 man
847 838 47 21 med
911 838 101 20 afseende

190 866 51 22 härå
257 867 42 21 kan
315 868 55 20 finna
381 868 37 20 det
429 868 107 27 likgiltigt,
548 868 54 20 huru
613 867 231 28 värderingsnämnden
856 867 39 21 blir
907 874 105 14 samman-

190 899 48 23 satt,
257 899 23 25 ty
303 896 27 28 på
351 896 244 28 värderingsnämndens
618 896 182 27 ändamålsenliga
822 896 189 26 sammansättning

191 924 61 21 beror
271 925 116 28 väsentligt
405 925 53 21 huru
477 925 74 28 riktigt
566 925 40 21 och
622 925 48 21 med
686 925 87 21 hvilken
790 923 159 22 sakkännedom
965 925 47 19 vär-

190 953 101 28 deringen
308 953 132 22 verkställes.
469 954 50 27 Nog
535 954 41 21 kan
592 953 141 28 värderingen
749 954 39 20 ske
803 953 28 28 pä
841 955 30 18 ett
882 952 131 27 fullkomligt

190 981 212 22 otillfredsställande
423 984 48 23 sätt,
491 990 33 13 om
546 982 36 21 det
604 982 66 21 också
685 982 59 21 heter
760 985 31 18 att
806 981 70 28 djuret
891 981 54 21 skall
960 988 55 20 upp-

190 1010 81 21 skattas
290 1010 32 21 till
338 1010 49 21 dess
403 1011 52 20 fulla
472 1011 64 21 värde
553 1012 5 19 i
575 1011 64 21 friskt
654 1011 101 20 tillstånd.
786 1010 38 21 Alt
847 1010 63 21 beror
925 1009 89 21 sålunda

190 1039 27 27 på
240 1039 244 28 värderingsnämndens
507 1040 197 27 sammansättning,
724 1039 20 21 d.
764 1047 18 12 v.
798 1042 19 17 s.
837 1038 27 29 på
886 1040 65 19 sättet
973 1037 41 21 och

190 1067 118 28 ordningen
334 1068 34 21 för
391 1068 152 27 värderingens
566 1068 164 21 verkställande.
764 1067 44 21 Det
829 1069 22 18 är
873 1066 72 28 derpå,
968 1073 46 14 som

190 1095 157 28 hufvudvigten
367 1097 73 27 ligger.
470 1097 45 20 Blir
533 1096 232 28 värderingsnämnden
782 1096 33 21 väl
832 1097 143 23 sammansatt,
991 1094 24 21 så

190 1124 42 21 kan
248 1132 48 13 man
313 1126 64 19 vänta
391 1125 53 28 godt
459 1125 94 21 resultat.
576 1125 42 28 Jag
634 1125 98 21 betviflar
747 1125 39 20 alls
801 1124 48 21 icke
864 1127 32 18 att
906 1123 108 28 Styrelsen

190 1153 55 20 skall
260 1153 53 21 söka
329 1153 107 28 möjligast
451 1154 34 21 väl
501 1155 151 20 sammansätta
667 1153 132 21 förbemälda
815 1152 85 26 nämnd,
916 1159 47 14 men
978 1152 37 27 jag

190 1189 63 13 anser
272 1181 37 22 det
329 1182 48 21 icke
398 1189 51 14 vara
470 1183 124 20 välbetänkt
612 1189 33 14 om
662 1182 120 21 Ständerna
797 1181 97 21 lemnade
909 1180 55 21 ifrån
980 1181 35 26 sig

190 1212 31 18 ett
242 1210 213 28 lagstiftningsgebit,
475 1218 44 14 som
541 1211 93 27 rättsligt
653 1210 72 21 tillhör
744 1210 54 25 dem,
814 1209 87 22 hvarför
920 1210 35 27 jag
970 1212 45 17 tror

190 1241 32 18 att
237 1238 126 26 Ständerna,
378 1239 35 21 för
425 1239 107 21 vinnande
544 1240 22 20 af
581 1239 78 28 nödiga
668 1239 113 28 garantier,
794 1239 52 20 böra
855 1241 50 24 taga
915 1239 32 26 sig
957 1237 57 21 talan

191 1267 47 20 icke
261 1267 55 21 blott
337 1268 6 20 i
365 1267 70 22 denna
458 1268 69 28 punkt
546 1271 50 18 utan
612 1269 6 19 i
634 1268 103 20 afseende
752 1267 13 21 å
780 1275 26 13 en
823 1266 84 29 mycket
922 1270 45 17 stor
981 1265 35 20 del

192 1295 67 21 andra
275 1296 141 28 stadganden,
431 1303 45 14 som
493 1297 49 27 ingå
557 1298 6 19 i
580 1297 40 20 den
636 1296 170 21 administrativa
821 1295 147 28 kungörelsen.

260 1352 33 21 Hr
309 1353 61 20 Alex.
386 1353 126 22 Aminoff:
542 1348 74 27 Äfven
638 1354 20 27 jag
697 1354 37 20 ber
756 1355 31 19 att
808 1353 5 20 i
835 1351 68 22 likhet
917 1351 48 22 med
982 1351 35 21 Hr

190 1381 158 28 Björkenheim,
365 1381 96 28 Edvard,
477 1382 40 21 och
532 1382 58 21 Frih.
606 1389 41 14 von
660 1361 100 46 Halens,
770 1381 78 27 Oskar,
863 1380 23 21 få
901 1381 6 20 i
923 1379 94 22 hufvud-

190 1410 38 20 sak
248 1409 107 29 tillstyrka
375 1410 132 28 antagandet
523 1411 24 20 af
568 1410 123 22 Utskottets
710 1409 141 22 betänkande.
880 1408 42 29 Jag
937 1408 79 21 tillåter

191 1439 43 27 mig
246 1440 51 26 säga
309 1439 6 20 i
327 1438 131 27 hufvudsak,
466 1439 135 21 alldenstund
610 1439 41 28 jag,
660 1438 89 21 oaktadt
756 1439 35 28 jag
800 1439 47 20 icke
855 1437 38 22 har
900 1440 70 18 ansett
978 1436 37 21 det

190 1474 50 13 vara
254 1467 46 20 skäl
312 1470 31 18 att
353 1467 32 21 till
398 1467 123 22 Utskottets
531 1467 135 22 betänkande
674 1467 51 28 foga
734 1467 70 27 någon
812 1467 139 24 reservation,
959 1465 56 21 dock

190 1495 48 21 icke
262 1496 6 19 i
291 1495 41 22 alla
355 1496 117 21 afseenden
495 1496 38 21 har
555 1497 56 20 varit
629 1503 51 14 ense
698 1495 48 22 med
765 1495 121 22 Utskottets
902 1494 113 28 pluralitet,

190 1528 51 16 utan
257 1527 14 18 t.
287 1531 32 14 ex.
335 1525 6 20 i
357 1524 41 21 den
415 1524 66 28 fråga,
497 1532 45 13 som
558 1525 28 28 på
601 1531 47 22 pag.
660 1525 26 20 13
697 1524 23 21 af
730 1523 146 22 betänkandet
886 1524 23 20 är
920 1525 95 19 närmare
