1086 1781
392 128 174 32 Torparefrägan.
823 130 41 20 845

67 203 48 28 digt
130 205 31 19 att
176 203 32 21 till
224 203 113 22 Utskottet
351 203 56 28 ånyo
422 204 109 21 remittera
546 203 59 22 detta
622 207 94 18 moment
730 204 35 21 för
779 206 32 19 att
820 203 23 22 af
854 203 39 22 Ut-

65 232 83 21 skottet
170 234 60 25 tagas
252 231 67 22 under
342 231 92 29 förnyad
450 232 143 29 ompröfning,
608 232 40 21 har
661 233 36 28 jag
712 233 48 21 icke
776 232 118 28 nägonting

65 260 104 22 deremot.
197 260 42 28 Jag
255 260 41 21 kan
312 260 48 21 icke
375 260 73 28 undgä
464 263 32 19 att
510 261 57 21 finna
582 263 32 19 att
629 261 37 21 det
681 261 37 21 vid
733 261 64 29 ytligt
809 260 85 22 betrak-

67 288 65 22 tande
155 289 23 21 af
200 289 65 21 ofvan
284 288 90 22 berörda
390 289 124 28 paragrafer
529 289 72 22 kunde
616 297 65 21 synas
696 297 46 14 som
757 297 35 14 om
807 297 27 14 en
850 289 43 21 viss

65 317 123 28 otydlighet
208 317 102 22 vidlädde
329 317 72 28 lagen;
417 325 48 14 men
480 319 36 27 jag
531 318 38 21 vill
584 318 88 28 tillägga
687 321 32 19 att
733 318 38 21 det
785 317 110 22 förefaller

67 349 32 18 att
114 345 24 22 sä
153 346 42 21 kan
210 353 63 22 synas
289 345 76 22 endast
380 346 37 21 vid
432 347 65 28 ytligt
513 347 146 26 betraktande,
674 350 22 25 ty
713 347 27 21 dä
752 347 63 21 lagen
825 347 7 20 i
846 347 23 20 29
881 347 12 26 $

67 375 105 21 förklarar
194 377 31 18 att
246 374 91 22 brukare
358 376 24 19 är
396 375 78 28 pligtig
489 378 31 18 att
536 375 70 28 bygga
621 375 24 22 sä
661 375 40 22 och
717 375 30 27 sä,
761 354 26 43 så
800 378 45 19 tror
859 375 35 28 jag

67 403 127 28 näppeligen
217 411 48 13 man
288 403 48 21 med
358 403 39 28 fog
418 403 73 22 kunde
514 411 25 14 ur
556 403 42 22 den
614 404 106 29 paragraf,
735 404 38 21 der
788 403 37 22 det
839 403 54 22 talas

66 439 37 14 om
124 432 118 27 ersättning
264 431 35 22 för
320 433 58 20 vissa
399 432 154 28 förbättringar
575 432 29 29 på
626 433 129 28 byggnader,
771 432 66 29 draga
852 432 41 21 den

67 460 122 27 slutsatsen,
211 463 32 18 att
265 461 119 27 ersättning
407 461 39 21 bör
468 461 34 21 fås
518 461 64 22 äfven
598 461 35 22 för
647 465 32 17 att
695 461 104 22 brukaren
815 461 79 28 fullgör

65 497 28 13 en
115 489 128 28 skyldighet,
265 497 45 13 som
330 489 78 21 honom
425 489 68 29 enligt
508 490 35 27 lag
558 492 24 19 är
597 490 70 28 ålagd.
697 490 51 21 Men
765 497 44 14 som
826 489 68 28 sagdt,

65 525 28 14 en
115 517 119 29 otydlighet
255 518 42 21 kan
319 517 121 27 förefinnas,
461 526 34 13 om
511 518 66 22 också
592 519 74 28 lagens
682 519 55 21 anda
752 519 41 22 och
809 519 85 27 mening

66 546 39 21 bör
120 546 82 28 framgå
217 554 25 13 ur
256 546 133 29 paragrafen.

134 603 63 22 Efter
218 603 87 22 härmed
328 603 96 22 afslutad
446 604 122 22 diskussion
585 604 161 22 öfverlemnade
762 605 34 21 Hr
811 604 82 21 Landt-

65 632 136 21 marskalken
216 632 32 21 till
264 632 101 21 Ståndets
383 633 133 22 besvarande
533 633 95 28 följande

293 701 372 30 Omröstningsproposition:

135 752 40 27 De,
189 752 72 22 hvilka
276 753 114 28 godkänna
402 753 125 22 Utskottets
542 754 140 28 uppfattning
697 755 7 20 i
720 753 59 29 fråga
791 761 34 14 om
837 755 26 20 52
874 755 19 26 8,

65 782 58 20 rösta
137 781 30 28 ja;

135 833 75 22 vinner
232 834 41 28 nej,
295 833 167 22 återremitteras
478 833 127 29 paragrafen
621 833 32 22 till
669 833 113 22 Utskottet
797 835 6 20 i
819 834 37 21 det
871 833 23 22 af

65 861 58 22 Frih.
138 869 43 14 von
196 862 58 21 Born
270 862 109 29 päyrkade
395 863 69 28 syfte;

134 913 87 22 hvilken
237 915 132 27 proposition
384 914 130 21 besvarades
531 913 48 22 med
595 913 159 29 öfvervägande
770 915 40 28 nej.

135 965 26 21 R.
177 973 17 13 o.
211 966 26 21 A.
252 965 55 22 hade
322 965 89 22 sålunda
423 966 89 21 beslutit
522 969 36 22 att,
569 966 49 21 med
629 966 136 21 vidhällande
775 965 118 22 tillsvidare

65 993 24 21 af
108 994 37 21 sitt
164 993 91 29 tidigare
271 994 72 21 derom
359 994 83 21 fattade
458 995 76 26 beslut,
549 995 155 21 återremittera
720 994 125 29 paragrafen
861 995 32 20 till

67 1021 113 22 Utskottet
195 1023 47 21 med
259 1024 131 27 uppmaning
404 1023 33 21 till
452 1023 115 22 Utskottet
581 1026 32 18 att
628 1027 50 24 taga
691 1023 123 22 densamma
825 1023 68 21 under

66 1051 91 28 förnyad
174 1051 100 28 pröfning
288 1053 7 19 i
311 1052 56 28 syfte
382 1055 32 18 att
430 1052 76 28 bringa
521 1053 27 20 29
564 1052 41 21 och
621 1053 27 20 52
665 1053 26 26 $$
706 1053 7 20 i
728 1052 38 21 full
783 1052 110 21 öfverens-

66 1079 122 22 stämmelse
203 1080 48 21 med
267 1080 125 21 hvarandra.

135 1131 57 22 Frih.
208 1139 41 14 von
265 1131 76 22 Born
357 1131 118 22 hemstälde
491 1132 36 22 vid
539 1132 70 21 denna
623 1132 81 28 utgång
714 1132 23 21 af
747 1132 72 26 saken,
829 1132 64 21 huru-

68 1159 50 21 vida
140 1160 48 21 icke
209 1160 41 21 den
273 1160 23 21 af
316 1161 77 20 honom
409 1161 100 28 upplästa
524 1161 155 29 promemorian
696 1161 67 21 skulle
779 1161 24 21 fä
818 1161 75 28 ätfölja

67 1189 103 20 remissen
185 1189 32 20 till
232 1188 119 22 Utskottet.

138 1239 76 22 Denna
234 1240 127 22 hemställan
377 1241 45 21 blef
436 1241 24 21 af
474 1241 27 22 R.
517 1249 18 14 o.
550 1241 27 21 A.
593 1241 94 25 bifallen,
703 1241 31 21 till
750 1241 53 29 följd
818 1241 77 22 hvaraf

68 1268 58 28 Lag-
141 1269 40 21 och
196 1269 214 22 Ekonomiutskottet
428 1270 68 22 borde
512 1270 79 22 erhålla
607 1270 32 21 del
657 1270 22 21 af
694 1270 57 22 Frih.
766 1278 43 14 von
825 1270 69 22 Borns

68 1298 146 27 promemoria.

137 1348 12 21 I
169 1349 106 21 klämmen
297 1349 67 22 under
387 1350 12 28 &
421 1351 28 20 54
468 1350 106 22 ändrades
590 1352 6 20 i
609 1351 94 28 enlighet
718 1352 47 20 med
781 1359 26 14 en
823 1351 23 21 af
861 1351 34 21 Hr

68 1377 56 49 Aug:
147 1377 35 21 Fr.
205 1377 142 22 Granfelt
368 1378 62 29 gjord
451 1380 141 28 anmärkning
607 1380 56 21 talen
678 1381 28 20 43
722 1380 39 22 och
776 1382 27 20 42
819 1380 32 21 till
868 1381 26 20 53

67 1413 26 14 och
125 1407 32 20 52.

136 1456 13 22 I
160 1456 135 23 återstående
306 1458 60 21 delar
376 1458 126 28 godkändes
514 1460 321 28 sammanjemkningsförslaget
843 1463 51 18 utan

67 1485 127 22 diskussion.
