1086 1798
221 128 40 21 788
459 136 25 16 R.
498 140 18 13 o.
527 133 26 19 A.
566 136 62 17 1900.
650 136 28 17 22
690 136 49 21 Maj.

191 202 92 22 skottets
302 202 82 29 förslag
404 206 56 19 samt
475 204 35 21 för
524 204 145 22 instundande
685 204 147 29 finansperiod
849 204 78 29 bevilja
942 205 14 21 4
971 205 47 22 mil-

191 231 60 28 joner
266 232 60 21 mark
341 232 32 21 till
388 232 142 29 päbörjandet
544 233 24 21 af
582 233 72 22 denna
669 233 66 22 banas
751 233 107 28 byggnad.

260 289 158 22 Diskussionen
433 290 127 21 afstannade
576 290 94 25 härmed,
686 290 40 21 och
741 290 67 21 sedan
823 290 27 21 R.
865 298 19 14 o.
898 291 28 21 A.
941 291 28 28 pä
983 291 35 21 Hr

191 317 220 23 Landtmarskalkens
426 319 156 28 framställning
598 319 88 21 beslutit
701 319 155 21 återremittera
871 319 106 22 klämmen
989 319 29 29 pä

191 345 40 22 sid.
246 347 27 21 35
289 347 32 21 till
335 347 213 28 Jernvägsutskottet
563 347 35 22 för
612 350 32 19 att
659 347 162 22 omformuleras
836 348 7 21 i
859 347 94 28 enlighet
968 348 50 21 med

191 374 26 22 R.
238 382 19 14 o.
278 375 38 22 A:s
337 383 51 21 nyss
410 376 83 21 fattade
512 376 70 21 beslut
596 377 7 20 i
619 376 103 21 afseende
737 377 13 20 å
765 376 107 22 klämmen
886 377 29 28 pä
929 376 40 22 sid.
984 377 34 26 31,

191 403 136 22 framstäldes
343 405 32 20 till
391 404 102 22 Ständets
509 405 134 22 besvarande
658 405 96 28 följande

400 491 407 28 Omröstnings'proposition:

261 547 40 27 De,
317 547 73 22 hvilka
404 548 115 28 godkänna
535 549 53 20 1:sta
604 548 107 21 klämmen
725 548 13 21 å
753 548 41 21 sid.
809 549 33 27 36,
857 549 57 20 rösta
929 548 30 28 ja;

261 605 76 21 vinner
351 606 41 28 nej,
406 605 39 22 har
459 605 26 22 R.
501 613 18 14 o.
535 606 27 21 A.
578 605 89 22 beslutit
682 608 32 19 att
728 613 97 14 summan
835 606 14 20 4
860 605 95 28 miljoner
965 605 52 21 ned-

191 635 67 20 sättes
273 633 32 22 till
321 635 13 20 3
350 635 102 28 miljoner.

260 691 33 21 Pä
311 691 73 22 derom
402 692 72 28 gjordt
491 691 97 29 yrkande
604 692 108 21 anstäldes
728 692 105 27 votering,
849 691 40 22 och
904 691 28 21 dä
947 691 70 21 denna

191 719 64 22 utföll
271 720 48 21 med
335 722 26 20 33
376 721 20 28 ja
412 720 41 22 och
465 722 26 20 22
502 721 41 27 nej,
553 728 39 14 var
603 721 53 21 1:sta
667 720 106 22 klämmen
784 720 28 28 pä
822 720 39 21 sid.
872 721 26 20 36
908 720 109 28 godkänd.

260 776 142 23 Beträffande
418 778 59 21 2:dra
493 778 105 21 klämmen
615 778 80 21 beslöts
710 780 30 19 att
750 777 43 21 den
804 778 7 20 i
822 779 133 27 konsegvens
968 777 49 21 med

191 805 26 22 R.
233 813 19 14 o.
268 807 38 21 A:s
322 806 90 28 tidigare
428 807 70 21 beslut
513 806 112 28 angående
640 806 171 29 Nyslottsbanan
826 806 70 21 skulle
910 806 57 28 utgå.

261 862 36 22 Då
317 863 94 22 derefter
431 864 110 28 föredrogs
558 864 126 22 Utskottets
702 863 211 29 resolutionsförslag
931 862 28 30 pä
977 862 40 23 sid.

191 892 34 26 42,
241 891 109 22 lemnades
366 892 27 29 på
410 892 91 29 begäran
517 892 61 22 ordet
593 892 23 21 åt

261 949 34 21 Hr
310 949 29 22 K.
355 949 148 27 Snellman,
518 957 46 14 som
579 949 95 29 yttrade:
699 949 76 22 Såsom
786 950 36 27 jag
834 949 65 21 redan
909 949 48 21 haft
967 950 50 19 äran

191 977 119 27 framhålla,
326 978 95 21 kommer
436 979 130 28 antagandet
580 979 23 21 af
613 979 124 21 Utskottets
749 978 124 28 föreslagna
883 975 66 24 företa
961 977 56 22 kläm

191 1006 7 21 i
219 1007 248 28 expropriationsfrågan
485 1011 32 18 att
535 1007 55 22 vålla
609 1010 58 18 stora
686 1007 144 28 olägenheter.
859 1006 43 49 Jag
918 1009 37 25 tog
974 1007 44 26 mig

191 1034 75 21 derför
279 1035 93 22 friheten
382 1035 80 22 föreslå
472 1039 31 18 att
513 1036 319 29 expropriationsersättningen
843 1035 72 21 kunde
926 1034 91 22 sålunda

191 1063 101 27 fördelas,
308 1067 32 18 att
354 1067 70 18 staten
440 1065 67 21 skulle
523 1064 63 28 åtaga
602 1065 33 27 sig
650 1067 100 18 ansvaret
761 1064 35 21 för
806 1063 27 22 all
844 1063 107 28 jordlösen
962 1065 55 20 samt

191 1091 83 22 inlösen
290 1092 40 21 och
346 1092 103 29 flyttning
464 1093 23 21 af
502 1093 46 26 hus,
563 1093 117 28 hvarjemte
691 1093 124 20 densamma
826 1091 66 22 borde
904 1091 113 22 åhvälfvas

192 1120 145 22 kostnaderna
354 1121 35 21 för
407 1122 78 28 sjelfva
499 1121 337 29 expropriationsförrättningen,
852 1123 55 19 samt
922 1121 96 21 kommu-

191 1156 66 14 nerna
277 1149 37 21 det
335 1150 75 28 öfriga.
438 1150 43 28 Jag
497 1150 100 22 framhöll
617 1150 65 21 äfven
702 1153 37 23 att,
758 1150 47 20 ifall
824 1150 124 20 kommuner
966 1149 51 21 eller

191 1178 99 21 enskilda
311 1186 103 21 personer
435 1180 81 20 utfästa
535 1180 33 27 sig
589 1182 32 18 att
636 1186 91 14 ansvara
741 1178 36 21 för
792 1178 118 27 ersättning
925 1178 34 20 för
974 1177 44 21 för-

191 1206 106 22 orsakade
313 1207 142 28 olägenheter,
470 1208 62 21 dessa
548 1208 28 21 då
590 1208 48 21 icke
654 1208 84 20 komme
754 1210 32 18 att
798 1208 56 26 stiga
866 1206 33 21 till
909 1206 24 21 så
943 1208 74 19 nämn-

191 1235 67 21 värda
274 1235 85 29 belopp,
374 1240 31 17 att
420 1236 63 22 dessa
498 1236 122 28 derigenom
636 1236 70 21 skulle
721 1236 6 20 i
743 1236 67 27 högre
824 1235 53 28 grad
892 1235 83 21 komma
986 1237 32 19 att

191 1263 50 21 lida.
271 1264 43 21 För
335 1267 31 18 att
387 1265 49 21 icke
456 1264 114 29 uppehälla
589 1264 59 22 tiden
667 1264 34 21 får
718 1265 20 28 jag
770 1264 45 21 helt
830 1264 73 21 enkelt
917 1263 101 21 föreslå
1006 1259 15 39 i

191 1292 72 20 stället
278 1292 35 21 för
327 1292 41 22 den
384 1293 68 21 första
468 1294 105 20 klämmen
588 1301 27 13 en
631 1292 25 22 så
670 1292 102 29 lydande:

261 1324 31 18 att
310 1321 35 21 för
365 1329 29 14 nu
413 1322 124 28 ifrågasatta
560 1322 66 21 banas
650 1320 134 30 beläggande
800 1320 48 22 med
864 1320 73 22 arbete
951 1320 66 22 måtte

190 1349 120 49 nopeaa
325 1350 71 21 säsom
412 1351 70 21 vilkor
497 1354 31 18 att
538 1350 125 22 kommuner
674 1350 51 21 eller
736 1349 99 22 enskilda
860 1356 87 14 personer
957 1349 60 21 skola

190 1377 7 21 i
226 1379 67 27 förväg
313 1378 80 22 utfästa
411 1380 34 27 sig
462 1382 31 18 att
510 1386 90 14 ansvara
615 1379 35 21 för
664 1379 28 21 all
708 1379 120 27 ersättning
853 1379 24 20 för
892 1377 23 22 af
929 1378 89 28 jernväg

190 1405 141 23 förorsakade
347 1407 137 28 olägenheter
499 1408 40 21 och
554 1407 86 26 skador,
651 1407 113 21 hvaremot
774 1406 132 22 statsverket
917 1413 102 14 ansvarar

190 1434 35 21 för
240 1435 29 21 all
283 1435 116 28 jordlösen,
413 1436 82 22 inlösen
511 1436 41 22 och
567 1436 103 28 flyttning
686 1436 23 21 af
723 1436 41 21 hus
780 1438 56 18 samt
852 1434 119 22 kostnaden
984 1434 34 21 för

190 1464 336 29 expropriationsförrättningen.

261 1492 119 28 Angäende
401 1493 41 21 den
464 1493 66 21 andra
545 1493 106 21 klämmen
668 1492 38 22 ber
719 1494 37 27 jag
770 1495 33 18 att
817 1492 32 21 till
865 1492 40 21 alla
921 1491 60 22 delar
995 1491 23 21 fä

190 1519 76 23 förena
282 1522 43 27 mig
341 1522 47 21 med
405 1522 112 22 Utskottet
532 1522 41 22 och
588 1521 69 22 likaså
672 1521 114 29 angående
801 1520 42 22 den
858 1520 74 29 tredje.
