1084 1784
214 125 40 21 706
475 132 25 16 R.
513 136 18 12 o.
544 132 26 16 A.
583 132 62 17 1900.
672 132 24 16 21
708 132 50 20 Maj.

253 199 57 22 Frih.
325 199 27 22 O.
367 200 27 20 A.
411 199 114 22 Wrede:
554 199 43 29 Jag
613 200 37 20 ber
664 202 33 19 att
712 199 22 21 fä
748 198 130 22 understöda
892 199 38 22 det
943 199 23 22 af
980 199 37 22 Hr

184 227 107 22 Snellman
313 228 74 28 gjorda
409 228 102 28 förslaget
525 236 35 13 om
575 230 33 20 att
622 228 75 22 orden:
722 228 69 22 »dock
806 228 35 21 mä
855 230 94 20 vattnets
963 228 51 22 ned-

184 256 101 22 rinnande
301 256 120 28 derigenom
437 256 48 22 icke
500 257 7 21 i
523 256 68 28 någon
608 257 68 21 måtto
687 256 137 22 inskränkas»
841 256 72 22 blefve
929 256 86 22 föränd-

184 285 58 21 radt:
267 285 133 28 »derigenom
420 285 49 22 icke
487 286 8 20 i
508 285 101 22 märkbar
624 285 48 21 män
688 284 145 22 inskränkas».
863 285 48 22 Och
927 286 35 28 jag
976 287 39 27 gör

184 313 61 22 detta
259 314 28 28 pä
299 314 41 21 den
355 314 67 28 grund
436 317 33 18 att
481 314 38 28 jag
533 314 39 21 har
587 314 121 21 erfarenhet
722 314 24 21 af
760 316 33 19 att
808 322 25 13 en
847 313 56 26 dam,
919 321 43 15 som
978 322 36 14 an-

183 342 55 29 lagts
254 343 8 21 i
277 345 31 19 ett
329 342 110 26 strömfall,
454 342 48 22 icke
517 342 35 22 för
566 345 33 19 att
613 342 85 22 dämma
713 345 50 19 utan
779 342 34 21 för
827 345 33 19 att
874 342 70 22 inleda
959 346 56 18 vatt-

183 374 38 18 net
242 372 7 20 i
272 374 97 24 motorer,
386 371 39 21 och
441 371 86 21 hvilken
542 371 50 21 dam
608 371 34 21 anl
705 372 29 28 pä
748 370 69 29 grund
831 371 23 21 af
869 379 38 21 syn
922 371 40 22 och
977 379 38 13 un-

184 399 38 22 der
243 399 109 22 försäkran
368 400 22 21 af
404 400 100 21 fackmän
519 402 33 19 att
566 400 70 21 denna
666 408 34 13 dam
716 400 48 21 icke
780 399 67 22 skulle
862 400 85 21 komma
961 402 32 19 att
1007 400 8 20 i

183 428 79 21 minsta
275 429 48 20 män
338 428 49 28 höja
401 428 155 28 vattendraget,
571 428 85 22 likvisst
671 428 91 21 faktiskt
777 428 48 21 icke
841 428 54 21 blott
907 428 109 21 märkbart

183 459 51 19 utan
249 457 8 21 i
271 457 115 21 nämnvärd
400 457 52 28 grad
468 457 75 21 verkat
558 457 94 28 stigning
667 457 23 21 af
705 459 89 19 vattnet.

252 513 35 21 Hr
308 513 191 22 Wallensköld:
528 513 42 29 Jag
593 513 55 22 hade
670 513 90 22 anhällit
781 521 34 14 om
837 513 62 22 ordet
913 514 7 21 i
935 521 80 14 samma

184 541 56 29 syfte
261 549 44 14 som
327 542 58 21 Frih.
404 543 53 21 Otto
480 542 86 26 Wrede,
581 542 106 29 nämligen
702 542 35 21 för
752 545 32 18 att
798 542 128 22 understöda
941 542 36 22 det
991 542 25 21 af

183 571 35 20 Hr
239 571 54 21 Karl
316 571 107 22 Snellman
445 571 125 21 framstälda
594 571 103 28 förslaget
719 574 33 18 att
773 571 108 28 uttrycket
904 572 19 20 »i
945 571 69 28 nägon

184 600 78 21 måtto»
280 599 67 22 skulle
363 599 84 29 utbytas
463 603 56 18 emot
534 599 109 29 uttrycket
660 600 19 21 »i
695 599 99 22 märkbar
809 599 65 29 grad»
889 599 51 22 eller
950 600 65 28 något

183 631 65 18 annat
263 628 104 21 liknande.

252 685 34 21 Hr
301 685 24 21 L.
340 685 148 22 Mechelin:
517 685 43 29 Jag
578 687 22 19 är
615 685 61 22 öfver
691 685 82 22 hufvud
788 685 48 21 icke
851 686 69 27 nägon
935 685 79 22 anhän-

182 721 51 20 gare
256 713 22 22 af
299 713 158 23 rätthafveriets
472 714 132 29 ståndpunkt
617 714 40 21 och
674 714 38 21 har
726 713 74 22 derför
813 715 7 20 i
835 716 78 19 största
928 714 85 28 möjliga

182 742 52 28 grad
250 742 57 22 velat
325 742 78 22 beakta
417 743 26 21 de
459 743 52 26 skäl,
526 750 46 14 som
587 743 81 21 anförts
684 743 34 20 för
732 745 33 19 att
779 743 48 21 icke
842 738 68 58 viiva
925 743 88 28 ändring

183 771 35 21 mä
232 771 38 21 ske
293 772 7 20 i
320 771 131 29 paragrafen.
480 771 45 22 Det
540 773 23 20 är
578 772 44 27 mig
636 771 48 21 icke
699 771 67 21 heller
781 772 23 21 sä
818 771 88 21 alldeles
921 771 92 21 obekant

182 802 34 19 att
236 799 101 29 dämning
359 800 47 21 icke
427 800 46 21 helt
495 800 72 21 enkelt
587 799 71 22 bestär
673 801 7 20 i
695 799 199 22 ästadkommandet
909 800 22 21 af
945 801 68 20 större

182 828 132 29 vattenhöjd,
329 831 50 19 utan
394 831 32 19 att
440 829 74 21 dervid
531 829 7 20 i
554 829 88 20 främsta
657 831 91 18 rummet
763 830 23 19 är
801 828 61 28 fråga
873 836 34 13 om
919 831 93 18 vattnets

181 856 91 22 ledande
287 857 32 22 till
335 857 157 22 vattenverken.
521 857 53 21 Men
594 858 68 27 nägon
678 857 126 28 motsägelse
819 858 67 21 mäste
901 857 55 21 dock
970 857 42 21 fin-

182 893 38 13 nas
242 886 7 20 i
272 885 40 22 den
335 885 100 28 lokution,
453 894 44 14 som
513 886 106 28 begagnas
635 886 7 21 i
657 887 14 20 4
687 886 19 27 8,
720 889 24 25 ty
759 893 34 14 om
809 885 26 22 de
851 885 160 29 undantagsför-

178 910 131 58 dämningar
329 914 51 22 eller
402 915 133 28 regleringar,
551 922 44 14 som
611 914 39 22 här
664 914 127 28 medgifvas,
807 922 39 20 ega
861 922 45 14 rum
921 915 28 28 på
963 916 49 25 sätt,

181 950 46 14 som
249 943 48 21 icke
319 944 8 20 i
349 951 66 13 någon
438 944 67 21 måtto
527 943 125 21 inskränker
669 946 95 18 vattnets
779 943 149 26 nedrinnande,
943 943 69 21 skulle

181 971 49 21 icke
252 971 67 22 heller
341 972 67 28 någon
423 972 106 28 synnerlig
549 972 46 28 vigt
609 972 57 28 ligga
680 972 58 28 uppå
753 972 62 21 dessa
830 972 107 28 tillfälliga
951 971 60 22 dam-

180 1008 56 19 mar;
258 1000 80 22 kanske
360 1000 27 22 de
409 1000 28 22 då
457 1000 44 22 lika
522 1008 66 20 gerna
608 1000 70 22 kunna
692 1001 23 21 få
730 1008 52 14 vara
796 1001 38 21 der
849 1000 48 21 hela
911 1001 46 21 året
970 1008 41 13 om.

180 1028 44 22 Om
239 1028 28 22 de
281 1028 66 22 hafva
361 1029 40 21 den
416 1029 79 21 verkan
511 1032 33 18 att
558 1029 27 21 de
600 1030 8 20 i
624 1030 68 26 någon
707 1030 49 20 mån
767 1029 50 21 eller
832 1030 8 20 i
855 1028 98 22 märkbar
963 1029 48 21 mån

180 1056 115 22 inskränka
310 1060 93 19 vattnets
418 1058 79 28 aflopp,
512 1058 28 21 då
555 1060 24 18 är
593 1058 37 21 det
646 1058 74 28 riktigt
735 1060 33 18 att
782 1057 27 21 de
819 1057 56 21 blott
883 1057 128 29 undantags-

180 1086 33 21 vis
228 1085 53 22 böra
295 1086 23 21 få
333 1088 88 20 utsättas
437 1094 25 14 och
492 1086 64 22 äfven
572 1086 51 21 böra
638 1086 160 26 undanskaffas,
813 1086 28 22 då
855 1086 94 21 starkare
964 1089 47 18 vat-

179 1114 96 22 tenflöde
299 1114 101 29 vidtager.
429 1114 42 29 Jag
492 1115 67 21 fattar
580 1114 86 29 mycket
687 1114 35 22 väl
740 1117 33 19 att
787 1114 61 22 deras
863 1114 148 29 provisionella

179 1142 102 22 karaktär
303 1143 61 21 beror
385 1143 67 29 derpå
467 1146 32 18 att
513 1143 26 21 de
555 1143 48 21 icke
618 1143 62 21 alltid
694 1143 111 22 behöfvas.
833 1143 53 21 Men
901 1142 110 22 affattnin-

178 1178 43 22 gen
236 1172 24 20 af
274 1172 125 28 paragrafen
414 1179 61 21 synes
491 1172 44 28 mig
550 1172 55 21 dock
620 1172 102 21 innebära
736 1179 26 14 en
778 1172 131 28 motsägelse.

248 1228 57 22 Frih.
321 1236 50 14 von
388 1228 89 22 Born:
507 1228 53 22 Man
576 1229 42 21 kan
633 1229 22 27 ju
671 1228 48 22 icke
735 1231 51 19 utan
802 1228 46 21 skäl
864 1230 51 26 säga
930 1231 31 19 att
975 1236 35 14 or-

179 1256 38 21 det
234 1258 20 20 »i
269 1257 70 28 någon
356 1257 77 21 måtto»
451 1257 90 21 framför
558 1257 152 21 »inskränkas»
728 1257 95 26 innebär,
838 1264 35 14 om
887 1257 35 28 jag
937 1257 24 21 så
975 1257 35 21 får

178 1286 59 26 säga,
260 1288 31 18 ett
313 1286 104 21 öfverflöd
433 1286 24 21 af
471 1285 62 22 kraft.
564 1285 70 22 Ordet
658 1285 152 21 >»inskränkas»
828 1285 67 21 borde
911 1286 19 20 ju
946 1286 6 20 i
968 1286 41 20 och

178 1313 36 21 för
235 1314 33 27 sig
287 1322 50 13 vara
353 1314 128 28 tillräckligt.
510 1314 43 28 Jag
568 1322 62 13 anser
646 1315 42 26 mig
701 1314 49 21 icke
766 1314 93 21 behöfva
875 1289 134 57 ondanhålla,

178 1344 33 19 att
226 1341 38 22 det
278 1345 15 18 t.
307 1350 20 13 o.
341 1350 27 13 m.
383 1343 7 20 i
405 1342 114 22 Utskottet
541 1343 56 20 varit
614 1342 62 28 fråga
691 1350 41 18 om,
747 1342 106 21 huruvida
868 1341 58 22 detta
941 1342 68 21 kraft-

178 1369 39 22 ord
235 1371 19 20 vi
270 1371 70 28 någon
353 1371 80 21 måtto»
450 1371 69 21 skulle
535 1371 117 21 bibehållas
668 1371 52 21 eller
735 1371 55 21 icke.
814 1371 63 20 Dock
888 1370 37 21 har
935 1370 73 21 derom

177 1398 49 21 icke
250 1399 70 28 nägon
343 1400 132 27 omröstning
494 1402 36 25 egt
545 1407 55 14 rum:
617 1399 113 22 Utskottet
745 1399 39 21 har
798 1401 60 19 enats
874 1406 40 19 om,
929 1401 32 19 att
975 1401 35 18 ut-

178 1427 86 28 trycket
285 1428 38 21 här
346 1428 41 21 kan
409 1428 104 21 behöfvas
529 1427 70 22 såsom
615 1428 153 27 förstärkning,
783 1431 23 24 ty
821 1435 49 14 man
886 1427 38 22 har
939 1427 70 28 utgått

177 1455 48 22 frän
252 1456 42 21 den
317 1457 172 28 uppfattningen,
507 1460 32 17 att
555 1457 5 20 i
576 1456 78 28 sjelfva
670 1457 76 20 verket
762 1457 55 20 1889
833 1456 34 21 ärs
882 1455 126 28 förordning

176 1484 75 21 blifvit
273 1486 6 19 i
306 1485 71 28 någon
399 1486 49 20 män
472 1485 82 21 mindre
577 1485 35 20 väl
634 1485 89 26 brukad,
746 1485 41 21 och
802 1485 91 21 framför
907 1485 30 20 alt
953 1485 57 20 1868

176 1512 35 22 års
236 1513 272 28 vattenverksförfattning
531 1513 75 22 likaså.
640 1513 46 22 När
701 1513 37 21 det
753 1513 66 28 gäller
838 1516 32 18 att
885 1513 22 21 få
923 1513 42 21 slut
980 1512 30 29 pä
