1081 1789
212 126 42 20 476
461 133 25 17 R.
499 137 17 12 o.
529 133 26 17 A.
568 133 61 18 1900.
655 133 14 18 8
680 133 50 21 Maj.

183 200 71 27 gerier
276 199 35 22 för
335 200 140 29 tillverkning
497 201 23 21 af
542 201 145 29 maltdrycker
709 201 138 22 tillerkännes
863 201 101 28 rättighet
980 203 32 19 att

183 228 88 29 försälja
296 229 31 21 till
353 229 134 28 afhemtning
506 229 48 22 från
582 230 121 29 bryggeriet
726 229 150 29 maltdrycker.
905 230 41 21 Att
961 231 51 20 nui

184 264 80 14 samma
286 257 110 29 andedrag
418 258 86 21 anhålla
527 266 33 13 om
584 259 125 28 förändring
724 259 24 21 af
763 258 42 21 den
821 258 126 29 förordning
962 266 50 13 man

182 286 44 27 just
248 287 82 27 antagit
352 294 64 21 synes
432 288 44 27 mig
492 287 47 22 icke
556 295 51 14 vara
622 288 103 28 lämpligt.
755 287 32 22 Pä
801 287 70 28 grund
887 287 24 21 af
925 287 38 21 det
978 288 35 27 jag

184 314 46 21 haft
252 316 50 19 äran
326 316 74 21 anföra
423 315 41 22 och
481 316 79 29 jemväl
577 316 27 29 pä
619 316 27 21 de
662 316 23 21 af
700 316 34 21 Hr
749 316 94 28 Ramsay
859 315 90 22 anförda
965 295 47 42 skäl

183 343 96 21 anhåller
300 344 36 28 jag
358 347 32 18 att
411 344 23 21 få
459 345 83 21 biträda
557 345 38 21 det
607 345 23 21 af
645 345 78 21 honom
739 344 74 29 gjorda
828 344 111 29 yrkandet.
969 344 45 28 Jag

183 375 60 24 tager
263 371 34 21 för
316 372 76 28 gifvet,
407 376 32 18 att
454 373 33 21 Hr
503 373 96 28 Ramsay
613 373 66 22 afsett
695 373 27 22 de
738 373 189 28 petitionsförslag,
943 380 46 14 som
1005 374 7 19 i

182 400 224 23 Ekonomiutskottets
422 402 136 21 betänkande
569 402 42 21 N:o
627 403 13 21 8
656 402 133 25 behandlats,
801 401 40 22 och
857 401 47 22 icke
920 401 37 22 det
967 409 48 14 mo-

182 429 144 29 tionsförslag,
341 437 45 14 som
402 430 226 22 Ekonomiutskottets
645 431 134 21 betänkande
795 430 42 21 N:o
853 431 13 21 8
882 430 73 28 gäller.

252 486 34 21 Hr
308 487 56 22 Edv.
386 487 242 29 Björkenheim:
659 488 34 21 De
716 489 73 26 motiv,
804 488 34 21 Hr
861 495 42 14 von
925 487 88 28 Wright

183 515 123 27 framhållit,
330 516 86 21 förfalla
442 517 67 28 enligt
533 518 43 20 min
599 517 65 21 tanke
679 517 24 21 af
718 518 33 27 sig
766 517 83 28 sjelfva,
866 519 38 18 när
919 516 34 21 Hr
968 523 43 14 von

183 543 87 29 Wright
293 545 49 28 sjelf
365 545 127 28 medgifver,
515 549 31 18 att
561 546 41 21 alla
618 546 27 21 de
661 546 152 26 erfarenheter,
827 545 74 22 hvilka
917 546 95 20 omnäm-

183 575 38 18 nås
245 573 6 20 i
274 573 42 21 den
339 573 115 22 skrifvelse
477 574 40 21 han
541 575 92 28 uppläst,
653 575 82 20 grunda
755 575 33 27 sig
803 574 28 29 på
846 582 26 13 en
889 574 122 21 kommunal

183 601 138 27 förbudsrätt,
342 602 87 22 hvilken
446 603 76 22 endast
544 605 24 19 är
585 588 90 48 partiell.
705 603 103 22 Tvärtom
824 605 37 19 äro
873 603 42 21 alla
930 604 82 20 vänner

184 629 23 22 af
222 630 123 22 kommunal
360 631 127 28 förbudslag
510 633 5 20 i
539 632 58 21 detta
614 632 48 21 land
679 639 51 14 ense
746 640 40 18 om,
802 635 31 18 att
853 633 21 20 vi
894 631 117 28 ingalunda

183 666 51 13 vore
250 659 80 28 hjelpta
346 660 48 21 med
410 668 26 13 en
453 661 41 28 lag,
510 661 86 21 hvilken
613 661 54 21 blott
683 661 101 21 omfattar
799 663 31 18 ett
843 660 51 21 eller
917 668 23 13 par
951 660 22 21 af
983 660 29 21 de

183 687 77 30 många
282 688 46 28 slag
351 689 23 20 af
394 689 135 29 rusdrycker,
547 697 46 14 som
609 689 73 22 finnas.
712 689 43 22 Vis
771 691 12 19 a
799 690 32 21 vis
848 689 34 21 Hr
908 689 102 21 Lindelöfs

183 716 138 29 formulering
344 717 31 21 till
399 717 56 22 kläm
479 718 41 21 kan
543 719 36 28 jag
601 718 48 21 icke
671 718 112 21 underlåta
801 721 32 18 att
847 717 117 26 framhålla,
979 720 32 19 att

184 745 126 28 visserligen
334 745 26 22 de
384 746 131 27 kommuner,
531 747 38 21 der
592 747 125 28 bryggerier
738 747 35 21 för
787 746 133 22 närvarande
936 746 77 27 finnas,

183 773 123 28 derigenom
331 775 71 21 blefve
424 775 87 29 hjelpta,
532 783 48 14 men
603 775 27 22 de
645 775 62 22 torde
723 783 43 21 nog
781 775 57 22 ändå
854 775 71 21 kunna
942 774 68 21 blifva

183 802 86 29 hjelpta,
291 805 23 26 ty
330 804 5 20 i
352 803 40 22 och
409 804 47 21 med
473 804 118 21 detsamma
606 805 128 27 rättigheten
758 807 31 18 att
804 804 91 28 anlägga
911 804 98 28 bryggeri

184 831 40 20 blir
247 831 107 22 beroende
378 833 23 20 af
423 833 140 22 kommunens
585 833 104 27 tillständ,
711 833 40 21 blir
773 833 82 21 inlösen
879 832 23 21 af
921 832 27 21 de
964 832 46 21 smä

183 859 151 29 bryggerierna
351 861 27 28 pä
394 861 73 21 landet
475 863 63 26 ingen
549 862 124 28 omöjlighet
681 862 34 21 för
724 863 135 20 kommunen.
878 861 49 21 Och
943 861 67 28 enligt

182 888 58 21 hvad
256 889 36 28 jag
306 889 39 21 har
360 891 43 26 mig
419 890 85 26 bekant,
523 891 69 20 skulle
608 891 59 20 detta
683 891 129 20 ätminstone
828 890 28 29 pä
871 890 89 27 somliga
976 897 35 14 or-

183 921 33 17 ter
231 917 35 21 för
282 918 60 27 länge
358 918 66 21 sedan
440 919 64 27 skett,
519 927 34 13 om
570 919 152 22 kommunerna
739 919 55 21 blott
809 918 54 22 hade
879 919 56 20 varit
947 918 63 21 säkra

183 945 33 28 pä,
239 949 32 18 att
290 950 30 17 ett
335 950 47 25 nytt
398 947 99 28 bryggeri
513 948 47 21 icke
577 948 82 21 kunnat
674 947 85 29 uppstä.
788 947 34 21 Hr
837 947 113 21 Lindelöfs
965 947 45 21 för-

183 974 46 28 slag
244 975 54 20 lider
313 975 23 21 af
351 975 42 22 den
409 976 59 26 brist,
483 979 31 18 att
529 978 36 19 det
579 977 48 21 icke
643 977 197 27 uppmärksammar
848 975 37 22 det
897 977 50 20 nära
957 983 53 14 sam-

184 1003 79 21 bandet
286 1004 88 21 emellan
398 1005 75 21 staden
490 1005 39 21 och
546 1005 79 21 landet.
657 985 28 42 Vi
701 1007 37 19 äro
753 1005 48 21 icke
817 1005 80 28 hjelpta
913 1004 48 21 med
977 1007 32 18 att

183 1031 147 29 landsbygden
354 1035 24 19 är
399 1033 106 29 rensopad
529 1033 47 22 från
600 1034 129 28 bryggerier,
751 1033 148 28 försäljnings-
918 1033 41 21 och
973 1036 35 18 ut-

182 1061 216 28 skänkningsställen,
423 1065 51 18 utan
497 1063 20 20 vi
542 1062 67 21 måste
632 1063 65 20 tänka
717 1063 28 28 på
760 1062 27 21 de
803 1062 93 27 mäktiga
912 1061 96 26 rörelser,

182 1097 46 13 som
247 1089 97 29 uppstått
363 1091 6 20 i
386 1091 99 21 städerna
501 1091 40 21 och
556 1091 65 21 tänka
637 1091 28 28 på
680 1094 32 18 att
733 1091 65 21 äfven
814 1091 35 20 för
863 1090 64 21 dessa
942 1089 66 23 hafva

183 1120 30 18 ett
235 1118 53 28 godt
311 1118 44 22 ord.
386 1118 124 22 Ohämnadt
530 1120 42 20 kan
595 1120 32 20 till
650 1119 48 22 dem
723 1120 18 27 ej
765 1119 77 21 samlas
858 1118 35 26 alt,
909 1118 37 22 det
959 1126 49 14 man

182 1146 48 21 från
252 1146 147 29 landsbygden
424 1148 37 21 vill
484 1156 63 13 rensa
571 1148 52 21 bort.
652 1148 43 21 Till
711 1147 100 22 städerna
826 1147 28 28 gå
869 1147 52 21 våra
936 1147 72 21 lands-

184 1174 96 28 bygdens
304 1177 63 19 söner
386 1176 34 21 för
442 1179 31 18 att
495 1177 53 21 söka
571 1176 178 29 arbetsförtjenst,
765 1176 40 22 och
821 1176 38 21 det
874 1177 23 19 är
911 1176 39 20 der
966 1176 43 20 lika

182 1204 79 27 vigtigt
284 1208 31 17 att
338 1204 98 28 borttaga
459 1205 138 21 öfvermåttet
619 1205 24 21 af
664 1205 111 21 frestelser
799 1212 45 14 som
861 1204 103 28 någonsin
981 1204 28 29 på

182 1232 129 22 landsorten.

251 1260 66 22 Hvad
341 1261 34 21 Hr
398 1262 161 22 Wallenskölds
581 1262 100 28 yttrande
703 1262 106 26 beträffar,
833 1262 37 21 ber
884 1262 35 28 jag
934 1261 21 21 få
972 1262 38 28 på-

182 1289 62 28 peka,
259 1292 31 18 att
305 1290 38 21 här
359 1290 47 22 icke
422 1292 23 20 är
460 1290 61 28 fråga
536 1298 34 14 om
586 1290 85 28 förbud,
689 1294 50 18 utan
756 1298 34 14 om
806 1292 43 19 rätt
863 1290 35 21 för
913 1290 97 21 kommu-

182 1325 66 14 nerna
270 1321 31 18 att
323 1319 55 21 fatta
402 1319 69 21 beslut
485 1319 112 29 angående
613 1319 84 21 förbud.
727 1320 44 21 Om
787 1327 48 13 man
851 1318 111 26 vidhåller,
977 1322 33 18 att

182 1346 331 29 stadsfullmäktiginstitutionen
529 1350 24 19 är
567 1351 32 18 ett
614 1348 85 28 uttryck
715 1348 34 21 för
765 1348 26 21 de
809 1348 138 27 stämningar,
963 1354 45 14 som

182 1376 47 20 röra
252 1376 33 27 sig
306 1376 58 21 inom
388 1376 134 28 kommunen,
545 1376 25 22 så
591 1376 80 22 förstår
684 1378 37 27 jag
735 1376 48 22 icke
799 1376 42 22 den
857 1376 87 21 fruktan
960 1383 50 14 man

181 1403 65 29 hyser
268 1407 32 18 att
325 1404 23 22 åt
366 1404 71 22 denna
457 1406 120 20 institution
599 1406 70 20 lemna
684 1405 130 28 afgörandet
829 1404 23 22 af
867 1404 145 22 förevarande

182 1432 79 28 frågor.
290 1432 50 29 Nog
362 1434 62 21 torde
444 1433 38 22 det
499 1434 65 21 räcka
585 1434 107 28 åtskilliga
708 1434 30 26 år,
753 1434 65 21 innan
834 1435 21 19 af
871 1433 141 28 Helsingfors

181 1462 28 20 48
224 1461 196 29 stadsfullmäktige
436 1462 73 22 halfva
524 1462 80 22 antalet
620 1462 102 22 omfattar
737 1470 26 14 en
779 1462 62 28 åsigt,
851 1462 88 21 hvilken
950 1462 60 21 kom-

182 1496 44 14 mer
241 1492 32 19 att
288 1490 38 21 här
340 1492 52 26 göra
408 1491 145 28 utskänkning
569 1491 40 21 och
625 1492 128 27 försäljning
768 1491 23 21 af
806 1491 19 21 öl
841 1490 92 28 omöjlig.
957 1490 54 21 Men

181 1518 85 28 princip
292 1520 23 20 är
338 1520 89 28 princip,
450 1519 41 22 och
513 1519 40 22 den
569 1520 67 21 borde
652 1520 113 21 erkännas.
794 1519 67 22 Hvad
877 1520 133 27 agitationen
