1086 1795
209 133 42 21 826
451 140 25 18 R.
490 145 17 13 o.
519 141 25 17 A.
557 141 62 17 1900.
643 141 27 17 23
682 141 49 21 Maj.

400 231 151 29 Vintersjöfart
566 232 63 23 öfver
643 232 143 28 vintervägar.

250 288 58 22 Från
329 288 119 30 gårdagens
464 290 86 28 plenum
565 289 56 23 hade
638 290 110 28 bordlagts
764 290 41 22 och
821 290 95 28 företogs
932 298 28 13 nu
976 290 32 22 till

181 316 91 29 förnyad
289 317 129 29 behandling

253 374 113 22 Allmänna
388 374 209 23 Besvärsutskottets
622 376 107 21 beroende
753 375 98 23 lemnade
874 375 134 22 betänkande

182 401 42 22 N:o
241 404 12 20 7
269 403 7 20 i
291 402 115 30 anledning
420 404 24 21 af
458 406 32 19 ett
504 404 6 21 i
526 404 165 22 Bondeståndet
701 405 66 21 väckt
793 404 169 28 petitionsförslag
974 412 33 14 om

182 430 111 22 ordnande
307 439 77 20 genom
400 432 35 28 lag
450 432 23 21 af
488 433 146 28 vintersjöfart
649 434 7 20 i
671 433 76 27 farled,
759 435 63 19 öfver
831 433 87 21 hvilken
930 434 78 20 vinter-

181 460 43 27 väg
238 461 25 19 är
276 459 83 29 anlagd.

251 517 35 21 Hr
305 517 186 23 Svinhufvud
507 518 98 22 anmälde
621 519 33 28 sig
669 518 56 22 först
739 518 32 22 till
784 518 62 21 ordet
861 518 40 22 och
915 518 93 29 yttrade:

183 545 112 29 Pyytäisin
310 546 65 21 saada
386 547 116 21 kannattaa
513 547 138 29 Vapaaherra
659 554 43 15 von
711 547 82 22 Bornin
802 547 112 21 ehdotusta
923 548 86 21 asiassa.

182 574 36 21 On
242 575 119 21 mielestäni
382 576 63 21 aivan
468 576 220 27 oikeudenmukaista,
712 577 45 20 että
778 575 66 22 valtio
860 579 59 18 ottaa
933 576 77 21 suorit-

182 603 103 22 taakseen
296 604 128 21 suurimman
436 611 51 15 osan
499 605 50 21 niitä
561 604 223 29 kustannuksia,
731 599 53 38 joita
795 604 147 22 talviliikenne
952 607 58 18 tuot-

184 634 35 19 taa
241 639 39 14 sen
304 632 78 27 kautta,
401 635 45 19 että
460 633 92 22 talvitiet
567 633 105 22 rikotaan.
702 633 93 22 Samalla
811 633 68 22 lienee
895 635 59 26 myös
970 633 40 22 eri-

182 661 75 27 tyinen
277 661 91 22 kehotus
384 661 121 22 lausuttava
520 661 69 22 siihen
605 665 113 24 suuntaan,
733 663 44 20 että
792 661 87 22 hallitus
893 662 117 21 suorittaisi

182 696 137 15 suuremman
334 690 107 28 apurahan
458 691 50 20 kuin
524 691 72 21 minkä
612 698 23 14 se
646 691 65 21 tähän
722 691 41 21 asti
774 698 28 14 on
813 691 108 28 tarjonnut
930 703 26 3 —
965 692 44 19 että

183 717 95 29 apuraha
298 725 28 14 on
345 719 53 21 ollut
419 720 70 21 varsin
506 719 87 27 niukka,
608 719 81 22 selviää
705 720 55 25 siitä,
776 721 45 19 että
836 726 33 19 ne,
883 719 57 28 joille
955 726 55 21 apua

182 753 28 14 on
226 747 94 28 tarjottu,
336 748 58 21 eivät
409 747 33 22 ole
458 749 87 20 voineet
559 751 60 18 ottaa
634 749 41 20 sitä
686 751 90 18 vastaan
786 748 117 27 tarjotuilla
913 747 97 22 ehdoilla.

183 774 109 22 Sellainen
315 775 98 27 kehotus,
435 776 51 22 kuin
509 776 72 22 minkä
604 776 139 28 Vapaaherra
759 783 42 14 von
817 776 59 21 Born
892 784 27 13 on
935 776 75 21 ehdot-

183 805 68 25 tanut,
266 804 69 21 lienee
351 805 36 21 siis
403 805 62 21 aivan
482 804 127 30 paikallaan.

251 860 35 23 Hr
309 861 205 23 Wallensköld:
545 862 35 21 Då
601 862 39 22 det
661 864 23 19 är
703 864 32 19 att
757 864 79 26 antaga
857 864 32 19 att
903 863 7 19 i
924 861 27 22 de
967 861 44 26 fall,

182 896 46 14 som
245 890 72 21 kunna
332 890 160 28 ifrägakomma,
506 890 137 29 Regeringen
660 890 48 22 icke
723 890 56 21 skall
794 890 112 21 underläta
921 893 31 18 att
962 890 48 21 med

182 917 107 22 allmänna
312 918 69 22 medel
405 919 87 28 bidraga
510 919 32 21 till
561 919 123 28 byggandet
703 919 41 22 och
759 918 136 22 underhållet
910 918 24 22 af
949 919 62 21 broar

182 946 63 21 öfver
265 947 27 21 de
314 949 84 25 rännor,
420 953 46 16 som
482 947 177 28 vinterängarene
677 950 58 26 göra,
754 955 58 14 anser
829 948 42 27 jag,
886 950 31 18 att
932 955 26 13 en
974 955 38 13 an-

181 974 79 27 hällan,
283 975 66 22 sådan
368 983 46 14 som
434 976 42 21 den
494 976 57 22 Frih.
567 983 42 14 von
625 977 59 21 Born
700 976 118 28 föreslagit,
834 977 48 20 icke
897 977 24 20 är
935 975 24 22 af
974 975 37 22 be-

181 1003 78 22 hofvet
273 1004 106 28 päkallad,
394 1005 41 21 och
451 1005 35 21 fär
499 1005 36 28 jag
549 1005 74 21 derför
637 1007 101 20 motsätta
753 1005 29 21 mig
812 1004 59 22 Frih.
886 1011 42 15 von
938 1004 70 21 Borns

181 1031 83 30 förslag
283 1036 54 18 samt
351 1033 69 22 tillika
435 1033 84 22 anhälla
534 1036 31 19 att
580 1033 93 22 Ständet
688 1033 51 22 ville
753 1033 117 28 godkänna
885 1033 122 22 Utskottets

181 1060 57 22 kläm
255 1061 66 22 sädan
338 1061 41 22 den
394 1061 39 22 här
447 1062 120 28 föreligger.

251 1118 34 22 Hr
307 1119 56 21 Emil
385 1119 26 21 af
432 1119 158 22 Hällström:
620 1119 97 21 Minusta
739 1121 84 25 tuntuu,
843 1120 44 20 että
902 1118 106 22 edellinen

180 1147 86 21 arvoisa
285 1147 79 29 puhuja
383 1148 19 21 ei
417 1147 57 22 tiedä
489 1148 139 21 minkälaisen
643 1147 103 22 kohtalon
762 1147 94 22 alaisena
871 1149 57 19 tämä
942 1147 64 28 kysy-

180 1183 46 14 mys
251 1183 28 14 on
301 1176 59 26 ollut,
377 1184 23 13 se
417 1176 42 21 kun
475 1176 141 29 äänestyksen
632 1178 74 20 kautta
722 1183 27 14 on
765 1175 124 22 Senaatissa
903 1175 105 22 ratkaistu

182 1204 48 21 sillä
252 1205 86 25 tavalla,
360 1207 44 19 että
426 1208 117 18 muutamat
562 1205 87 26 kunnat,
664 1205 61 28 jotka
741 1205 100 20 enimmin
858 1204 95 21 kärsivät
967 1204 41 21 iki-

180 1233 95 21 vanhain
298 1233 100 22 laillisten
421 1233 154 22 talviteittensä
593 1233 158 26 rikkomisesta,
766 1233 58 21 eivät
839 1234 36 20 voi
891 1235 57 19 ottaa
965 1235 43 19 tar-

179 1261 70 28 jottua
270 1261 108 29 apurahaa
400 1267 88 16 vastaan
510 1262 86 21 eivätkä
618 1263 57 27 pitää
698 1262 94 21 teitänsä
807 1262 114 21 kunnossa.
950 1261 58 21 Näin

180 1289 57 22 ollen
256 1290 22 28 ja
299 1290 89 22 katsoen
404 1291 66 21 niihin
486 1291 116 21 omituisiin
618 1290 87 27 oloihin,
720 1290 61 29 jotka
796 1291 127 20 saaristossa
937 1289 71 22 vallit-

179 1321 69 24 sevat,
271 1318 52 22 sekä
346 1319 57 22 vielä
424 1319 157 26 huomauttaen,
602 1321 43 20 että
665 1319 141 22 tiekomitean
827 1318 91 22 ehdotus
934 1325 74 14 menee

179 1353 89 43 Sanda
284 1350 112 24 suuntaan,
411 1348 106 28 pyytäisin
533 1347 116 22 kannattaa
665 1346 142 30 Vapaaherra
822 1354 43 14 von
879 1346 81 22 Bornin
971 1346 36 22 eh-

194 1378 79 19 otusta.

249 1432 35 22 Hr
299 1433 73 28 Georg
388 1433 152 22 Schauman:
569 1432 43 29 Jag
626 1436 45 19 tror
686 1434 44 27 mig
745 1434 94 21 tvärtom
855 1435 54 23 veta,
924 1435 32 19 att
971 1432 37 22 det

178 1462 24 20 är
222 1460 43 23 den
284 1464 85 19 senaste
388 1461 65 22 ärade
467 1462 87 26 talaren,
569 1469 45 14 som
629 1462 55 28 tagit
699 1462 70 21 miste.
799 1460 94 23 Senaten
907 1460 38 22 har
959 1460 49 22 icke

179 1489 70 22 under
271 1491 85 20 vintern
380 1491 55 21 1899
458 1490 56 21 efter
536 1491 133 27 omröstning
690 1489 121 22 resolverat
832 1492 32 19 att
879 1489 41 22 den
935 1489 73 21 funnit

178 1517 54 28 godt
256 1518 78 29 bevilja
356 1519 80 28 nödiga
458 1519 74 28 anslag
553 1519 36 21 för
604 1519 97 21 broarna.
731 1518 68 21 Detta
814 1517 104 22 Senatens
935 1517 71 29 utslag
