1084 1750
203 127 41 21 574
447 133 24 16 R.
486 137 17 12 o.
516 132 25 16 A.
555 132 62 17 1900.
641 132 24 16 16
677 131 50 21 Maj.

175 200 155 22 ehdotuksesta.
359 200 44 22 Voi
418 201 42 21 olla
476 200 61 29 hyvä,
554 202 44 20 että
612 200 132 22 Valiokunta
759 200 45 21 sillä
820 199 58 21 lailla
893 207 25 13 on
945 207 56 13 perus-

174 229 113 21 teluihinsa
301 232 80 26 pannut
395 232 50 19 tuon
461 229 152 26 määritelmän,
629 232 65 18 mutta
710 228 118 22 mielestäni
838 236 22 13 se
871 228 46 21 olisi
935 228 66 21 lakiin-

176 258 36 20 kin
227 261 94 18 otettava
336 259 20 27 ja
371 259 65 27 sopisi
452 266 78 20 sangen
545 258 64 28 hyvin
626 258 61 21 tähän
719 257 97 26 paikkaan,
832 258 122 20 ensimäisen
969 258 33 26 8:n

174 287 80 21 toiseen
278 288 136 25 momenttiin,
436 288 56 27 jossa
514 286 135 22 lueteltaisiin
673 286 74 21 kaikki
765 294 25 12 ne
806 286 131 28 vuokralajit,
951 286 52 28 joita

175 317 57 19 tämä
247 315 44 21 laki
305 315 84 22 koskee.

245 372 34 21 Hr
299 372 26 21 G.
348 372 17 22 I.
388 372 133 22 Bläfield:
552 372 53 21 Med
626 372 40 21 den
689 375 83 18 senaste
792 372 63 21 ärade
870 372 78 21 talaren
965 372 38 21 ber

175 402 36 27 jag
227 400 22 22 få
263 401 71 21 förena
351 403 42 26 mig
408 401 108 28 angående
533 401 150 28 lämpligheten
698 404 33 18 att
746 401 7 21 i
769 400 69 22 denna
854 402 10 19 1
882 402 12 26 $
909 400 93 28 tydligen

176 430 97 27 angifves
287 430 57 20 hvad
359 430 55 27 slags
430 430 52 21 aftal
498 437 34 14 om
548 430 47 27 jord
610 430 69 21 denna
694 429 123 28 förordning
832 431 93 19 närmast
942 429 61 21 afser.

176 458 68 21 Detta
259 458 97 28 syftemäl
372 459 104 27 framgick
492 458 63 21 äfven
571 458 69 21 fastän
656 459 7 20 i
678 465 68 14 annan
762 458 54 21 form
832 465 24 14 ur
870 457 35 22 Hr
915 457 88 22 Brakels

176 487 105 28 yttrande.
309 487 42 28 Jag
373 487 37 21 ber
431 487 23 20 fä
475 487 130 21 understöda
629 487 58 21 Frih.
709 486 186 29 Yrjö-Koskinens
920 486 83 28 förslag.

246 543 35 21 Hr
296 543 65 22 Adolf
377 544 125 21 Aminoff:
526 543 12 22 I
553 543 101 22 händelse
669 544 37 21 det
720 543 126 29 Höglofliga
858 543 89 22 Ständet
957 543 47 22 icke

177 572 69 22 skulle
268 572 82 22 besluta
365 573 32 28 sig
412 573 34 21 för
460 575 33 19 att
507 572 115 22 inskränka
637 573 70 21 denna
722 573 35 27 lag
772 573 32 21 till
821 573 37 21 det
872 572 75 29 tränga
961 579 44 14 om-

178 601 57 26 räde,
249 601 33 21 till
297 601 82 22 hvilket
393 602 40 21 den
449 602 7 21 i
471 602 157 28 propositionen
645 602 71 21 blifvit
730 601 125 29 begränsad,
865 601 23 21 sä
898 601 107 21 förefaller

178 630 37 21 det
230 637 43 14 som
289 638 34 13 om
338 630 72 28 hvarje
426 630 111 22 definition
554 630 23 21 af
592 630 116 29 begreppet
722 633 50 26 torp
787 630 67 21 skulle
870 638 51 14 vara
936 630 68 21 öfver-

178 658 74 28 flödig.
281 658 48 22 Och
352 659 37 21 det
410 659 60 21 torde
490 660 18 27 ej
525 667 51 13 vara
592 659 44 27 lätt,
651 667 33 13 om
701 666 35 14 ens
752 659 89 28 möjligt,
856 662 32 18 att
903 658 102 22 definiera

178 687 60 21 detta
260 687 103 29 begrepp;
385 688 125 21 åtminstone
533 688 38 21 har
593 696 48 13 man
660 688 47 21 icke
725 688 57 20 inom
798 688 114 21 Utskottet
927 688 79 21 kunnat

179 723 40 13 ena
234 716 33 28 sig
281 724 34 13 om
330 716 68 28 nägon
413 716 55 22 enda
482 716 119 26 definition,
617 724 44 14 som
672 716 66 21 skulle
752 716 145 21 uttömmande
908 716 97 26 förklara,

179 744 57 22 hvad
259 744 48 22 med
329 748 47 26 torp
398 746 52 20 skall
470 745 83 21 förstås.
583 745 82 28 Hvarje
680 745 110 21 definition
807 752 61 21 synes
884 745 43 27 mig
942 744 63 22 äfven

179 773 71 21 kunna
264 773 109 25 undvikas,
396 782 32 12 om
450 782 46 13 man
517 774 71 28 gifver
605 774 137 28 lagförslaget
757 774 41 20 den
814 774 132 27 omfattning,
961 781 44 13 som

179 802 38 21 det
233 802 84 21 erhällit
335 803 3 20 i
353 802 123 22 Utskottets
492 802 139 22 betänkande.
652 802 42 28 Jag
703 802 80 21 tilläter
793 803 43 27 mig
846 802 73 21 derför
929 802 77 21 föreslä

179 833 32 18 att
234 830 38 22 det
294 830 124 28 Höglofliga
433 830 96 28 Ständet,
545 832 63 20 innan
625 839 47 13 man
688 830 38 28 går
740 831 74 21 vidare
830 832 7 20 i
852 830 153 29 behandlingen

179 858 23 22 af
223 859 68 27 lagen,
311 860 49 20 ville
379 860 79 28 afgöra,
474 860 103 21 huruvida
593 860 60 28 lagen
669 860 53 20 skall
738 860 65 21 hafva
818 860 40 20 den
873 859 133 29 omfattning,

179 895 45 13 som
241 888 122 21 Utskottets
378 888 134 22 betänkande
528 888 37 22 vid
581 888 82 21 handen
678 888 74 28 gifver.
782 888 74 22 Skulle
870 888 60 21 detta
940 888 67 21 blifva

179 916 66 26 fallet,
267 916 108 21 förefaller
397 917 37 21 det
455 918 43 26 mig
518 917 140 28 öfverflödigt
679 920 32 18 att
732 916 67 22 inläta
821 917 32 28 sig
874 918 7 20 i
896 916 38 22 det
946 916 61 22 svära

179 944 148 29 konststycket
341 948 33 18 att
388 945 104 22 definiera
506 946 118 28 begreppet
641 948 79 26 »torp».

249 1002 58 21 Frih.
323 1002 26 21 G.
364 1002 22 22 Z.
402 1002 221 29 Yrjö-Koskinen:
653 1002 88 22 Tahdon
757 1003 122 21 ainoastaan
897 1002 109 22 huomaut-

179 1034 42 23 taa,
242 1034 58 18 etten
323 1031 32 21 ole
377 1032 96 20 vaatinut
491 1033 72 19 tämän
585 1032 41 20 lain
647 1032 147 27 rajoittamista
809 1032 197 28 supistuneempaan

179 1060 71 28 piiriin
275 1060 48 20 kuin
347 1060 51 20 mitä
419 1060 132 21 Valiokunta
565 1068 26 13 on
608 1060 129 21 ehdottanut.
766 1059 73 21 Mutta
854 1060 49 21 siltä
918 1060 89 21 voidaan

180 1088 146 21 ensimäisessä
341 1088 54 28 &:ssä
408 1089 21 27 jo
444 1088 44 22 heti
504 1089 104 21 ilmoittaa
623 1096 26 13 ne
665 1089 29 21 eri
710 1088 156 28 vuokrauslajit,
876 1088 65 28 joihin
951 1090 57 20 tämä

180 1116 43 22 laki
251 1116 88 22 ulottuu.
372 1116 71 22 Herra
467 1117 121 21 Aminoffin
612 1117 98 27 ilmoitus,
735 1119 44 19 että
803 1120 75 26 torpan
904 1117 103 21 käsitteen

180 1145 189 21 määritteleminen
391 1146 47 20 olisi
456 1146 62 21 aivan
534 1146 121 27 mahdoton,
670 1154 26 13 on
711 1146 92 21 selvässä
821 1146 134 20 ristiriidassa
971 1153 35 14 sen

180 1174 82 26 kanssa,
285 1175 51 20 mitä
359 1174 130 22 Valiokunta
511 1175 40 21 itse
574 1176 26 19 14
623 1175 75 21 sivulla
712 1175 78 26 lausuu,
806 1175 55 28 jossa
876 1175 131 28 päinvastoin

179 1203 129 20 semmoinen
331 1203 131 21 määritelmä
481 1204 120 25 mainitaan,
623 1204 21 27 ja
659 1204 112 21 mainitaan
788 1205 60 26 myös
863 1203 145 21 määritelmän

180 1231 75 21 eduksi
273 1239 29 19 se,
317 1233 44 19 että
376 1239 22 13 se
413 1235 81 18 erottaa
510 1233 45 26 pois
570 1232 58 21 esim.
645 1232 169 28 kalastustorpat,
828 1231 60 29 jotka
903 1233 56 20 eivät
974 1233 34 20 voi

179 1263 75 25 torpan
276 1261 141 20 varsinaiseen
438 1260 128 21 käsitteesen
583 1261 82 21 kuulua.
694 1261 88 20 Muuten
798 1260 85 29 pyydän
899 1260 109 22 huomaut-

179 1291 42 23 taa,
243 1290 44 19 että
309 1290 57 20 tässä
387 1289 63 21 laissa
464 1289 137 21 muutamissa
616 1289 107 28 paikoissa
738 1290 114 20 mainitaan
872 1292 99 25 »torppa»
988 1290 21 27 ja

179 1317 68 21 toisen
271 1317 33 27 &:n
325 1316 146 22 kolmannessa
487 1317 106 21 kohdassa
607 1317 73 29 löytyy
695 1318 63 22 lause,
772 1318 56 28 jossa
844 1318 90 28 esiintyy
949 1320 61 18 sanat

183 1348 102 26 »torppaa
307 1345 179 22 vuokrattaessa».
515 1346 62 21 Minä
597 1346 56 28 kyllä
669 1346 45 21 olen
730 1346 135 26 huomannut,
881 1348 43 19 että
940 1346 69 20 Herra

180 1373 99 21 Aminoff
301 1381 26 13 on
350 1374 144 22 vastalauseen
517 1374 94 28 tekijänä
632 1375 21 27 ja
675 1374 86 22 tahtoisi
776 1374 163 29 poistettavaksi
954 1374 55 21 koko

179 1404 72 19 tämän
274 1403 127 26 momentin;
423 1406 69 18 mutta
514 1410 22 14 se
558 1404 19 20 ei
597 1405 45 19 estä
657 1404 71 20 minua
742 1404 103 20 olemasta
859 1404 64 20 toista
938 1403 72 21 mieltä

179 1430 92 22 siinäkin
286 1430 90 22 kohden.

249 1487 58 21 Frih.
330 1488 25 20 R.
373 1488 27 20 A.
418 1488 104 22 Wrede:
552 1488 44 21 För
611 1489 42 20 min
669 1488 35 22 del
719 1488 37 22 ber
770 1489 35 27 jag
820 1488 24 22 få
858 1488 86 22 förorda
959 1488 51 28 god-

180 1516 111 21 kännande
311 1516 22 21 af
353 1516 122 22 Utskottets
491 1517 134 21 betänkande
640 1518 8 20 i
663 1517 68 21 denna
745 1517 34 21 del
794 1517 144 22 oförändradt.
967 1516 43 22 Till
