1086 1781
390 129 157 34 Vattenrätten.
816 131 41 21 863

60 207 43 20 sätt
118 207 32 19 att
165 204 40 22 den
222 204 47 22 icke
285 204 79 22 rubbar
378 204 77 21 hittills
471 204 122 26 bestående,
608 204 28 28 på
651 204 96 28 rättsliga
758 205 47 21 skäl
815 204 70 22 såsom

60 238 77 24 trygga
159 233 95 21 ansedda
277 232 271 28 egendomsförhållanden.
579 233 43 21 Det
637 235 23 19 är
675 241 29 13 nu
719 233 108 21 dessutom
843 240 43 20 nog

60 263 24 21 så
103 262 114 28 vanskligt,
239 262 36 20 det
291 261 130 27 förfarande,
436 269 45 13 som
497 261 38 21 här
549 262 24 20 är
588 262 105 28 angifvet,
709 265 31 18 att
755 262 130 21 underställa

60 293 81 19 rättens
157 290 100 29 pröfning
273 290 28 28 pä
317 290 67 21 »hvad
402 291 48 25 sätt,
466 290 69 21 vilkor
550 290 41 21 och
606 290 31 21 tid
653 290 42 21 han
714 298 71 13 ensam
800 290 41 21 den
852 290 35 21 för

61 319 75 21 verket
151 320 6 20 i
174 319 93 28 anspråk
282 322 64 24 tagna
361 318 129 22 drifkraften
506 319 69 28 nyttja
587 318 55 22 må».
665 318 62 22 Efter
737 318 74 22 hvilka
821 326 65 20 grun-

61 348 38 21 der
113 348 55 20 skall
183 349 69 19 rätten
268 348 77 25 pröfva
361 347 73 21 detta?
463 347 42 21 Om
521 347 37 21 det
572 348 67 27 gäller
654 351 31 17 ett
695 347 90 21 arrende
795 348 31 20 till
839 355 47 21 per-

61 384 70 18 soner,
153 383 45 14 som
222 376 59 21 förut
300 376 48 21 icke
370 376 56 28 gjort
442 376 92 28 anspråk
549 376 28 28 på
592 379 89 23 vattnet,
697 390 27 2 —
740 376 54 21 skall
811 376 74 21 värdet

60 405 35 21 för
109 406 58 20 detta
182 404 89 22 arrende
284 404 100 22 bedömas
396 404 55 21 efter
462 404 163 22 förhållandena
635 405 35 21 för
679 406 28 20 20
718 406 13 20 A
741 406 28 20 30
780 404 23 22 år
813 404 74 26 sedan,

61 434 51 20 eller
127 433 53 22 skall
196 433 59 21 detta
271 433 65 21 värde
353 432 100 22 bedömas
469 433 78 21 sådant
561 440 46 14 som
620 432 37 22 det
674 436 33 18 ter
718 434 31 27 sig
760 433 66 21 sedan
838 440 47 14 man

60 462 49 21 med
133 465 57 18 stora
211 461 147 29 uppoffringar
379 462 57 28 giort
459 462 159 21 vattenkraften
642 462 129 28 produktiv?
802 462 44 21 Det
863 463 24 19 är

60 491 135 27 sannerligen
217 491 48 21 icke
288 490 67 22 heller
376 498 71 20 någon
470 490 62 21 enkel
556 490 85 29 uppgift
656 490 34 22 för
706 490 118 22 domstolen
840 498 45 14 som

59 527 78 21 genom
161 519 71 29 dylika
256 519 132 28 stadganden
409 519 111 21 etableras.
549 519 42 28 Jag
605 519 64 21 utber
683 520 44 27 mig
741 519 24 21 få
779 518 106 22 vidblifva

61 548 42 21 min
124 548 125 21 hemställan
271 555 33 14 om
325 548 121 21 återremiss
462 548 4 20 i
484 547 36 21 det
535 548 87 28 angifna
637 548 73 28 syftet.
739 547 42 29 Jag
796 551 44 18 tror
855 550 31 18 att

60 576 116 28 tillräcklig
197 576 116 28 anledning
335 577 66 21 finnes
425 576 33 21 för
481 579 31 18 att
527 576 246 22 Vattenrättsutskottet
788 577 33 20 må
836 579 50 25 taga

61 605 68 21 under
148 605 91 28 förnyad
259 606 107 27 pröfning,
385 605 55 21 huru
456 604 70 22 denna
541 605 99 28 paragraf
656 605 38 21 bör
709 605 91 27 affattas,
815 604 24 22 så
855 608 30 18 att

61 633 48 28 den,
124 636 52 19 utan
192 637 31 18 att
239 633 68 22 blifva
322 613 38 42 till
369 633 76 22 hinder
461 633 35 21 för
511 633 134 28 tillämpning
660 633 28 29 på
704 634 39 20 alla
759 641 42 20 nya
813 633 37 21 fall
863 633 23 21 af

61 662 27 21 de
111 662 140 28 stadganden,
273 669 76 21 genom
372 662 73 21 hvilka
468 662 38 21 vår
525 663 116 20 vattenrätt
656 670 29 13 nu
701 662 53 21 skall
771 661 66 22 blifva
853 665 33 17 ut-

62 691 98 26 vecklad,
175 691 56 21 dock
247 691 48 21 icke
312 691 39 21 blir
364 698 25 14 en
401 691 57 20 källa
468 691 31 20 till
511 691 144 28 perturbation
666 691 6 20 i
683 691 74 20 hittills
769 690 117 21 bestående

61 719 153 22 förhållanden.

130 777 58 21 Frih.
206 777 26 21 R.
250 777 27 21 A.
292 776 112 22 Wrede:
444 776 48 21 Frih.
508 784 41 13 von
565 777 60 20 Born
640 777 39 20 har
693 777 65 20 redan
774 777 28 28 på
817 779 30 18 ett
862 775 24 22 så

62 805 146 22 uttömmande
223 805 41 22 och
279 805 68 21 tillika
363 805 108 21 bindande
486 807 42 19 sätt
543 805 69 28 utlagt
627 805 42 21 den
685 813 28 13 nu
728 805 99 28 gällande
842 805 44 27 lag-

62 834 139 28 stiftningens
224 834 134 28 ståndpunkt
372 835 6 20 i
395 833 63 22 dessa
474 834 71 27 frågor
567 834 40 21 och
623 833 26 22 de
665 834 53 26 skäl,
733 841 45 14 som
794 834 43 21 tala
852 833 35 21 för

62 863 255 21 Vattenrättsutskottets
332 863 85 28 förslag,
429 865 32 18 att
471 862 70 21 dertill
553 863 120 28 egentligen
685 863 47 21 icke
742 863 67 21 finnes
821 862 65 28 något

62 894 31 18 att
108 891 94 28 tillägga.
233 891 43 21 Det
288 891 41 21 kan
345 892 21 27 ju
382 892 6 20 i
404 891 60 21 detta
479 891 38 21 fall
532 891 48 22 icke
596 891 67 22 blifva
680 891 29 21 tal
722 899 32 13 om
766 891 66 28 några
842 891 45 20 för-

62 919 103 22 värfvade
188 920 131 27 rättigheter,
341 927 45 14 som
409 920 69 21 skulle
502 920 91 21 kränkas
608 927 78 20 genom
702 923 31 18 att
747 919 138 28 lagförslaget

62 948 107 27 bibehölle
184 949 99 27 delegare
299 949 6 20 i
321 948 28 29 by
364 948 36 22 vid
417 948 61 21 deras
494 949 95 28 urgamla
603 950 42 19 rätt
656 951 31 18 att
698 956 37 20 ega
747 948 35 21 del
793 949 5 20 i
810 950 76 19 ström-

61 977 44 28 fall,
121 985 26 13 en
163 979 48 25 rätt,
226 977 87 21 hvilken
329 977 67 28 aldrig
412 977 73 21 blifvit
499 977 96 28 upphäfd
612 978 6 20 i
635 977 38 21 vår
684 977 140 28 lagstiftning.
847 976 40 22 Så-

63 1013 45 14 som
131 1005 58 22 Frih.
212 1013 43 14 von
269 1006 59 21 Born
344 1006 78 25 anfört,
438 1006 42 21 kan
496 1013 25 14 en
537 1005 102 28 rättighet
653 1006 33 21 till
702 1005 45 29 jord
763 1005 123 22 förvärfvas

61 1034 76 21 endast
159 1042 77 20 genom
259 1035 48 27 laga
329 1034 57 28 fång,
405 1034 41 21 och
462 1042 34 13 om
512 1034 69 28 någon
598 1035 47 26 laga
661 1035 57 20 kraft
734 1042 86 13 vunnen
836 1033 49 22 dom

63 1063 41 20 kan
121 1063 38 20 här
173 1064 22 27 ju
210 1063 49 21 icke
275 1063 66 21 blifva
357 1063 66 28 fråga,
438 1066 23 25 ty
477 1063 27 21 de
520 1063 169 21 administrativa
704 1063 183 28 myndigheterna,

61 1091 102 22 särskildt
177 1091 217 28 guvernörsembetet,
410 1091 74 22 hvilka
500 1091 97 22 meddela
608 1091 96 22 tillstånd
714 1092 32 20 till
756 1092 131 27 anläggning

61 1120 23 21 af
99 1120 133 26 vattenverk,
251 1120 66 21 hafva
331 1121 22 28 ju
369 1121 47 20 icke
432 1120 104 21 domsrätt
550 1121 6 20 i
573 1120 60 28 fråga
649 1127 34 14 om
700 1120 129 28 eganderätt,
845 1119 41 22 och

61 1150 63 27 ingen
141 1149 41 20 kan
198 1149 35 21 väl
248 1156 65 21 gerna
328 1157 51 13 vara
394 1149 24 21 så
434 1149 101 28 okunnig,
549 1151 32 18 att
597 1149 40 20 han
653 1149 69 21 skulle
733 1149 108 21 föreställa
852 1149 33 26 sig

61 1180 31 18 att
107 1185 26 13 en
148 1177 67 22 sådan
234 1177 104 22 domsrätt
353 1177 68 22 skulle
438 1177 89 22 besittas
542 1177 23 22 af
580 1177 63 22 dessa
658 1177 153 28 myndigheter.
841 1177 44 20 Det

60 1207 24 20 är
99 1205 76 22 endast
191 1207 47 27 laga
253 1206 97 27 domstol,
365 1213 45 14 som
427 1213 50 20 eger
492 1206 73 28 afgöra
581 1213 34 14 om
631 1206 158 28 eganderätten.
819 1205 66 21 Detta

61 1234 38 21 bör
123 1235 19 20 ju
165 1242 51 14 vara
239 1235 87 21 alldeles
348 1235 61 21 klart.
439 1235 75 27 Enligt
531 1235 43 20 min
589 1235 64 20 tanke
669 1236 24 19 är
708 1235 41 25 det,
763 1235 71 20 såsom
849 1235 36 27 jag

61 1263 66 22 också
150 1263 95 22 uttalade
268 1263 68 22 under
356 1263 41 22 den
413 1263 107 21 allmänna
535 1263 156 26 diskussionen,
707 1271 25 13 en
748 1263 136 28 synnerligen

60 1294 45 19 stor
127 1292 100 28 förtjenst
249 1292 39 21 hos
309 1291 59 22 detta
384 1292 122 28 lagförslag,
522 1295 31 18 att
567 1291 38 22 det
619 1292 73 21 ställer
707 1293 32 26 sig
754 1291 131 22 fullkomligt

60 1320 28 28 på
99 1320 41 21 den
156 1320 99 29 gällande
271 1321 173 27 lagstiftningens
460 1320 68 28 grund
545 1320 40 21 och
601 1320 123 28 derigenom
740 1320 63 21 söker
813 1298 72 43 såvidt

60 1349 83 28 möjligt
157 1349 96 21 undvika
267 1349 131 28 rubbningar
413 1350 7 20 i
436 1349 116 21 bestående
567 1349 155 21 förhållanden.
743 1349 42 21 Om
797 1356 28 13 nu
836 1348 48 21 med

60 1377 115 21 läderande
197 1378 23 20 af
242 1377 99 28 gällande
359 1379 42 19 rätt
416 1379 57 20 vissa
488 1377 148 21 förhållanden
651 1377 66 21 hafva
732 1377 97 28 uppstått
844 1377 41 21 och

61 1413 25 13 en
106 1405 31 21 tid
158 1406 132 26 fortbestått,
309 1406 41 21 kan
365 1414 49 13 man
429 1406 23 28 ju
467 1406 48 21 icke
530 1406 60 28 gifva
606 1406 63 21 dessa
684 1405 147 21 förhållanden
847 1405 38 21 ab-

60 1434 57 21 solut
131 1434 105 28 giltighet.
261 1434 11 21 I
285 1432 76 24 sådant
371 1434 38 21 fall
420 1436 23 19 är
454 1442 49 13 man
514 1435 34 21 väl
559 1434 124 28 tillräckligt
693 1433 192 29 tillmötesgående,

60 1470 33 14 om
109 1470 54 20 man,
179 1462 67 22 såsom
251 1462 244 22 Vattenrättsutskottet
509 1464 6 20 i
532 1464 26 20 14
573 1463 11 28 &
600 1463 37 21 det
650 1464 63 27 gjort,
729 1462 89 22 bereder
833 1462 52 28 möj-

60 1491 66 28 lighet
148 1491 35 21 för
202 1492 203 21 vattenverksegare
426 1494 32 18 att
476 1491 34 21 för
525 1499 25 14 en
566 1492 51 27 lång
631 1492 32 20 tid
679 1491 77 21 framåt
770 1491 23 21 få
808 1490 78 22 fortfa-

60 1519 65 21 rande
145 1520 60 28 njuta
226 1520 63 22 dessa
304 1520 149 21 förhållanden
468 1520 33 21 till
516 1520 62 28 godo.
608 1520 49 21 Den
672 1520 63 21 ärade
751 1520 72 26 talare,
839 1526 46 14 som
