1086 1786
212 128 240 18 Landskommunernas
466 127 280 23 fattiggårdsföreståndare.
823 123 42 21 823

66 197 73 21 tionen
154 197 6 20 i
176 196 60 29 fråga
251 197 113 21 inlemnats
379 197 23 21 af
412 204 26 14 en
450 197 50 21 ärad
512 196 97 27 medlem,
620 204 47 14 som
677 196 103 29 derjemte
791 197 103 21 inlemnat

67 233 26 13 en
116 225 89 28 petition
229 225 125 28 »angående
376 225 132 28 utvidgande
531 225 23 22 af
575 225 41 22 den
632 225 71 22 lokala
718 225 175 29 sjelfstyrelsen>.

67 253 51 22 Men
134 253 37 22 det
185 253 42 22 kan
243 254 35 21 väl
293 253 48 22 icke
356 261 52 14 vara
424 254 118 28 meningen,
557 257 32 18 att
604 253 43 22 den
657 253 71 22 lokala
738 253 155 29 sjelfstyrelsen

68 281 54 22 skall
137 282 89 21 sålunda
243 282 145 26 »utvecklas»>,
403 285 32 18 att
450 282 27 22 de
492 282 124 22 nuvarande
629 283 154 21 kommunerna
792 283 58 20 inom
860 282 34 28 sig

67 310 70 21 skulle
159 310 81 29 nödgas
256 311 7 21 i
278 310 118 28 väsentliga
419 310 60 22 delar
500 311 116 21 inskränka
637 310 42 22 den
695 312 42 20 rätt
751 310 34 22 till
799 310 96 29 sjelfsty-

67 338 55 22 relse
138 338 26 22 de
179 339 35 21 för
228 338 133 23 närvarande
376 339 72 22 hafva.
470 339 42 29 Jag
526 339 38 22 ber
579 342 32 19 att
625 340 7 20 i
647 339 43 21 alla
705 338 59 23 delar
778 339 23 21 fä
816 339 77 21 under-

67 366 63 22 stöda
152 367 56 29 Lag-
230 367 42 23 och
294 368 225 22 Ekonomiutskottets
542 368 136 22 betänkande
701 368 41 21 och
762 368 38 22 vill
818 367 77 22 endast

68 396 99 28 slutligen
189 396 67 22 uttala
271 397 44 21 min
330 396 114 29 förväning
459 396 62 22 öfver
535 400 32 18 att
582 396 37 22 det
634 396 110 29 verkligen
760 396 41 22 kan
817 396 77 26 hända,

68 427 32 19 att
121 424 39 22 hos
183 432 25 14 en
232 424 163 29 landtdagsman
412 425 24 21 sä
450 425 47 22 litet
512 433 46 14 som
573 425 38 22 här
623 425 58 21 skett
697 425 41 21 den
754 433 40 13 ena
809 424 84 22 handen

68 456 37 18 vet
119 452 56 22 hvad
191 453 41 22 den
248 454 66 21 andra
329 455 44 27 gör.

135 498 35 22 Hr
183 498 173 30 Furuhjelm:
386 499 53 22 Med
460 499 115 29 anledning
591 500 24 21 af
629 499 38 22 det
681 499 120 22 värdefulla
816 498 78 22 under-

67 527 49 21 stöd
136 527 35 22 Hr
191 528 95 21 Aminoff
304 528 64 28 gifvit
383 528 57 29 Lag-
455 528 41 22 och
509 528 214 22 Ekonomiutskottet
743 528 39 22 har
795 528 36 28 jag
846 528 48 21 icke

67 556 66 28 nägot
155 556 73 22 vidare
251 560 32 18 att
304 556 88 29 tillägga
415 556 41 23 och
479 557 35 21 fär
528 556 73 22 derför
615 557 107 28 tillstyrka
736 556 158 29 godkännande

68 584 24 21 af
113 584 123 23 Utskottets
258 585 140 28 afstyrkande
421 585 116 22 utlåtande.
567 586 34 21 Hr
623 586 91 21 Bläfeld
735 586 39 21 har
791 585 104 28 åberopat

68 613 34 28 sig
117 613 28 29 pä
159 613 279 29 fattigvärdsinspektörens
454 614 121 21 auktoritet.
605 614 43 28 Jag
663 616 24 19 är
701 614 48 21 icke
758 613 70 28 nägon
842 613 53 22 auk-

69 641 182 29 toritetsdyrkare,
266 650 48 14 men
336 643 36 28 jag
394 643 42 21 kan
459 643 36 21 för
517 643 43 21 min
583 643 35 21 del
633 646 46 18 mot
693 643 71 21 denna
779 642 116 22 auktoritet

70 671 105 28 uppställa
196 671 144 22 ordföranden
357 672 6 20 i
379 671 138 29 Helsingfors
532 671 59 22 stads
607 671 226 29 fattigvärdsstyrelse,
848 678 47 14 som

69 700 55 20 varit
145 699 90 22 medlem
252 701 7 20 i
274 700 114 22 Utskottet
411 700 41 22 och
474 700 64 22 hvars
562 703 73 19 votum
651 702 6 19 i
673 700 71 21 denna
759 700 61 28 fräga
835 700 7 20 i
859 700 36 21 ke-

67 728 70 28 tydlig
155 729 48 21 män
223 729 99 21 inverkat
337 729 28 28 pä
380 728 38 22 det
434 729 76 27 beslut,
524 728 36 22 vid
576 729 83 21 hvilket
676 729 111 22 Utskottet
802 731 92 19 stannat.

136 774 35 21 Hr
192 774 57 21 Emil
272 774 27 21 af
321 774 175 22 Hällström:
526 775 71 21 Herra
619 774 98 22 Aminoff
737 782 27 14 on
783 775 112 27 virittänyt

68 802 177 29 suitsutusuhreja
267 803 59 21 niille
351 802 153 24 Valiokunnan
520 804 110 26 väitteille,
644 804 64 28 joista
723 804 56 20 minä
796 804 19 20 jo
827 802 68 22 äsken

69 830 87 29 puhuin,
169 832 21 28 ja
205 832 76 26 luulee,
296 833 44 20 että
355 832 144 28 jonkunlaiset
517 832 213 28 kompetenssiehdot
745 832 150 28 rajoittaisivat

69 860 88 21 kuntien
173 863 90 25 vapaata
279 860 221 22 valitsemisoikeutta.
529 861 68 21 Tämä
611 861 20 21 ei
647 860 112 22 ollenkaan
774 860 51 29 pidä
835 860 60 28 paik-

69 888 86 21 kaansa.
184 888 53 21 Sillä
259 896 26 14 en
307 890 58 20 minä
386 889 34 21 ole
444 889 133 26 ehdottanut,
598 891 44 19 että
662 889 89 21 kuntien
767 889 128 21 valitsemis-

69 919 103 26 vapautta
194 917 164 28 rajoitettaisiin.
387 917 98 22 Kuntien
509 917 130 22 itsehallinto
660 921 53 22 taas,
727 917 50 29 joka
792 919 59 27 myös
867 924 27 14 on

69 947 61 19 tuotu
146 946 53 21 esiin
214 946 170 28 jonkunlaiseksi
399 947 79 28 syyksi,
494 947 19 21 ei
527 946 116 29 myöskään
653 948 59 19 tässä
722 946 85 21 kohden
819 945 76 28 kelpaa

69 973 119 22 miksikään
204 975 80 28 syyksi.
313 975 97 22 Kuntien
426 975 131 22 itsehallinto
573 983 27 13 on
611 976 82 27 tietysti
704 975 55 21 hyvä
769 975 21 28 ja
801 974 94 21 kaikissa

69 1002 80 21 kohdin
168 1003 143 28 säilytettävä,
331 1006 68 19 mutta
418 1004 41 21 sitä
478 1005 19 20 ei
512 1003 117 29 myöskään
644 1011 37 14 saa
696 1003 65 22 tehdä
776 1003 119 21 miksikään

69 1031 163 28 monopooliksi,
253 1032 65 28 jonka
340 1033 93 27 varjossa
455 1032 78 29 yleistä
555 1032 89 21 oikeaan
668 1036 104 17 suuntaan
792 1032 104 21 menevää

69 1059 108 29 kehitystä
194 1060 131 22 ehkäistään.
354 1060 154 23 Vaivaishoito
523 1068 34 19 on,
571 1061 98 21 niinkuin
683 1060 115 28 tiedetään,
814 1067 81 20 sangen

69 1087 74 22 tärkeä
177 1089 193 22 yhteiskunnallinen
388 1089 94 27 tehtävä,
497 1089 49 29 joka
561 1097 28 14 on
605 1089 96 22 kunnille
716 1087 94 24 annettu.
841 1088 55 22 Vai-

70 1116 126 23 vaishoidon
212 1117 75 22 kautta
302 1118 141 21 kasvatetaan
459 1118 121 29 kymmeniä
595 1118 99 21 tuhansia
710 1117 93 22 Suomen
819 1117 77 21 kansa-

70 1145 61 22 laisia
145 1146 107 27 pitämään
267 1147 115 21 itsestänsä
397 1146 80 28 huolta,
492 1147 43 21 kun
551 1147 27 21 he
593 1148 74 27 syystä
681 1147 30 21 tai
725 1147 95 26 toisesta,
834 1146 62 21 luon-

71 1177 49 18 teen
142 1174 157 22 heikkoudesta
319 1183 21 20 y.
361 1183 26 13 m.
402 1175 149 21 asianhaarain
566 1175 59 21 takia
640 1176 58 20 eivät
712 1175 66 21 tahdo
793 1176 30 20 tai
838 1175 58 20 eivät

70 1202 83 28 kykene
169 1204 92 20 itseänsä
277 1204 133 21 elättämään.
440 1203 47 22 Sitä
502 1204 83 25 keinoa,
599 1203 50 29 joka
659 1203 85 22 meidän
756 1210 140 14 maassamme

71 1238 28 14 on
114 1232 150 28 näyttäytynyt
278 1232 178 28 tepsivimmäksi,
470 1232 275 28 vaivaistalojärjestelmää,
760 1232 79 21 haittaa
850 1231 47 21 kui-

69 1259 75 22 tenkin
166 1263 117 19 muutamat
306 1260 74 22 heikot
400 1260 80 29 puolet,
494 1262 52 28 joita
562 1260 82 22 kunnat
658 1261 133 21 useimmissa
806 1260 91 29 tapauk-

71 1288 53 21 sissa
143 1291 102 19 tuntuvat
260 1289 78 21 olevan
354 1289 128 22 haluttomat
512 1290 123 21 poistamaan.
665 1289 34 22 Ne
714 1289 76 29 yleiset
805 1289 92 29 periaat-

69 1319 51 25 teet,
141 1318 51 27 joita
213 1318 92 21 toisessa
325 1318 254 26 anomusehdotuksessa,
593 1318 136 21 kunnallisen
745 1318 151 21 itsehallinnon

71 1345 186 28 laajentamisesta,
273 1346 48 21 olen
338 1346 112 22 koettanut
464 1346 120 29 puolustaa,
599 1347 58 21 eivät
672 1346 103 22 suinkaan
791 1346 34 22 ole
839 1346 58 21 risti-

71 1374 90 22 riidassa
182 1378 40 25 nyt
243 1374 99 29 puheena
362 1375 77 21 olevan
455 1375 157 22 vaivaishoitoa
627 1375 110 21 koskevan
753 1374 144 22 ehdotukseni

72 1402 83 27 kanssa,
177 1403 43 22 kun
244 1411 55 14 vaan
322 1404 92 29 kyetään
436 1406 131 19 erottamaan
583 1403 145 22 itsehallintoa
743 1403 153 22 kunnallisesta

68 1431 207 23 vallattomuudesta.

136 1477 58 22 Frih.
216 1485 56 14 von
294 1478 166 28 Knorring:
490 1479 36 21 Då
549 1479 113 21 Utskottet
684 1479 66 27 enligt
772 1479 44 21 min
831 1478 66 21 tanke

68 1505 65 23 redan
156 1507 7 20 i
188 1506 146 22 betänkandet
355 1506 25 22 sä
402 1506 99 29 utförligt
519 1508 114 20 motiverat
647 1508 47 20 sina
709 1507 46 21 skäl
770 1507 35 21 för
819 1506 78 28 afslag,
