1084 1795
396 140 58 21 Lega
462 133 23 33 af
496 140 55 21 jord.
821 133 55 20 641.

57 207 77 22 endast
149 207 41 21 den
206 207 34 22 del
256 207 21 22 af
300 207 175 28 köpeskillingen,
490 215 45 14 som
551 207 145 22 öfverskrider
711 207 182 29 panthafvarenes

57 236 204 28 tillgodohafvande,
282 236 86 21 hvilken
391 236 96 21 tillfaller
509 236 69 29 öfriga
601 236 133 28 borgenärer,
749 235 40 22 och
810 235 34 21 för
861 238 32 18 att

57 264 109 22 åtkomma
182 265 60 20 detta
256 265 119 21 öfverskott
390 272 40 21 ega
445 265 157 28 sysslomännen
614 265 33 20 väl
659 265 87 27 försälja
756 264 137 28 fastigheten,

58 301 50 13 men
123 293 49 22 med
187 293 69 22 vilkor
270 296 32 18 att
316 293 99 28 samtliga
429 295 120 27 panträtter
557 293 66 22 varda
631 293 63 22 äfven
703 294 7 20 i
719 293 104 21 köparens
835 292 56 22 hand

60 321 126 22 bibehållna.
216 321 123 22 Detsamma
362 322 67 27 gäller
451 322 40 21 ock
514 329 35 14 om
572 322 158 28 sysslomännen
759 322 35 21 låta
809 321 83 28 försälj-

59 351 77 28 ningen
152 351 34 20 för
200 350 41 22 den
261 350 150 29 oprioriterade
431 350 187 22 konkursmassans
634 350 90 28 räkning
738 350 39 21 ske
792 351 7 20 i
815 352 78 19 utmät-

58 379 110 28 ningsväg,
183 382 24 25 ty
223 379 62 21 äfven
300 379 7 21 i
323 379 60 21 detta
397 379 39 21 fall
451 379 53 22 skall
521 379 69 28 lägsta
607 379 65 22 budet
686 378 137 22 öfverskrida
838 386 55 13 sam-

59 403 114 37 manlagda
196 408 99 48 beloppet
316 407 23 22 af
360 407 41 22 alla
423 408 178 28 pantfordringar.
630 407 14 22 I
664 411 64 18 annat
743 407 38 22 fall
797 407 96 21 kommer

59 436 125 28 försäljning
200 436 18 28 ej
234 436 24 21 till
281 436 67 26 stånd,
364 439 49 18 utan
429 436 130 27 fastigheten
574 437 103 20 stannar
669 432 14 36 i
692 436 139 28 gäldenärens
849 442 44 20 ego.

60 464 12 21 I
89 464 54 29 följd
158 465 23 21 af
204 472 25 13 en
251 464 123 29 försäljning
396 464 28 29 på
446 465 69 27 grund
537 465 23 21 af
575 464 98 24 konkurs,
689 472 50 14 vare
756 465 32 26 sig
805 466 32 19 att
852 463 40 22 den

59 493 127 22 verkställes
201 493 23 21 af
238 493 155 28 sysslomännen
409 493 52 21 eller
475 493 70 22 såsom
560 493 38 22 vid
612 494 120 27 utmätning
746 495 24 19 är
781 492 112 21 föreskrif-

59 525 44 23 vet,
118 521 42 22 kan
175 521 83 22 således
278 521 150 29 panthafvares
449 524 42 19 rätt
506 522 48 21 icke
569 521 72 22 trädas
657 522 33 21 för
706 524 50 19 nära
771 521 122 28 derigenom

59 553 34 18 att
108 550 101 28 legoaftal
231 550 92 21 belastar
346 550 135 29 fastigheten.
511 550 54 21 Med
580 551 98 21 afseende
693 550 68 29 härpå
776 549 67 22 skulle
860 550 35 27 jag

59 578 72 22 tillåta
152 579 44 28 mig
219 579 77 21 föreslå
316 582 32 18 att
369 579 128 28 paragrafen
515 579 73 21 blefve
603 579 170 21 återremitterad
788 578 33 22 till
836 578 59 28 Lag-

60 607 42 21 och
126 607 209 22 Ekonomiutskottet
350 608 7 20 i
372 607 37 22 det
431 607 57 29 syfte
511 611 33 18 att
566 607 74 29 början
654 608 24 21 af
692 607 126 29 paragrafen
835 607 59 28 finge

62 636 88 28 ungefär
166 635 94 28 följande
275 636 91 28 lydelse:

135 664 98 22 »Varder
248 664 102 28 lägenhet,
366 672 44 14 som
425 665 8 21 i
449 665 32 21 sin
497 665 73 21 helhet
585 665 51 21 eller
651 665 69 21 delvis
735 665 28 28 på
778 665 47 28 lega
840 672 53 21 upp-

63 693 64 26 låtits,
149 693 161 28 utmätningsvis
333 693 79 22 försåld
427 693 41 22 och
489 693 39 22 har
548 693 76 22 sådant
639 695 18 27 ej
674 693 57 22 skett
745 693 29 29 på
788 693 68 28 grund
871 693 23 21 af

62 721 128 28 sysslomäns
206 722 7 20 i
229 721 90 22 konkurs
337 722 100 28 yrkande,
453 722 29 21 dä
496 723 72 28 bryter
584 722 43 29 köp
643 723 149 27 legostämma»
810 729 17 14 o.
843 729 15 14 s.
875 729 19 14 v.

134 779 34 20 Hr
184 778 147 29 Stjernvall
347 779 147 22 understödde
509 779 38 22 det
557 779 23 22 af
590 779 34 22 Hr
634 779 124 22 Grotenfelt
770 778 125 22 framstälda

64 807 111 28 förslaget.

134 859 34 21 Hr
190 859 105 22 Brakel:
325 859 42 28 Jag
389 860 37 21 vill
449 859 76 22 endast
547 859 109 29 angäende
679 860 52 21 sista
753 862 115 19 momentet
887 859 8 20 i

63 887 71 21 denna
156 887 100 29 paragraf
277 887 99 29 päminna
397 896 35 13 om
456 891 33 19 att
504 889 26 20 R.
546 896 18 13 o.
579 889 27 20 A.
621 888 38 21 vid
673 888 155 28 behandlingen
844 887 22 21 af
882 888 12 26 $

66 916 26 20 17
108 915 70 22 beslöt
192 919 33 18 att
246 916 113 28 uppskjuta
377 916 102 22 debatten
497 916 24 22 af
536 918 12 26 &
566 918 32 25 17,
612 916 34 22 till
661 916 48 22 dess
725 916 74 29 frägan
813 924 34 13 om
863 923 32 13 er-

64 945 94 27 sättning
178 944 34 21 för
233 945 198 28 jordförbättringar
454 945 96 21 kommer
572 945 67 21 under
661 945 79 26 debatt,
764 944 40 22 och
827 944 68 22 skulle

64 972 84 22 säledes
163 972 85 22 anhälla
262 981 33 13 om
305 977 32 17 att
353 975 12 20 3
381 981 62 14 mom.
458 974 55 21 först
528 974 28 21 dä
572 974 122 21 behandlas.

287 1048 385 29 Omröstningsproposition:

136 1098 40 26 De,
192 1098 73 22 hvilka
279 1099 114 28 godkänna
409 1100 26 21 36
451 1100 12 28 $
481 1099 137 27 oförändrad,
634 1101 58 20 rösta
706 1100 31 28 ja;

137 1150 76 21 vinner
236 1151 39 27 nej,
297 1150 38 22 har
357 1151 26 21 R.
404 1158 19 14 o.
446 1152 27 20 A.
497 1152 85 21 förenat
604 1152 33 27 sig
659 1158 33 14 om
713 1151 34 21 Hr
762 1150 135 22 Grotenfelts

66 1178 88 28 förslag.

138 1229 84 22 Genom
238 1233 31 18 att
285 1230 88 22 besvara
389 1232 162 28 propositionen
565 1231 47 22 med
626 1231 160 28 öfvervägande
798 1232 33 27 nej
842 1230 55 22 hade

68 1258 26 21 R.
108 1265 19 14 0.
143 1258 27 21 A.
192 1258 89 22 beslutit
302 1262 31 18 att
356 1259 73 28 början
453 1260 23 20 af
492 1260 13 27 &
521 1261 27 21 36
571 1260 69 21 skulle
656 1260 79 21 erhålla
750 1260 91 28 ungefär
855 1258 42 22 föl-

66 1286 66 29 jande
147 1286 92 28 lydelse:
257 1296 9 11 »
271 1287 84 22 Varder
367 1288 106 28 lägenhet,
482 1296 46 14 som
537 1290 6 19 i
552 1289 32 21 sin
593 1288 73 22 helhet
674 1288 51 22 eller
734 1288 68 22 delvis
811 1288 27 28 pä
848 1287 48 29 lega

68 1315 111 29 upplätits,
194 1317 163 27 utmätningsvis
373 1316 88 28 försäld,
477 1317 42 22 och
535 1317 39 21 har
588 1317 78 21 sädant
681 1318 18 27 ej
716 1317 56 21 skett
788 1316 27 29 pä
827 1316 70 28 grund

69 1344 23 20 af
114 1344 131 27 sysslomäns
268 1345 5 20 i
297 1345 93 20 konkurs
412 1345 105 28 yrkande,
540 1346 28 20 dä
590 1346 72 27 bryter
680 1346 42 27 köp
738 1346 159 27 legostämma»,

68 1379 20 14 0.
104 1379 16 14 s.
136 1380 19 13 v.

140 1425 12 25 $
168 1424 26 21 37
211 1424 95 21 uteslöts.

141 1475 26 28 $$
184 1476 84 21 38—43
283 1475 89 28 gillades
389 1478 50 19 utan
455 1476 149 29 anmärkning.

141 1526 138 21 Beträffande
295 1527 12 27 $
323 1528 27 19 44
366 1527 5 20 i
389 1526 35 22 VI
440 1527 49 28 kap.
506 1529 92 26 utspann
614 1528 33 27 sig
663 1527 93 28 följande
768 1526 133 22 diskussion:

808 1567 22 16 41
