1086 1786
354 141 226 21 Jernvägspetitioner.
818 134 40 21 801

61 211 44 20 lika
126 213 53 18 stort
199 209 34 22 lån
257 210 22 21 af
301 209 130 22 statsmedel.
460 209 67 22 Hvad
546 217 27 14 nu
589 209 60 22 detta
664 209 131 22 sistnämnda
810 208 79 28 förslag

62 239 132 21 vidkommer
214 238 23 22 så
259 238 62 28 utgår
343 238 37 21 det
402 238 47 21 från
472 238 129 28 antagandet
623 241 32 18 att
669 237 50 22 med
734 236 155 28 sammanlagdt

62 269 13 20 3
91 267 95 28 miljoner
201 267 60 21 mark
276 268 7 20 i
293 267 35 21 lån
339 267 23 21 af
370 267 125 21 statsmedel
505 267 40 21 och
555 266 126 22 subvention
698 266 111 29 möjlighet
819 265 70 21 blefve

61 296 73 28 gifven
157 299 31 18 att
210 295 70 29 bygga
302 302 25 14 en
364 296 56 20 privat
435 295 54 21 bana
504 295 46 21 från
566 295 71 28 Lappi
652 296 77 20 station
744 297 51 19 nära
809 294 80 21 Brahe-

62 324 49 22 stad
132 324 33 21 till
188 332 24 13 en
235 324 68 28 punkt
325 303 37 42 vid
384 323 116 23 Uleåträsk
522 324 39 21 och
585 323 93 21 derifrån
700 323 33 21 till
755 330 25 14 en
795 322 68 29 punkt
877 321 13 22 å

62 352 159 22 Kajanabanan.
251 352 44 22 Det
317 360 61 21 synes
402 353 44 27 mig
469 352 82 28 framgå
573 360 24 13 ur
619 352 219 28 Jernvägsutskottets
854 351 36 21 be-

63 381 106 21 tänkande
184 384 32 18 att
230 381 169 21 totalkostnaden
415 381 73 21 härför
498 380 65 22 borde
573 380 104 22 beräknas
687 380 33 22 till
730 381 65 20 minst
802 380 13 21 9
823 379 67 29 miljo-

63 418 38 13 ner
115 410 65 21 mark.
209 410 44 21 För
267 410 44 28 mig
326 409 100 22 framstår
440 410 38 20 det
492 409 67 21 såsom
575 409 116 28 någonting
706 409 83 21 absolut
803 415 88 15 osanno-

64 438 45 27 likt,
131 442 31 18 att
178 439 11 21 6
205 438 95 28 miljoner
317 438 60 22 mark
392 438 69 21 skulle
476 446 74 20 genom
566 438 159 28 aktieteckning
740 438 40 21 och
795 436 96 22 enskilda

65 467 34 21 lån
120 467 70 21 kunna
212 466 33 22 fås
267 467 56 29 ihop,
346 467 84 21 utöfver
450 467 28 21 de
500 466 113 22 förordade
636 468 12 20 3
667 467 129 27 miljonerna,
811 466 35 20 för
859 468 32 18 att

65 496 96 29 placeras
175 496 7 20 i
197 503 25 13 en
245 495 63 22 sådan
332 496 60 21 bana.
421 495 61 22 Vida
500 497 67 20 större
582 495 134 21 sannolikhet
730 495 39 21 har
783 494 108 28 Uleåborg

66 524 99 22 —Vaala
180 524 67 22 banan
263 524 49 22 med
328 525 27 21 90
370 524 122 22 kilometers
507 524 64 28 längd
586 524 41 21 och
642 532 25 13 en
683 523 107 22 beräknad
805 523 86 27 anlägg-

66 553 150 29 ningskostnad
232 553 22 22 af
264 555 13 19 4
289 553 95 28 miljoner
398 552 67 27 mark,
481 553 45 22 ifall
543 554 28 24 1,5
586 553 72 28 miljon
674 552 59 22 mark
749 552 47 21 från
812 555 79 18 statens

65 582 47 21 sida
127 582 89 21 erhölles
231 582 32 20 till
278 582 48 21 dess
341 581 171 29 genomförande,
520 581 28 21 dä
557 581 38 21 det
604 582 69 20 finnes
685 589 25 13 en
721 581 85 21 relativt
816 581 23 21 så
849 581 42 20 för-

65 612 76 27 mögen
163 610 39 22 och
224 610 119 29 betydande
364 613 33 18 ort
412 618 45 13 som
473 610 119 27 Uleåborgs
608 610 54 26 stad,
677 617 44 14 som
737 610 41 20 kan
793 612 50 25 taga
857 616 35 14 om

65 639 82 21 händer
168 639 59 21 detta
249 639 23 21 så
295 639 60 26 länge
378 639 156 27 efterlängtade
556 639 89 27 företag.
675 638 42 28 Jag
739 638 67 21 måste
828 637 65 22 också

67 668 52 28 hysa
134 668 56 21 vissa
204 668 75 21 dubier
288 668 107 28 angående
406 668 151 28 lämpligheten
568 667 23 21 af
601 670 32 18 att
643 667 110 28 samtidigt
763 667 50 27 vilja
823 669 70 26 prote-

66 704 51 20 gera
138 696 55 22 båda
214 696 62 22 dessa
298 696 69 26 banor,
388 704 46 13 som
450 696 48 21 med
514 696 80 28 hänsyn
609 696 32 21 till
657 696 92 21 trafiken
765 696 46 20 från
827 694 66 23 Uleå-

66 725 69 21 träsks
151 725 85 21 område
252 725 67 21 skulle
333 725 32 21 till
382 732 24 14 en
421 725 45 21 viss
481 725 53 27 grad
550 725 67 21 blifva
632 724 158 22 konkurrenter.
819 724 74 21 Skulle

66 761 29 13 nu
110 761 25 13 en
153 754 124 21 subvention
288 754 23 20 af
322 754 29 25 1,5
361 754 72 28 miljon
445 754 60 20 mark
516 754 33 20 för
560 754 69 20 banan
639 752 254 30 Lappi—Uleåsträsk—

67 782 90 28 Kajana,
180 782 81 22 hvilket
282 782 82 28 företag
380 783 34 20 för
428 783 45 27 mig
488 790 44 13 som
548 782 62 21 sagdt
625 781 100 22 framstår
741 781 68 21 såsom
828 781 65 28 knap-

67 814 49 24 past
129 810 138 23 realiserbart,
282 812 48 20 icke
342 811 84 21 komma
436 811 8 21 i
454 810 66 29 fråga,
535 810 23 22 så
573 810 106 22 återstode
695 810 37 22 det
747 810 147 28 anspråkslösa

67 839 102 29 beloppet
183 840 23 21 af
222 840 109 25 1,350,000
347 839 59 21 mark
422 839 34 21 för
471 839 27 21 de
514 839 69 27 öfriga
597 839 100 27 banorna,
706 838 72 22 hvilka
789 846 45 14 mer
844 838 51 21 eller

67 847 82 42 mindra
163 871 22 18 te
200 869 32 26 sig
247 876 43 13 som
306 868 110 21 utförbara
430 868 85 27 företag
530 868 39 21 och
585 868 34 20 för
634 868 74 21 hvilka
723 867 72 21 derför
805 867 89 21 subven-

66 897 45 20 tion
126 899 58 25 trygt
199 896 70 21 kunde
284 899 109 26 upptagas.

160 928 21 18 et
204 925 53 21 skall
280 925 133 28 naturligtvis
435 925 51 21 bero
504 925 28 28 på
547 925 222 28 detaljgranskningen
785 925 22 20 af
821 924 74 22 betän-

68 953 79 22 kandet
161 953 57 22 hvad
234 961 47 14 man
298 953 90 22 besluter
403 961 33 13 om
453 953 38 22 det
506 961 39 14 ena
559 953 52 22 eller
625 954 66 21 andra
706 954 23 21 af
738 953 63 22 dessa
810 953 85 28 förslag.

67 982 43 27 Jag
125 982 38 21 har
179 982 74 21 endast
267 982 132 29 preliminärt
413 982 59 21 velat
486 984 52 26 göra
552 982 69 21 denna
636 982 103 28 öfversigt
753 982 34 21 för
803 985 32 18 att
849 981 46 22 der-

68 1011 33 20 till
117 1011 93 28 ankoyta
231 1011 36 20 det
281 1011 115 26 uttalande,
411 1014 32 18 att
458 1019 55 17 man,
528 1011 68 21 såsom
613 1011 89 21 sakerna
717 1011 56 27 ligga
787 1019 25 12 ur
826 1011 70 20 finan-

67 1039 47 21 siell
130 1039 113 28 synpunkt,
258 1039 47 22 icke
320 1039 104 22 behöfver
439 1047 51 14 anse
506 1041 31 26 sig
553 1039 90 22 hindrad
659 1043 32 18 att
706 1043 93 25 upptaga
814 1042 31 18 ett
860 1047 36 13 an-

67 1068 48 27 slag
137 1068 32 21 till
192 1068 190 28 subventionering,
404 1068 73 21 derför
498 1071 32 18 att
544 1071 144 26 programmet
702 1068 34 21 för
751 1071 79 18 statens
845 1067 51 22 ban-

68 1096 124 29 byggnader
211 1097 80 20 utfallit
313 1097 63 27 något
391 1099 67 18 större
474 1099 26 19 än
516 1097 163 21 Statsutskottet
694 1097 54 21 hade
766 1097 131 28 preliminärt

68 1125 101 21 förordat.
199 1125 42 28 Jag
260 1125 77 21 önskar
352 1125 32 21 för
400 1126 42 20 min
458 1125 36 21 del
509 1125 88 28 bidraga
612 1125 77 26 dertill,
705 1129 32 18 att
751 1129 31 18 ett
797 1125 100 22 särskildt

69 1153 74 29 anslag
165 1154 35 20 för
220 1155 83 27 privata
327 1154 64 21 banor
411 1157 112 26 upptages,
544 1162 47 13 men
607 1154 65 21 också
686 1154 117 21 oberoende
819 1154 22 21 af
857 1153 40 21 den

70 1182 120 21 finansiella
212 1183 125 20 situationen
360 1190 61 20 synes
439 1183 45 27 mig
505 1185 32 18 att
551 1191 48 12 man
615 1183 48 21 icke
679 1183 64 21 borde
758 1183 41 21 öka
814 1181 83 22 lånebe-

69 1210 76 22 hofvet
166 1218 75 21 genom
264 1214 32 18 att
310 1214 94 25 upptaga
418 1212 8 19 i
441 1210 109 29 budgeten
565 1218 25 14 en
607 1218 80 14 summa
703 1211 33 21 för
751 1211 146 21 subventione-

71 1240 46 27 ring
140 1239 63 21 äfven
226 1239 23 21 af
272 1240 89 28 företag,
382 1239 74 22 hvilka
479 1240 104 28 svårligen
606 1240 65 21 hafva
693 1240 67 28 någon
781 1241 66 27 utsigt
867 1241 32 19 att

71 1268 67 21 blifva
153 1268 161 28 förverkligade.

140 1296 11 21 I
174 1293 71 57 öfrigt
263 1297 60 21 utber
343 1297 35 28 jag
399 1297 44 28 mig
464 1300 34 18 att
520 1297 23 21 få
557 1297 108 28 angående
681 1297 217 29 Jernvägsutskottets

72 1325 134 21 betänkande
221 1333 42 14 N:o
278 1326 12 20 2
307 1325 66 22 uttala
396 1333 25 13 en
443 1325 72 27 tanke,
538 1333 44 14 som
604 1327 35 27 jag
660 1326 106 21 förmodar
781 1328 24 19 är
818 1325 81 28 ganska

71 1353 78 21 allmän
171 1353 38 22 hos
232 1354 55 27 dem,
307 1361 43 14 som
372 1354 41 21 läst
428 1354 151 27 betänkandet,
594 1355 105 27 nämligen
715 1358 31 17 att
761 1363 48 13 man
824 1361 75 21 genom

73 1382 117 21 detsamma
210 1383 41 20 blir
265 1383 72 20 säkert
351 1383 91 28 vägledd
457 1390 76 21 genom
549 1383 41 22 den
605 1386 58 18 stora
678 1383 116 28 labyrinten
810 1383 23 21 af
847 1382 52 21 olik-

71 1411 75 20 artade
161 1411 217 28 jernvägspetitioner,
393 1419 44 13 som
454 1411 23 21 af
493 1411 112 22 Utskottet
621 1411 72 22 blifvit
708 1411 123 28 granskade.

141 1439 41 28 Jag
204 1439 117 28 tillstyrker
342 1439 87 22 sålunda
444 1439 195 29 detaljbehandling
654 1440 66 21 under
735 1440 40 21 den
790 1440 110 21 förutsätt-

72 1468 57 27 ning,
143 1471 32 18 att
190 1467 139 22 fastslåendet
343 1469 23 20 af
380 1468 41 21 den
437 1469 225 25 subventionssumma,
677 1476 45 13 som
737 1469 53 21 skall
805 1477 24 12 ur
841 1469 60 20 kom-

73 1496 220 21 munikationsfonden
305 1496 98 28 utgifvas,
414 1496 96 21 kommer
516 1497 32 21 till
559 1497 82 27 slutligt
649 1497 121 28 afgörande,
779 1497 64 21 sedan
852 1504 49 13 man

73 1525 48 20 med
137 1524 120 22 hvarandra
271 1525 86 27 jemfört
371 1525 26 21 de
412 1525 72 23 skilda
499 1525 112 28 förslagen.
777 1533 2 2 :

809 1560 22 17 51
