1086 1784
360 146 104 16 Skolorna
476 146 8 16 i
496 146 78 16 landet.
813 139 42 21 833

362 247 104 23 Skolorna
482 247 4 22 i
505 247 77 22 landet.

127 303 122 29 Föredrogs

127 361 116 21 Allmänna
264 361 211 22 Besvärsutskottets
491 361 118 28 bordlagda
625 361 136 22 betänkande
776 361 42 21 N:o
835 361 26 21 15
878 361 7 20 i

59 389 116 28 anledning
196 389 23 22 af
245 389 108 29 åtskilliga
379 391 8 20 i
409 390 92 27 Preste-,
523 389 106 29 Borgare-
651 389 41 22 och
715 389 170 22 Bondestånden

60 418 77 22 väckta
155 418 183 28 petitionsförslag
353 418 111 29 angående
480 419 172 28 organisationen
669 418 41 22 och
719 417 135 22 underhållet
862 417 23 22 af

59 447 105 22 särskilda
186 447 216 22 elementarläroverk
424 447 41 22 och
486 447 220 22 fruntimmersskolor
723 450 55 19 samt
793 454 34 14 om
843 453 42 22 nya

59 475 110 22 läroverks
185 475 126 22 inrättande.

129 533 32 21 På
176 533 93 28 begäran
285 533 109 22 lemnades
410 533 62 22 ordet
486 533 23 22 åt

129 590 34 21 Hr
181 591 57 27 Aug.
260 590 133 26 Ramsay,
408 598 46 14 som
469 591 94 28 yttrade:
593 590 42 29 Jag
651 590 41 22 kan
709 590 48 22 icke
773 589 112 22 underlåta

61 621 31 19 att
114 619 112 21 framhålla
252 619 37 21 det
311 619 149 28 egendomliga
476 619 41 22 och
532 619 69 22 tillika
616 619 114 28 glädjande
745 619 92 26 faktum,
854 621 32 18 att

61 651 31 17 ett
114 647 136 22 betänkande
269 648 6 20 i
297 647 120 29 skolfrågor
432 647 56 22 ifrån
504 648 114 21 Allmänna
634 648 199 20 Besvärsutskottet
847 647 39 21 har

61 676 112 21 inkommit
192 676 32 21 till
240 676 91 21 stånden
347 679 50 18 utan
413 679 32 18 att
460 676 146 22 betänkandet
621 676 85 28 åtföljes
716 676 23 21 af
747 676 70 28 någon
830 675 55 22 enda

61 705 138 21 reservation.
228 704 45 22 För
295 704 41 22 den
359 705 52 26 takt,
433 704 104 22 hvarmed
558 704 115 22 Utskottet
688 704 38 22 har
748 704 83 22 kunnat
849 704 37 21 be-

61 733 78 21 handla
162 733 26 21 de
211 733 146 28 mångfaldiga
372 734 219 28 petitionsförslagen,
606 734 67 20 måste
689 740 49 15 man
753 733 34 21 stå
802 734 5 20 i
824 732 62 22 tack-

61 761 157 22 samhetsskuld
225 757 50 37 till.
290 757 124 37 Utskottet.
430 762 42 28 Jag
487 764 23 19 är
526 763 53 20 visst
595 762 48 21 icke
657 762 33 21 till
705 762 40 21 alla
761 762 59 21 delar
835 761 49 21 fullt

61 790 127 28 öfvertygad
212 798 33 13 om
265 793 31 19 att
312 790 123 22 Utskottets
450 791 209 28 resolutionsförslag
674 790 107 22 innehålla
796 790 37 21 det
847 790 38 21 ab-

62 818 56 22 solut
140 819 84 27 riktiga,
246 826 48 14 men
315 818 59 22 detta
389 819 34 21 får
438 827 49 13 man
503 820 35 20 för
551 819 153 21 hufvudsaken
719 819 70 21 lemna
804 818 13 22 å
832 819 54 25 sido,

62 847 40 21 och
125 848 38 20 vill
185 848 36 28 jag
241 848 34 20 för
290 848 43 21 min
349 848 34 21 del
398 848 85 21 ansluta
496 849 44 27 mig
554 848 33 21 till
602 848 125 22 Utskottets
743 846 142 22 betänkande.

62 875 12 22 I
89 876 103 21 händelse
208 876 48 22 icke
271 876 67 21 några
353 876 184 29 ändringsförslag
552 876 49 22 från
616 879 65 19 annat
690 876 43 22 håll
743 876 69 22 skulle
821 876 65 21 fram-

63 905 78 26 ställas,
158 906 23 20 är
195 905 35 28 jag
246 905 81 21 beredd
343 908 31 18 att
388 909 14 18 t.
418 913 19 14 o.
452 913 28 14 m.
494 905 115 29 godkänna
625 905 36 22 det
676 905 44 22 helt
735 905 41 22 och
792 905 71 21 hållet.

131 961 91 22 Ståndet
245 962 113 28 öfvergick
380 963 32 20 till
431 963 200 28 detaljgranskning
645 962 23 21 af
684 962 145 22 betänkandet
845 961 42 22 och

61 990 114 29 godkände
190 991 76 21 härvid
283 991 97 28 samtliga
395 991 45 21 deri
456 991 106 28 ingående
577 991 216 28 resolutionsförslag.

359 1156 238 28 Hypoteksföreningar.

131 1213 121 29 Föredrogs

131 1271 225 21 Ekonomiutskottets
372 1271 118 28 bordlagda
505 1271 135 22 betänkande
655 1272 42 21 N:o
714 1272 25 21 11
753 1272 7 20 i
771 1271 118 28 anledning

63 1300 24 20 af
107 1301 80 20 tvänne
210 1300 7 20 i
237 1299 165 22 Bondeståndet
416 1300 80 21 väckta
512 1300 184 28 petitionsförslag
712 1308 33 13 om
761 1300 90 28 ändring
867 1300 22 20 af

64 1329 13 20 4
93 1329 12 27 8
121 1329 7 20 i
143 1328 79 28 nådiga
238 1328 141 28 kungörelsen
395 1328 23 21 af
433 1328 42 22 den
492 1329 27 21 25
536 1329 43 28 Maj
597 1330 61 25 1859,
673 1328 110 28 angående
792 1328 97 22 vilkoren

63 1356 41 22 och
120 1357 106 21 allmänna
241 1356 123 28 grunderna
378 1357 35 21 för
427 1357 232 29 hypoteksföreningar
674 1358 7 20 i
696 1357 97 22 Finland.

131 1414 34 21 Hr
188 1414 28 21 K.
243 1414 111 21 Antell
376 1414 84 28 yttrade
482 1422 34 13 om
540 1414 59 22 detta
621 1414 144 22 betänkande:
795 1414 42 28 Jag
853 1413 38 22 ber

65 1442 76 22 endast
163 1442 23 22 få
209 1443 108 28 tillstyrka
340 1443 130 28 antagandet
493 1443 23 21 af
539 1442 123 22 Utskottets
679 1443 140 21 betänkande.
848 1442 43 28 Jag

64 1472 39 20 har
124 1471 24 21 så
171 1471 88 28 mycket
273 1478 58 15 mera
346 1472 47 20 skäl
408 1474 32 18 att
454 1473 54 27 göra
524 1471 42 27 det,
581 1479 46 14 som
643 1471 37 21 det
695 1472 76 26 beslut,
785 1472 8 20 i
808 1471 83 21 hvilket

64 1500 256 28 Hypoteksföreningens
345 1500 98 28 delegare
459 1503 86 18 stannat
561 1500 36 21 vid
614 1500 206 21 bolagsstämmorna
828 1500 63 25 1898,

63 1529 7 20 i
94 1528 41 22 alla
151 1528 119 22 afseenden
286 1529 204 21 öfverensstämmer
505 1528 49 22 med
569 1528 37 22 det
621 1529 87 27 förslag,
723 1536 45 14 som
783 1536 29 14 nu
827 1529 63 27 göres

799 1568 22 17 53
