1081 1775
389 128 57 21 Lega
458 128 23 17 af
487 128 54 20 jord.
812 123 40 21 577

55 196 93 22 faktiska
163 196 137 27 förhållande,
313 200 32 18 att
357 196 79 22 sådana
446 197 180 28 fortsättningsvis
637 196 65 29 ingås.
723 197 42 28 Jag
779 197 103 21 erkänner

55 225 122 28 visserligen
198 228 32 19 att
250 234 27 12 nu
292 226 97 28 gällande
404 226 179 28 jorddelningslag
598 226 8 20 i
621 226 104 28 väsentlig
739 226 53 27 grad
807 226 75 20 under-

55 254 62 21 lättat
132 254 113 28 styckning
260 254 39 22 och
316 254 96 29 klyfning
427 254 23 22 af
465 254 128 28 lägenheter,
609 254 40 22 och
659 255 36 27 jag
703 254 102 22 erkänner
816 254 67 21 likaså

55 285 32 18 att
101 282 133 28 lagstiftaren
248 283 39 21 har
301 283 29 21 all
342 283 97 21 anledning
470 286 32 18 att
511 283 104 28 befrämja
627 286 30 18 ett
667 282 75 21 sådant
751 282 132 27 förfarande;

56 318 47 13 men
118 311 35 28 jag
168 311 41 21 kan
224 311 48 21 icke
288 311 61 22 häraf
363 311 66 28 draga
441 291 43 41 den
494 311 131 28 konseqvens
636 314 32 18 att
678 319 48 13 man
737 311 71 21 derför
819 311 64 22 borde

56 339 52 22 söka
123 339 129 29 framtvinga
266 340 157 28 egostyckning,
439 340 64 21 äfven
519 340 37 21 der
572 340 177 21 kontrahenterna
758 340 48 21 icke
817 340 66 21 önska

57 376 25 13 en
98 368 77 27 sådan;
191 369 59 21 detta
265 369 71 21 blefve
352 369 54 21 dock
422 368 86 29 följden,
525 377 33 13 om
574 377 48 13 man
637 369 108 28 förbjuder
761 369 26 20 de
799 368 85 28 ärftliga

56 397 128 28 torpaftalen
207 397 33 21 för
262 400 32 19 att
315 398 8 20 i
343 397 60 21 deras
427 397 60 22 ställe
510 397 147 22 åstadkomma
678 405 25 13 en
718 397 166 28 jordstyckning.

56 425 74 29 Enligt
145 426 43 21 min
203 426 136 29 uppfattning
354 426 91 28 grundar
460 427 33 27 sig
507 434 68 13 vanan
591 429 32 18 att
638 426 78 21 afsluta
731 426 85 28 ärftliga
827 429 58 25 torp-

57 454 52 21 aftal
146 454 12 21 på
179 462 25 13 en
223 455 138 21 utmärkande
377 455 106 28 egenskap
498 455 38 21 hos
551 455 38 21 vår
603 455 96 28 allmoge,
714 455 171 28 obenägenheten

57 486 32 18 att
104 483 93 21 afhända
212 484 32 27 sig
258 483 150 28 eganderätten
423 483 34 22 till
472 483 41 22 den
529 483 149 22 fäderneärfda
692 483 79 28 jorden,
787 491 24 13 en
823 490 62 21 egen-

53 512 63 29 'skap,
138 519 44 14 som
202 512 113 28 ingalunda
334 512 39 21 bör
387 511 134 28 motarbetas,
538 512 88 21 emedan
642 512 41 21 den
697 513 62 27 utgör
774 513 7 20 i
797 512 40 21 och
852 511 34 21 för

58 541 32 28 sig
112 548 26 13 en
160 541 69 21 starkt
250 541 168 21 konserverande
446 541 70 21 faktor
538 541 7 20 i
570 541 100 21 afseende
693 540 13 21 å
728 540 158 22 bibehållandet

58 566 34 24 för
114 569 47 22 vårt
183 569 50 22 land
255 569 23 22 af
299 577 25 14 en
343 569 134 29 sjelfständig
491 569 41 22 och
547 569 130 29 någorlunda
692 569 123 22 välmående
830 569 56 29 jord-

59 598 80 28 egande
154 598 129 28 befolkning.
313 598 44 22 Det
372 598 69 22 finnes
456 598 81 22 således
553 598 48 22 icke
615 598 129 28 tillräckliga
753 598 46 22 skäl
810 598 34 21 för
854 600 32 20 att

58 627 61 29 påstå
134 630 32 18 att
181 635 28 13 nu
223 627 162 28 ifrågavarande
401 627 53 21 aftal
469 635 50 13 vore
535 627 127 28 obehöfliga.

127 656 44 21 Det
193 655 70 28 frågas
285 656 33 27 då,
340 664 34 13 om
396 656 26 21 de
445 656 70 21 kunna
535 657 7 20 i
564 656 69 28 någon
652 655 48 22 mån
719 664 50 14 vara
784 655 102 28 skadliga.

59 684 52 22 Icke
126 684 67 22 heller
208 684 72 21 härför
295 684 38 22 har
347 685 35 28 jag
397 684 70 22 funnit
481 684 60 22 bevis
555 685 8 20 i
579 685 160 21 reservationen.
769 684 117 21 Reservan-

60 716 58 18 terne
143 713 91 28 jemföra
256 713 62 21 dessa
340 713 85 28 ärftliga
447 713 100 29 torpaftal
569 713 50 21 med
641 713 158 21 fideikommiss.
834 712 53 22 Man

60 742 69 21 kunde
152 742 96 21 häremot
266 742 76 21 främst
363 742 92 21 invända
477 745 32 18 att
528 742 113 21 stiftandet
661 742 22 21 af
698 742 153 27 fideikommiss
866 742 21 27 ju

60 771 47 21 icke
122 770 68 22 heller
205 772 23 20 är
242 771 7 21 i
264 771 35 27 lag
314 770 113 29 förbjudet,
443 774 50 18 utan
508 773 92 19 tvärtom
615 770 80 22 lemnar
705 771 26 21 Å.
742 770 25 22 B.
777 770 111 28 möjlighet

60 799 32 21 till
113 802 33 18 att
166 807 75 20 genom
264 799 109 28 vilkorligt
395 802 126 19 testamente
544 799 61 21 stifta
623 799 152 21 fideikommiss
791 802 50 18 utan
856 801 32 19 att

60 828 96 21 tillstånd
177 828 72 21 dertill
264 828 103 21 behöfver
382 828 107 26 utverkas,
505 828 65 21 ehuru
585 828 76 21 sådant
675 828 8 21 i
698 828 71 28 regeln
784 827 104 21 härintills

61 856 62 22 skett.
152 856 53 22 Men
226 857 134 28 jemförelsen
384 858 23 20 är
429 857 67 27 enligt
517 858 44 20 min
582 856 136 29 uppfattning
736 856 48 22 icke
799 856 89 21 heller
876 852 15 38 i

62 885 66 28 öfrigt
143 885 88 22 hållbar.
261 885 34 21 De
310 886 84 27 ärftliga
403 885 129 28 torpaftalen
544 885 109 28 begrunda
662 885 48 21 icke
720 885 67 27 någon
799 884 90 29 egande-

62 915 47 25 rätt,
131 916 51 19 utan
205 913 75 22 endast
301 921 25 14 en
348 921 45 14 mer
415 914 52 21 eller
489 913 81 22 mindre
591 913 110 22 inskränkt
719 913 171 28 besittningsrätt

62 942 83 21 bunden
168 942 36 22 vid
226 950 26 13 en
266 943 53 27 lega,
335 950 44 13 som
395 942 32 22 tid
443 942 55 21 efter
513 950 68 13 annan
597 942 137 22 underkastas
750 943 90 20 revision
856 941 33 21 för

62 974 32 18 att
108 974 107 19 motsvara
230 971 26 21 de
271 971 112 26 förmåner,
398 979 45 13 som
458 971 23 21 af
496 971 200 28 torpinnehafvaren
711 971 97 28 åtnjutas.

130 999 52 21 Men
201 1003 58 18 utom
279 1003 32 18 att
327 1000 66 27 enligt
407 1001 43 20 min
466 1000 137 29 uppfattning
618 999 87 22 sålunda
719 999 109 28 grundade
843 999 63 26 skäl.

62 1028 47 21 icke
125 1028 103 29 föreligga
243 1028 34 21 för
292 1031 31 18 ett
337 1028 77 21 förbud
430 1031 57 18 emot
501 1029 86 27 ärftliga
602 1028 101 28 legoaftal
718 1028 69 21 finnas
802 1028 13 21 å
824 1027 66 22 andra

62 1057 60 21 sidan
144 1058 92 27 positiva
254 1057 46 21 skäl
319 1057 34 21 för
367 1057 163 28 legaliserandet
545 1057 22 21 af
582 1057 60 21 detta
656 1057 127 21 förfarande.
813 1056 76 22 Under

63 1093 72 14 senare
150 1085 56 22 tider
221 1085 65 22 hafva
301 1086 6 21 i
323 1085 91 22 Senaten
431 1088 42 19 rätt
489 1086 44 21 ofta
549 1085 136 22 förekommit
695 1085 91 21 ärenden
800 1085 90 21 rörande

63 1114 85 28 ärftliga
170 1114 107 29 legoaftal,
297 1122 44 13 som
361 1115 6 20 i
387 1114 128 28 besvärsväg
531 1114 32 21 dit
577 1114 117 27 inkommit,
710 1113 103 22 beroende
829 1113 61 22 deraf

63 1146 32 18 att
116 1144 27 20 41
164 1144 12 26 8
192 1144 7 19 i
213 1143 205 28 jorddelningslagen
435 1143 22 21 af
472 1143 24 21 år
511 1143 55 22 1895
582 1143 119 27 medgifver
715 1142 137 22 innehafvare
868 1143 23 20 af

64 1171 86 29 ärftliga
164 1175 54 25 torp,
233 1179 33 14 om
283 1171 73 22 hvilka
370 1171 53 22 aftal
438 1171 86 22 träffats
540 1171 45 21 före
601 1171 23 21 år
640 1172 61 26 1864,
713 1174 32 18 att
753 1179 77 20 genom
843 1179 48 20 ego-

64 1200 112 28 styckning
191 1200 85 29 utbryta
291 1204 70 25 torpet
375 1200 33 22 till
423 1200 135 28 sjelfständig
573 1200 105 28 lägenhet.
708 1200 11 20 I
730 1200 74 21 endast
813 1203 79 25 ytterst

64 1229 23 21 få
102 1228 37 22 fall
154 1228 66 23 hafva
235 1229 26 21 de
277 1230 146 27 ansökningar,
439 1236 44 14 som
499 1229 88 21 sålunda
601 1230 56 20 varit
672 1229 66 21 under
751 1228 91 28 Kejserl.
853 1228 38 22 Se-

65 1260 73 19 natens
152 1257 137 29 behandling,
303 1258 45 21 ledt
362 1258 33 21 till
409 1257 122 22 omedelbar
547 1257 79 21 önskad
642 1257 87 29 påföljd.
758 1257 12 21 I
786 1257 52 21 flere
854 1257 38 21 fall

65 1286 65 22 hafva
149 1286 105 21 ärendena
275 1287 55 21 varit
345 1286 22 22 af
381 1286 24 21 så
418 1287 75 27 tvistig
508 1286 155 26 beskaffenhet,
679 1289 32 18 att
725 1286 61 21 deras
801 1286 91 21 slitande

65 1315 37 21 vid
124 1314 92 22 domstol
238 1316 55 20 varit
312 1314 137 28 nödvändigt,
464 1316 7 20 i
487 1314 66 22 andra
568 1314 38 22 fall
621 1314 38 22 har
673 1315 37 21 det
725 1314 97 28 slutligen
838 1315 56 21 varit

65 1343 79 29 tydligt
164 1346 32 18 att
218 1344 143 27 ansökningen
380 1346 50 18 utan
451 1343 72 21 vidare
539 1343 55 21 måst
608 1343 70 21 afslås.
707 1343 13 21 I
735 1343 26 21 de
776 1343 64 21 flesta
854 1342 39 22 fall

66 1372 65 21 hafva
152 1372 63 21 dessa
236 1372 86 28 ärftliga
343 1372 100 28 jordaftal
464 1372 87 21 träffats
571 1372 36 21 vid
625 1372 104 26 arfskifte,
745 1372 27 20 då
787 1371 67 28 någon
870 1371 24 21 af

66 1400 136 28 arfvingarna
223 1401 8 20 i
253 1400 100 28 vederlag
376 1404 57 18 emot
450 1401 33 21 sin
498 1400 89 26 arfslott,
602 1400 46 21 från
663 1400 86 22 hvilken
763 1400 42 22 han
821 1400 72 27 afstår,

67 1429 67 28 åtnöjt
156 1430 32 27 sig
207 1429 48 21 med
270 1432 32 18 ett
316 1429 82 28 ärftligt
412 1432 54 25 torp.
496 1428 60 22 Båda
571 1428 27 22 de
613 1428 166 22 kontraherande
794 1432 99 25 parterna

68 1458 65 21 hafva
154 1458 38 21 vid
212 1458 117 20 träffandet
349 1458 22 20 af
393 1458 76 20 aftalet
491 1457 69 28 utgått
581 1457 48 21 från
650 1457 41 21 den
716 1457 177 28 förutsättningen

68 1489 32 18 att
120 1486 41 21 den
181 1485 108 22 blifvande
304 1485 151 22 innehafvaren
470 1485 24 22 af
507 1488 71 26 torpet
593 1485 27 21 då
635 1485 70 22 blefve
721 1485 135 22 innehafvare
872 1485 23 21 af

68 1514 66 27 detta,
154 1514 49 21 icke
224 1514 55 21 blott
293 1514 34 21 för
342 1522 52 20 egen
409 1514 35 21 del
459 1517 51 18 utan
525 1514 77 28 jemväl
617 1513 34 22 för
665 1514 42 21 alla
721 1515 44 20 sina
781 1513 115 22 efterkom-

804 1553 22 18 37
