1084 1764
205 113 41 20 520
447 119 24 17 R.
485 124 17 12 o.
515 120 25 16 A.
554 120 62 17 1900.
640 120 21 17 11
674 120 48 20 Maj.

177 187 35 21 vill
228 188 74 28 tvinga
325 188 125 27 menniskor,
473 188 83 22 hvilkas
580 190 98 27 religiösa
700 189 65 21 behof
786 188 47 22 icke
855 188 85 22 kräfver
955 190 47 20 sön-

176 216 117 27 dagshvila,
308 220 32 18 att
354 218 78 20 inrätta
447 218 37 20 sitt
499 218 26 20 lif
539 218 55 21 efter
610 218 76 21 andras
702 218 96 28 religiösa
814 217 130 29 fordringar).
964 217 39 21 Må

178 244 118 22 Ständerna
318 246 127 28 principielt,
460 254 74 20 genom
552 250 32 18 att
598 247 90 21 omfatta
710 246 153 22 betänkandets
880 246 61 26 kläm,
958 247 45 21 visa

178 276 31 18 att
224 273 27 21 de
267 273 50 29 vilja
332 274 122 29 respektera
469 275 76 21 andras
561 275 148 29 öfvertygelse.
738 275 79 21 Finner
827 275 132 28 Regeringen
971 278 32 18 att

177 302 102 28 förslaget
294 304 7 19 i
316 302 47 22 dess
381 303 23 21 af
424 303 111 22 Utskottet
556 304 140 21 formulerade
715 306 84 26 stränga
822 304 53 20 form
897 304 23 20 af
935 304 68 20 finan-

178 330 60 22 siella
253 331 45 21 skäl
314 334 23 18 är
352 332 124 28 outförbart,
491 332 24 22 så
530 332 35 22 må
580 332 37 22 det
632 333 28 21 då
674 332 134 28 genomföras
823 332 75 21 endast
912 332 35 21 »så
957 332 47 21 vidt

177 359 102 28 möjligt».

246 417 34 21 Hr
295 418 53 20 Aug.
372 418 35 21 Fr.
422 418 132 22 Granfelt:
584 419 35 21 Då
634 419 65 28 några
714 418 63 22 ärade
793 419 65 21 talare
874 418 64 22 redan
953 418 50 20 tidi-

178 453 49 19 gare
244 431 117 45 framhållit
375 446 133 29 svårigheten
525 450 32 18 att
572 448 94 20 anordna
681 447 186 29 söndagsledighet
882 448 6 20 i
903 447 41 21 den
956 446 46 21 mån

179 474 113 22 Utskottet
306 476 7 20 i
329 476 30 20 sin
375 475 56 21 kläm
447 476 94 27 föreslår,
558 476 23 21 så
596 476 35 21 vill
648 477 35 27 jag
698 476 47 21 icke
756 476 72 21 vidare
838 479 93 25 upptaga
941 475 61 21 Stån-

178 503 46 21 dets
240 504 33 20 tid
295 504 48 21 med
365 507 32 18 att
419 504 111 22 framhålla
554 513 40 20 nya
617 505 52 26 skäl,
684 508 49 18 utan
749 504 38 22 ber
802 505 74 21 endast
890 504 23 21 få
928 504 75 21 under-

178 532 61 21 stöda
255 532 34 21 Hr
304 532 118 22 Snellmans
438 534 154 28 omredigering
607 534 23 20 af
645 534 66 21 andra
726 534 165 20 reservationens
907 533 62 21 kläm.

247 590 35 20 Hr
304 590 26 21 G.
348 590 17 21 I.
387 590 128 22 Blåfield:
546 591 41 28 Jag
602 591 38 21 ber
654 594 32 18 att
702 591 22 21 få
738 590 128 22 understöda
881 590 38 22 det
933 590 22 21 af
970 590 33 21 Hr

179 618 119 22 Schauman
313 619 74 27 gjorda
402 619 107 29 förslaget,
523 620 83 21 hvilket
622 628 61 20 synes
694 620 44 28 mig
749 620 69 20 kunna
828 620 103 27 inrymma
941 619 63 21 äfven

179 647 52 21 flere
246 647 66 22 andra
327 648 84 28 förslag,
427 656 44 13 som
486 648 38 21 här
539 648 122 27 framstälts,
677 648 65 22 bland
757 648 48 21 dem
820 648 32 20 Hr
871 648 133 28 Jägerhorns,

179 675 40 21 och
234 676 83 21 hvilket
331 676 66 28 enligt
412 678 42 21 min
471 677 135 29 uppfattning
620 678 8 20 i
643 678 32 20 sin
691 678 130 27 konseqvens
832 676 59 22 torde
902 676 33 21 stå
947 684 57 20 myc-

179 704 37 22 ket
237 706 57 23 nära,
316 705 79 21 kanske
418 706 146 21 sammanfalla
578 706 13 20 å
606 714 39 13 ena
660 706 59 21 sidan
736 706 48 20 med
805 706 34 20 Hr
853 705 124 26 Snellmans,
993 704 12 22 å

179 733 65 22 andra
267 733 59 21 sidan
349 734 48 21 med
413 734 37 22 det
465 734 84 29 förslag,
564 735 7 20 i
587 734 82 22 hvilket
684 734 34 22 Hr
733 734 158 22 Wallenskölds
905 734 99 28 yttrande

178 762 98 28 slutligen
292 763 133 28 utmynnade.

248 819 35 21 Hr
297 819 22 21 af
334 820 138 22 Forselles:
502 820 44 22 För
560 822 42 20 min
618 821 35 21 del
669 821 37 21 har
721 822 35 27 jag
771 820 23 22 af
808 820 26 21 de
850 820 154 28 andraganden,

178 855 44 14 som
245 848 39 21 här
298 848 71 22 hållits
384 849 32 21 till
432 849 81 21 förmån
529 850 34 20 för
578 849 40 21 den
634 850 65 20 andra
714 850 161 26 reservationen,
891 849 47 21 icke
954 848 49 21 blif-

178 877 32 21 vit
225 876 127 29 öfvertygad
367 885 33 13 om
416 878 48 21 dess
480 879 87 20 rättvisa
577 878 39 21 och
628 878 211 28 sanningsinnebörd;
849 878 35 28 jag
894 877 38 21 ber
942 877 62 21 vörd-

179 908 55 18 samt
249 908 32 18 att
296 906 22 20 få
336 906 85 21 förorda
444 906 117 28 antagande
584 907 22 21 af
629 907 123 21 Utskottets
775 906 62 21 kläm.
866 906 10 20 I
900 906 104 21 anseende

178 934 33 20 till
226 934 42 21 den
284 934 57 28 långt
356 935 141 21 framskridna
511 935 59 21 tiden
586 935 36 21 vill
637 936 35 27 jag
685 936 48 20 icke
747 935 60 27 länge
818 934 113 29 uppehålla
942 934 62 21 Stän-

179 962 37 22 det
230 966 50 18 utan
295 966 57 25 yttra
368 964 27 20 mig
426 964 52 21 kort.
493 977 27 1 —
536 964 48 21 Den
600 967 56 18 stora
671 964 99 28 engelske
786 964 146 27 historiologen
944 962 61 22 Mac-

179 991 61 29 aulay
264 994 65 26 säger,
351 995 32 18 att
397 972 38 41 det
455 992 99 28 engelska
569 992 77 22 folkets
662 992 141 22 fasthållande
827 992 36 21 vid
886 992 118 27 söndagens

180 1020 104 28 helgande
299 1021 6 20 i
321 1028 44 14 mer
381 1023 25 19 än
423 1024 30 18 ett
468 1021 99 21 afseende
590 1021 38 21 har
649 1021 127 29 tillskyndat
791 1022 95 20 nationen
903 1023 44 18 stor
961 1020 44 21 väl-

179 1049 96 28 signelse.
305 1049 41 28 Jag
368 1051 23 19 är
413 1050 44 20 lika
477 1049 62 29 djupt
556 1050 126 28 öfvertygad
698 1058 34 13 om
747 1049 127 28 riktigheten
890 1049 39 21 och
945 1048 60 22 befo-

179 1077 104 28 genheten
299 1078 22 20 af
336 1078 59 21 detta
418 1078 107 21 uttalande
541 1086 45 14 som
601 1078 13 21 å
628 1078 66 22 andra
714 1078 59 21 sidan
790 1086 33 12 om
847 1078 114 27 sanningen
982 1077 23 21 af

180 1106 40 21 den
236 1106 71 28 gamla
321 1106 40 29 lag,
376 1106 86 22 hvilken
478 1107 119 26 förkunnar,
613 1110 32 18 att
667 1107 66 28 »synd
748 1109 23 19 är
787 1109 30 19 ett
832 1106 55 22 folks
904 1106 101 21 förderf>.

178 1135 45 21 Det
238 1142 63 21 synes
316 1136 48 27 mig,
379 1138 32 18 att
425 1136 130 21 innebörden
570 1136 23 20 af
607 1136 40 21 den
658 1136 66 21 andra
735 1136 165 20 reservationens
909 1134 95 28 yrkande

179 1166 51 18 nära
245 1171 42 21 nog
300 1166 82 19 närmar
397 1165 32 27 sig
444 1164 106 28 förtryck;
565 1167 23 25 ty
603 1168 32 17 att
650 1164 31 21 till
698 1164 163 28 söndagsarbete
873 1164 50 27 vilja
933 1164 73 27 tvinga

180 1192 126 26 menniskor,
320 1192 73 22 hvilka
409 1193 22 21 af
446 1194 31 20 sin
493 1193 97 28 religiösa
605 1193 142 28 öfvertygelse
762 1192 108 28 förbjudas
886 1195 32 17 att
932 1192 74 21 arbeta

179 1220 67 22 under
262 1220 135 29 hvilodagen,
412 1221 41 22 kan
475 1222 93 21 hvarken
585 1229 24 14 ur
624 1222 137 21 humanitets-
784 1221 51 21 eller
855 1222 54 19 ännu
925 1220 80 21 mindre

180 1257 23 13 ur
218 1249 85 28 religiös
326 1250 107 28 synpunkt
455 1251 111 20 försvaras.
595 1251 41 20 Att
658 1251 50 27 vilja
731 1250 104 21 frånhålla
857 1249 150 28 söndagshvila

180 1278 39 21 och
236 1278 130 22 sabbatsfrid
382 1287 25 12 en
423 1279 40 26 hel,
478 1279 63 21 redan
557 1287 26 13 nu
603 1279 63 21 talrik
688 1278 162 27 samhällsklass,
865 1278 86 21 hvilken
974 1278 32 21 till

179 1307 54 28 följd
248 1307 23 21 af
287 1307 268 22 samhällsförhållandenas
576 1308 70 27 jemna
666 1307 40 22 och
722 1307 83 28 stadiga
821 1307 121 27 utveckling
957 1306 50 21 med

179 1335 73 28 hvarje
269 1335 23 22 år
306 1335 66 22 måste
394 1336 67 22 blifva
483 1336 30 21 alt
535 1336 105 25 talrikare,
663 1343 61 21 synes
748 1336 43 27 mig
811 1335 140 28 hänsynslöst,
966 1334 40 21 och

180 1363 66 29 derpå
262 1364 40 21 kan
317 1365 35 27 jag
366 1365 48 20 icke
429 1365 27 28 gå
470 1365 27 21 in.
526 1365 42 28 Jag
588 1365 43 26 ber,
646 1373 43 13 som
706 1364 68 28 sagdt,
790 1367 31 18 att
837 1364 22 21 få
873 1363 86 22 förorda
973 1366 33 18 ut-

179 1392 218 22 skottsbetänkandet.

247 1449 34 22 Hr
295 1450 53 28 Aug.
364 1451 121 27 Ramsay:
516 1450 75 22 Under
606 1450 158 21 diskussionens
780 1449 83 29 förlopp
879 1449 38 21 har
933 1457 24 12 en
972 1449 35 20 be-

178 1479 195 28 greppsförvirring
395 1479 80 21 inträdt
493 1479 39 22 och
548 1480 54 27 gjort
617 1479 32 28 sig
663 1479 104 28 gällande.
798 1478 73 21 Staten
887 1478 84 27 tvingar
986 1478 20 27 ju

179 1508 63 27 ingen
259 1511 32 18 att
305 1511 77 25 antaga
403 1509 65 27 tjenst
490 1508 36 22 vid
548 1509 198 27 statsjernvägarne,
768 1510 49 19 utan
840 1507 41 22 den
909 1505 98 30 erbjuder
