1084 1786
397 131 58 21 Lega
467 131 23 17 af
498 132 53 20 jord.
819 125 41 21 635

132 200 12 26 s
161 200 33 20 34.

131 256 59 22 Frih.
206 264 42 14 von
262 256 89 22 Born:
381 256 42 28 Jag
441 256 49 22 ville
506 258 52 26 göra
573 256 137 22 beträffande
726 258 27 20 34
769 258 12 26 $
797 259 31 19 ett
844 256 47 22 litet

62 285 174 28 tilläggsförslag.
264 285 42 26 Jag
326 293 39 13 var
384 285 33 20 för
432 286 43 19 min
490 285 36 21 del
540 286 8 19 i
564 285 41 21 den
621 285 128 27 föregående
764 285 125 28 paragrafen

65 314 49 21 fullt
129 313 84 22 beläten
228 313 48 22 med
291 313 123 22 Utskottets
430 313 140 27 betänkande,
585 313 41 21 och
641 314 36 27 jag
686 313 67 21 skulle
764 313 65 22 hafva
838 321 52 20 upp-

63 343 59 21 trädt
137 345 57 18 emot
208 342 37 21 det
260 342 74 26 beslut,
349 349 44 14 som
409 350 27 13 nu
452 341 72 22 blifvit
538 343 22 20 af
575 342 26 21 R.
616 349 18 14 o.
643 342 27 21 A.
678 342 85 26 fattadt,
772 341 73 22 sävida
853 342 38 21 det

64 371 48 21 icke
133 371 103 21 förefallit
256 371 44 27 mig
318 370 144 29 egendomligt
474 373 32 19 att
520 371 35 28 jag
571 371 68 21 skulle
654 370 96 22 försvara
766 370 124 23 Utskottets

64 399 134 22 betänkande
220 402 57 19 emot
298 400 43 20 min
363 399 63 21 ärade
442 407 84 20 granne,
545 407 45 13 som
605 407 80 20 angrep
701 399 122 26 detsamma,
840 402 50 18 utan

62 431 34 18 att
110 429 65 21 hafva
189 431 118 18 reserverat
321 429 32 26 sig
372 429 4 20 i
394 428 115 21 Utskottet.
538 428 53 21 Men
605 429 36 27 jag
656 427 55 22 hade
726 427 65 22 ocksä
803 431 32 18 ett
845 428 45 27 vig-

63 458 69 27 tigare
148 457 45 22 skäl
208 459 33 19 att
255 456 129 22 understöda
398 456 155 22 betänkandet:
569 457 42 20 den
626 456 163 28 omständighet,
803 457 87 22 hyarom

64 486 7 20 i
93 485 128 28 föregående
243 485 99 29 paragraf
364 493 38 13 var
417 485 66 28 fråga,
496 487 23 19 är
534 488 97 25 nogsamt
645 485 128 22 observerad
788 486 7 20 i
809 485 81 29 prakti-

65 514 41 21 ken
134 515 23 20 af
175 514 73 21 herrar
262 514 131 28 legogifvare
408 513 40 22 och
464 514 26 21 de
505 516 36 19 äro
557 513 88 22 sälunda
659 514 8 21 i
681 514 58 27 regel
754 513 86 29 mycket
855 513 35 22 väl

63 543 113 28 betjenade
192 543 22 21 af
229 543 122 21 Utskottets
368 543 84 27 förslag,
468 542 76 22 sädant
558 542 37 22 det
609 542 112 28 ingäri11
734 543 91 21 mom.af
835 543 28 20 44
872 543 18 26 $.

63 572 74 20 Annat
154 573 23 19 är
194 570 142 22 förhällandet
350 571 48 21 med
415 571 41 21 den
471 570 164 27 omständighet,
649 570 88 22 hvarom
752 572 28 20 34
796 572 12 26 &
823 570 67 22 hand-

65 599 36 22 lar.
130 599 77 22 Denna
228 599 64 21 tanke
314 601 23 19 är
351 599 155 28 jemförelsevis
521 607 34 20 ny,
571 599 65 21 ehuru
652 607 48 13 man
714 602 98 25 nogsamt
826 599 64 21 äfven

65 628 33 21 får
119 628 136 28 ihägkomma
277 628 68 21 ökade
367 627 108 29 utskylder
493 628 34 21 för
542 635 26 14 en
583 627 100 28 lägenhet
697 627 66 22 under
778 627 112 29 legotiden.

63 656 83 22 Sädant
169 657 96 21 förekom
290 657 46 20 ofta
356 656 143 28 fordomdags,
522 664 49 13 men
593 656 48 21 icke
663 656 28 29 pä
706 657 27 20 de
747 657 52 21 sista
813 657 34 25 40,
863 657 26 20 50

62 685 57 25 åren,
142 685 70 22 sävidt
233 686 35 27 jag
283 686 86 20 minnes.
398 685 50 21 Men
464 685 56 21 hvad
536 693 49 13 man
601 685 76 21 saknat
690 685 73 28 hvarje
778 685 113 28 anledning

64 717 32 18 att
110 714 65 21 tänka
190 715 33 26 sig
238 716 23 19 är
276 714 26 21 de
318 713 110 22 minskade
443 713 142 29 utskylderna.
600 714 45 21 Det
653 713 38 22 har
699 713 118 22 emellertid
824 713 66 22 sedan

63 742 108 28 åtskilliga
192 743 109 20 årtionden
322 743 101 27 gestaltat
445 743 32 27 sig
493 742 102 22 skenbart
609 742 24 21 så
647 745 104 26 gynsamt,
765 745 32 18 att
812 743 21 20 vi
848 742 43 21 fått

64 771 144 21 hvarjehanda
229 779 63 13 onera
314 771 40 21 och
372 771 115 28 utskylder,
503 771 46 21 dels
564 771 147 21 efterskänkta
725 771 46 21 dels
787 771 102 26 nedsatta,

64 779 104 48 oss
196 799 181 27 kronoutskylder,
400 800 36 27 jag
460 800 54 21 talar
536 799 48 22 icke
607 807 28 14 nu
657 807 33 14 om
709 799 27 22 de
751 799 139 22 kommunala.

65 828 65 21 Detta
154 828 132 21 förhällande
310 808 39 41 har
363 828 71 21 berott
448 828 46 21 dels
508 828 28 29 på
551 831 33 18 att
596 828 72 21 landet
683 828 73 21 blifvit
771 828 73 28 ålagdt
859 831 32 18 att

64 856 70 22 utföra
149 860 79 25 tungan
243 857 21 20 in
279 860 75 18 natura
368 857 28 28 pä
410 860 32 18 ett
456 859 48 24 sätt,
520 865 45 13 som
580 857 48 21 icke
643 857 71 21 häftar
726 857 36 21 vid
777 856 74 29 jorden
862 869 27 3 —

63 885 36 27 jag
124 885 67 28 syftar
213 885 134 28 naturligtvis
362 885 28 29 på
402 886 146 28 värnepligten
565 898 26 3 —
607 885 46 21 dels
667 886 28 28 på
710 888 32 18 att
756 885 39 21 vår
809 885 81 28 budget

64 921 86 13 numera
173 916 23 18 är
211 914 131 28 väsentligen
360 914 104 21 beroende
479 914 28 28 på
522 914 189 26 tullinkomsterna,
727 921 44 14 som
786 914 63 27 lägga
864 921 26 13 en

63 942 101 22 oerhördt
185 942 117 28 tryckande
322 942 137 28 beskattning
481 942 29 29 på
527 942 83 22 landets
625 942 133 26 innevånare,
773 950 48 13 men
836 942 55 21 hvil-

65 970 41 22 ken
124 970 136 29 beskattning
275 971 47 21 icke
337 971 77 21 träffar
429 971 151 27 lägenheterna
595 971 39 21 och
650 971 34 21 för
699 971 27 21 de
741 971 64 21 flesta
819 978 71 21 perso-

64 1006 37 14 ner
116 1001 22 19 är
154 1000 87 21 alldeles
256 1000 113 27 förborgad
385 1000 40 21 och
440 1000 77 28 glömd.
547 1000 45 21 Det
606 1000 39 21 har
659 999 88 22 sålunda
753 1000 100 21 inträffat
859 1002 32 18 att

64 1028 22 20 vi
102 1028 42 21 fått
157 1028 136 27 nedsättning
308 1029 7 20 i
330 1028 189 29 jordutskylderna,
534 1028 41 22 och
590 1028 75 28 frågan
681 1036 34 13 om
725 1028 165 27 grundskatt&ns

63 1056 139 28 fullständiga
226 1057 119 28 aflyftande
368 1070 27 2 —
418 1064 25 14 en
458 1057 67 28 fråga,
540 1060 57 18 emot
615 1056 87 22 hvilken
716 1057 124 28 visserligen
855 1057 36 28 jag

64 1084 95 22 kommer
174 1085 23 21 så
212 1085 61 28 länge
288 1086 35 27 jag
338 1085 68 22 lefver
420 1088 32 18 att
467 1085 49 28 höja
531 1086 44 20 min
591 1087 45 20 röst
650 1098 29 2 —
694 1085 38 21 har
739 1093 26 13 en
774 1086 43 20 viss
825 1085 65 21 fram-

64 1113 32 21 tid
118 1113 34 21 för
174 1115 38 26 sig,
234 1114 38 21 det
291 1114 42 21 kan
355 1114 48 21 icke
417 1114 88 29 hjelpas,
523 1114 38 21 det
575 1115 46 20 visa
636 1114 111 28 exemplen
761 1114 47 21 från
824 1113 67 22 andra

63 1141 79 22 länder.
172 1142 103 21 Kommer
290 1143 69 21 denna
368 1143 78 21 reform
456 1143 68 20 under
535 1142 144 29 hvarjehanda
689 1142 62 29 tryck
762 1145 32 19 att
804 1149 87 21 genom-

64 1170 57 21 föras
146 1171 56 21 inom
224 1171 66 27 några
311 1172 113 20 decennier
448 1171 40 21 och
502 1171 138 28 jordegarene
656 1171 47 21 icke
718 1172 56 20 varit
789 1170 102 22 betänkta

62 1198 29 28 på
112 1199 105 28 följderna
238 1200 23 20 af
276 1200 128 26 densamma,
416 1199 24 21 så
454 1199 55 21 hade
524 1200 38 20 det
577 1202 32 18 ett
623 1200 54 21 visst
690 1199 65 21 värde
771 1207 33 13 om
821 1206 48 14 man
883 1199 8 20 i

63 1227 69 21 denna
147 1228 100 28 paragraf
261 1228 50 22 ville
326 1228 44 21 låta
385 1228 257 28 reciprocitetsprincipen
652 1228 84 21 komme
750 1228 34 21 till
799 1227 91 29 uttryck,

62 1258 24 26 ty
100 1255 69 29 någon
184 1257 136 28 reciprocitet
334 1256 40 22 bör
388 1256 40 22 dock
461 1256 53 22 råda
528 1256 91 22 emellan
633 1256 130 28 legogifvare
779 1256 40 22 och
833 1256 58 28 lego-

62 1287 79 25 tagare,
164 1292 34 14 om
218 1292 49 14 man
281 1285 65 21 också
360 1293 65 19 gerna
440 1285 103 21 erkänner
558 1288 33 18 att
605 1286 22 20 vi
642 1285 23 21 så
680 1285 47 21 vidt
741 1285 84 28 möjligt
839 1284 52 22 böra

62 1313 63 21 ställa
146 1313 122 22 fördelarna
288 1314 28 28 på
330 1314 146 28 legotagarens
491 1314 47 21 sida
553 1313 68 22 såsom
637 1314 92 21 varande
745 1314 41 21 den
802 1320 89 21 svagare

63 1344 80 26 parten.
172 1342 42 28 Jag
241 1344 23 19 är
286 1342 48 22 fullt
357 1350 49 14 ense
428 1350 34 14 om
481 1345 33 19 att
527 1342 74 28 hvarje
617 1342 79 28 ökning
711 1342 23 21 af
748 1342 143 28 utskylderna,

62 1377 46 14 som
131 1370 82 22 drabba
231 1370 131 28 lägenheten,
377 1371 54 21 skall
446 1370 82 22 drabba
543 1371 151 28 legogifvaren,
710 1378 47 14 men
773 1372 35 27 jag
823 1370 68 22 skulle

62 1398 68 22 önska
154 1402 38 23 att,
217 1400 72 20 såvidt
310 1400 48 21 icke
383 1400 8 20 i
416 1399 123 21 kontraktet
563 1399 89 21 särskild
677 1399 214 22 öfverenskommelse

62 1428 72 27 gjorts,
150 1428 72 28 hvarje
237 1428 93 28 lindring
345 1429 7 20 i
368 1428 138 28 utskylderna
520 1427 67 22 måtte
602 1428 85 21 komma
701 1428 146 28 legogifvaren
858 1427 33 21 till

62 1462 41 14 ena
117 1456 82 21 hälften
214 1456 41 22 och
268 1456 34 22 till
317 1456 66 22 andra
397 1456 82 21 hälften
495 1457 136 27 legotagaren
640 1456 95 28 tillgodo.
765 1456 40 22 Ett
815 1456 77 21 sådant

62 1484 118 27 stadgande
203 1484 68 21 skulle
293 1485 44 21 låta
354 1485 79 21 affatta
448 1486 33 26 sig
496 1484 90 28 ungefär
600 1485 33 21 så:
666 1492 60 13 »men
741 1484 78 22 varder
833 1484 58 21 skatt

62 1512 52 21 eller
128 1516 65 24 tunga
208 1513 8 21 i
231 1513 35 27 lag
280 1513 98 22 minskad
393 1513 51 21 eller
459 1513 140 26 efterskänkt,
614 1513 95 22 kommer
723 1513 82 22 hälften
813 1513 23 21 af
844 1514 47 20 vär-
