1084 1761
425 135 58 20 Lega
495 135 24 16 af
525 135 55 20 jord.
848 129 40 20 645

88 202 134 28 legotagaren
238 202 44 22 står
297 203 55 20 ändå
367 203 49 20 icke
431 203 7 20 i
453 202 37 22 det
504 203 76 21 intima
590 202 132 22 förhållande
732 202 33 21 till
775 202 143 29 legogifvaren

88 238 45 14 som
147 231 95 21 tjenaren
256 231 34 21 till
305 231 129 21 husbonden.

156 239 36 42 Då
213 260 35 28 jag
269 267 28 14 uu
319 259 39 22 har
380 259 66 24 ordet,
464 259 38 22 ber
516 261 36 28 jag
565 259 50 22 med
631 261 118 27 anslutning
764 260 33 21 till
812 261 57 21 hvad
883 261 36 28 jag

88 291 67 25 yttrat
175 289 8 19 i
205 288 61 28 fråga
288 296 33 13 om
338 289 26 20 33
380 289 13 26 &
408 289 7 20 i
430 288 124 22 Utskottets
569 289 134 21 betänkande
718 289 23 21 få
756 289 116 21 framställa
888 292 32 18 ett

89 316 79 28 förslag
183 316 32 22 till
230 316 89 28 ändring
337 316 46 22 utaf
398 317 164 28 formuleringen
577 318 8 20 i
601 318 25 20 11
643 317 94 29 punkten
752 318 7 20 i
774 317 69 21 denna
857 319 29 20 44
901 318 17 25 8.

88 344 46 22 Der
149 344 44 22 står
206 345 38 21 det
258 345 111 28 nämligen,
385 348 31 18 att
433 353 45 13 »om
495 346 105 21 brukaren
608 346 54 26 icke,
671 346 64 21 ehuru
746 346 71 21 derom
829 346 90 25 erinrad,

88 373 47 21 från
157 374 125 28 lägenheten
305 374 106 28 aflägsnar
429 374 33 21 till
481 375 38 21 sitt
533 374 86 22 husfolk
635 375 17 27 ej
668 374 94 22 hörande
776 382 82 21 person,
874 382 44 14 som

88 402 48 22 icke
159 404 23 20 är
195 403 8 20 i
218 404 43 20 rätt
278 410 53 21 upp-
347 402 51 21 eller
412 402 141 29 nedstigande
568 403 116 29 skyldskap
699 403 33 21 till
747 403 105 22 brukaren
868 403 52 21 eller

89 431 52 21 hans
163 431 74 21 hustru
259 431 40 21 och
321 431 86 21 hvilken
428 431 111 26 brukaren,
555 432 7 20 i
577 432 54 21 strid
646 432 49 21 med
710 432 71 21 derom
797 432 8 21 i
820 432 98 28 legokon-

88 460 81 21 traktet
191 460 80 28 intaget
293 459 83 27 förbud,
399 460 48 21 låtit
468 460 85 22 bosätta
575 461 32 27 sig
628 460 13 22 &
663 460 145 28 lägenheten»,
829 468 18 14 o.
868 468 16 14 s.
899 468 20 13 v.

88 488 70 22 Dessa
173 488 38 22 ord
228 489 20 20 >i
263 488 54 21 strid
338 488 49 22 med
409 488 72 22 derom
504 490 8 20 i
533 489 171 28 legokontraktet
725 490 82 26 intaget
827 488 89 22 förbud»

88 517 67 21 skulle
170 518 35 27 jag
220 517 51 28 vilja
284 517 75 28 utbyta
374 520 45 18 mot
435 518 19 20 »i
469 518 54 21 strid
539 518 50 21 med
604 518 127 28 stadgandet
745 518 8 20 i
769 519 26 20 33
811 519 33 26 $>.

157 574 35 20 Hr
213 574 40 21 Th.
275 574 26 21 A.
323 574 181 28 Tigerstedt:
534 574 43 28 Jag
598 574 89 21 ämnade
706 575 64 20 äfven
785 574 78 21 föreslå
877 574 41 21 den

89 601 52 22 elfte
163 602 105 29 punktens
291 602 128 29 förändring,
441 611 48 13 men
511 603 36 28 jag
561 603 50 21 ville
627 603 55 21 dock
697 603 65 21 hafva
776 603 41 21 den
832 604 8 20 i
855 603 64 28 något

89 633 96 19 närmare
208 631 219 22 öfverensstämmelse
450 632 48 21 med
521 632 148 21 motsvarande
690 632 68 28 punkt
779 633 8 20 i
809 632 41 21 den
871 631 47 22 nåd.

88 667 59 20 prop.
176 659 45 21 Det
235 661 24 20 är
274 667 25 13 en
315 659 51 22 liten
381 660 148 21 modifikation
545 661 8 20 i
567 658 113 31 uttrycket,
696 668 44 13 som
754 661 36 28 jag
805 661 75 28 tycker
896 662 24 19 är

89 689 68 27 vigtig
178 696 47 20 nog.
255 688 159 29 Propositionen
436 691 70 26 säger:
532 697 46 13 »om
601 689 90 21 brukare
714 689 88 21 oaktadt
826 689 92 21 erhållen

89 717 89 27 varning
193 717 47 21 låtit
255 717 32 21 till
303 717 36 21 sitt
354 717 85 21 husfolk
455 718 18 27 ej
489 717 94 22 hörande
598 725 111 21 personer»
726 721 40 18 etc.
796 717 123 22 Utskottets

90 745 79 28 förslag
191 747 28 23 är,
239 748 32 19 att
288 753 45 14 »om
349 745 95 28 brukare,
461 746 65 21 ehuru
540 746 73 21 derom
629 746 89 26 erinrad,
732 746 47 21 från
795 746 123 28 lägenheten

89 773 47 21 icke
159 774 106 28 aflägsnar
288 774 47 27 den,
358 782 43 13 som
418 782 18 13 o.
451 782 15 13 s.
482 783 32 13 v.»
545 775 46 21 Det
613 777 23 19 är
657 783 26 13 en
698 775 51 21 liten
765 775 154 25 modifikation,

89 809 44 14 som
149 802 55 21 dock
219 802 39 21 har
272 803 31 20 sin
320 803 114 28 betydelse.
463 803 42 28 Jag
520 803 51 22 ville
586 803 84 28 föreslä,
685 807 32 18 att
726 804 8 20 i
744 803 60 22 detta
818 803 100 21 afseende

88 831 41 20 den
150 831 47 21 nåd.
218 839 71 21 prop:s
304 831 139 28 uttryckssätt
458 832 67 21 skulle
541 832 117 21 bibehållas
673 832 39 21 och
728 832 87 21 sålunda
830 833 7 20 i
853 832 66 27 eulig-

88 859 37 21 het
145 859 49 22 med
211 867 59 21 prop.
285 860 123 21 Utskottets
423 861 68 27 tredje
506 861 40 21 och
562 861 51 21 elfte
628 861 92 28 punkter
734 860 136 22 sammansläs
885 860 32 21 till

88 887 43 21 den
147 888 85 28 lydelse,
247 896 44 13 som
307 888 41 21 den
363 888 67 29 fjerde
446 889 95 28 punkten
556 889 39 21 har
609 890 31 20 uti
655 889 47 21 näd.
716 897 59 21 prop.
800 888 43 22 För
853 888 65 28 öfrigt

89 916 37 21 ber
147 917 36 27 jag
204 916 23 22 få
249 917 129 21 understöda
400 917 58 21 Frih.
480 925 42 14 von
544 918 68 21 Borns
631 918 180 27 ändringsförslag
825 917 40 21 och
880 917 37 22 vill

88 944 106 22 dessutom
219 945 129 21 understöda
371 946 131 28 hemställan,
525 949 33 19 att
572 946 63 22 äfven
651 946 40 22 den
706 947 8 20 i
728 946 48 22 nåd.
791 954 59 20 prop.
864 953 54 21 upp-

88 976 69 25 tagna,
180 982 47 13 men
250 974 23 21 af
297 974 111 22 Utskottet
422 975 106 21 uteslutna
544 975 77 21 nionde
635 975 94 29 punkten
744 975 68 21 skulle
839 978 33 18 äter
886 975 32 20 in-

88 1001 81 29 skjutas
184 1002 64 22 bland
263 1003 62 21 dessa
339 1003 97 29 punkter.

156 1059 34 21 Hr
204 1060 57 21 Emil
277 1060 22 21 af
313 1060 162 22 Hällström
490 1061 144 21 understödde
644 1061 34 21 Hr
688 1061 132 28 Tigerstedts
833 1060 85 28 förslag.

155 1117 35 20 Hr
204 1117 119 22 Brakel:
353 1117 71 22 Jemte
447 1118 37 21 det
505 1119 35 28 jag
563 1118 94 21 anhåller
677 1121 33 19 att
726 1119 8 20 i
748 1119 42 21 allo
805 1118 22 21 få
842 1118 76 21 under-

87 1145 62 22 stöda
171 1145 57 22 Frih.
243 1154 41 13 von
299 1146 68 21 Borns
383 1147 139 28 anmärkning
538 1147 133 21 beträffande
686 1149 12 19 5
714 1147 39 21 och
770 1148 26 21 11
812 1155 84 13 momm.
910 1147 7 20 i

87 1173 38 21 det
147 1174 22 20 af
191 1174 58 21 Frih.
271 1182 41 14 von
333 1174 58 22 Born
413 1175 95 21 uttalade
530 1175 73 28 syftet,
619 1175 38 21 ber
672 1176 34 28 jag
723 1175 21 21 få
759 1175 100 21 anmärka
874 1178 45 18 mot

87 1209 62 14 mom.
165 1204 20 24 7,
199 1206 32 18 att
246 1203 124 27 detsamma,
385 1203 28 21 dä
428 1204 37 20 det
477 1204 121 23 innehäller,
609 1207 32 18 att
651 1204 104 21 brukaren
766 1204 74 21 endast
850 1203 67 22 skulle

87 1230 100 22 förverka
209 1232 31 20 sin
264 1232 91 21 legorätt
376 1232 32 21 till
432 1232 54 28 följd
508 1232 24 22 af
553 1232 85 22 äterfall
659 1233 7 21 i
684 1232 98 26 äverkan,
798 1240 61 21 synes
874 1232 45 28 mig

86 1260 105 26 orättvist,
207 1260 27 21 dä
249 1240 49 41 med
312 1260 84 21 återfall
412 1260 38 22 här
465 1268 72 14 menas
553 1261 84 21 svårare
652 1261 88 21 återfall.
769 1262 42 20 Att
826 1260 92 22 åverkan

87 1287 38 21 här
140 1288 57 21 afser
211 1288 65 22 sådan
291 1288 84 22 svårare
391 1289 99 26 åverkan,
506 1290 93 28 framgår
614 1290 23 20 af
653 1290 11 27 $
679 1291 34 20 45.
742 1290 48 28 Mig
804 1297 62 21 synes
880 1289 38 21 det

87 1324 50 13 vara
152 1316 87 22 alldeles
254 1318 91 25 rättvist,
359 1317 47 21 ifall
423 1318 46 20 »för
484 1318 85 21 återfall
583 1319 20 20 i»
613 1318 108 27 uteslutes;
731 1318 39 22 och
781 1318 93 21 anhåller
882 1318 36 28 jag

86 1352 34 14 om
143 1348 32 18 att
197 1346 25 21 R.
237 1353 18 14 o.
271 1346 26 21 A.
319 1346 66 21 måtte
408 1346 155 22 återremittera
579 1346 126 29 paragrafen
720 1348 8 20 i
742 1347 38 21 det
794 1346 23 22 af
832 1347 43 28 mig
890 1354 28 13 nu

86 1373 95 29 antydda
196 1374 71 28 syftet.

155 1431 35 21 Hr
205 1431 26 21 G.
246 1431 17 21 I.
279 1431 142 22 Blåfield:
451 1432 36 21 Då
509 1432 58 21 Frib.
589 1440 42 13 von
651 1432 68 22 Borns
748 1432 80 22 yrkande
843 1435 32 18 att
890 1433 26 20 11

86 1459 94 28 punkten
203 1460 7 20 i
231 1460 148 21 motsvarande
403 1462 26 19 51
450 1462 13 25 8
482 1461 7 20 i
505 1460 47 21 nåd.
567 1468 60 21 prop.
642 1461 62 21 äfven
718 1440 69 42 skulle
802 1460 22 21 få
838 1460 57 29 plats
910 1461 8 20 i

85 1495 29 13 nu
130 1487 145 29 föreliggande
293 1488 80 27 förslag
387 1489 75 20 vunnit
477 1489 117 21 understöd
609 1489 40 21 och
665 1489 81 21 således
761 1489 98 28 möjligen
876 1488 41 21 kan

85 1516 24 21 af
124 1516 25 21 R.
164 1523 19 15 o.
199 1517 27 20 A.
241 1516 68 21 blifva
327 1516 117 28 godkändt,
458 1520 62 25 tager
533 1518 36 27 jag
583 1518 44 27 mig
642 1517 91 22 friheten
748 1517 116 26 hemställa,
879 1517 39 21 hu-
