1086 1786
312 138 85 16 Statens
406 137 233 21 jernvägsbyggnader.
822 132 41 21 753

65 205 363 28 Kommunikationsexpeditionen,
438 205 66 28 enligt
520 206 121 28 Kejserliga
655 205 105 22 Senatens
774 205 75 26 beslut,
859 204 34 21 får

65 233 175 28 Ofverstyrelsen
256 233 31 21 till
303 233 119 24 kännedom
436 234 41 21 och
490 234 137 28 iakttagande
638 234 124 28 härigenom
775 233 115 22 meddela.»

134 262 35 21 Då
183 262 70 21 härtill
269 262 95 21 kommer
379 265 31 18 att
425 262 107 29 förslagen
548 263 33 21 till
591 262 90 22 anförda
692 264 79 19 tvänne
782 263 111 28 jernvägs-

65 291 155 27 anläggningar
234 292 37 19 äro
286 290 76 21 endast
377 291 136 35 preliminära
528 291 79 21 sådana
623 294 55 18 samt
688 294 32 18 att
730 299 41 19 nya
783 291 110 21 definitiva

66 319 185 27 undersökningar
266 318 40 22 och
322 318 66 29 derpå
402 319 112 28 grundade
530 319 187 28 kostnadsförslag
728 320 6 20 i
746 319 41 21 alla
803 319 38 21 fall
857 321 36 19 äro

67 347 78 29 nödiga
157 348 72 20 förrän
247 347 93 21 banorna
356 348 100 28 beläggas
472 348 48 21 med
536 348 79 27 arbete,
622 348 111 21 förefaller
748 348 44 27 mig
803 348 24 20 så
835 354 59 22 myc-

67 376 37 21 ket
119 376 81 21 mindre
217 379 31 18 ett
263 376 109 21 uttalande
387 377 7 20 i
409 376 49 21 rakt
473 375 87 23 motsatt
575 377 95 27 riktning
686 380 57 18 emet
753 379 86 18 senaste
849 376 45 28 lag-

66 406 52 20 tima
133 404 114 28 landtdags
262 412 51 14 vara
328 404 28 28 på
370 406 33 20 sin
419 405 62 28 plats.

137 433 34 21 En
187 440 70 14 annan
273 433 163 29 omständighet,
452 441 46 14 som
513 434 35 28 jag
563 434 44 21 fäst
622 434 43 28 mig
681 433 37 21 vid
733 434 41 21 och
785 441 46 14 som
845 433 50 21 blif-

69 462 31 21 vit
115 462 24 21 så
153 464 32 19 att
199 463 51 26 säga
273 469 25 14 en
321 470 55 13 vana
399 462 51 21 eller
472 470 70 14 ovana
557 462 53 22 huru
627 470 47 13 man
691 462 36 21 vill
743 462 56 21 kalla
815 462 42 26 det,
873 463 22 19 är

69 493 31 19 att
115 491 127 28 petitionera
257 498 34 13 om
307 493 31 18 att
353 492 133 27 proposition
502 491 109 29 angående
626 492 57 20 vissa
696 491 77 21 banors
783 490 112 29 byggande

69 519 66 21 måtte
157 519 75 21 aflätas
256 519 29 21 till
309 520 248 21 nästsammanträdande
583 520 97 21 Ständer.
710 519 63 21 Huru
796 520 47 20 litet
862 518 34 22 sä-

70 548 55 21 dana
141 548 116 28 petitioner
277 548 76 21 vunnit
375 548 127 25 beaktande,
518 556 33 14 ser
567 556 48 14 man
631 548 131 29 exempelvis
785 547 111 29 angäende

70 577 150 25 Vaalabanan,
243 576 39 21 och
308 585 29 12 nu
359 580 71 18 senast
453 577 110 28 angående
586 572 94 37 Nyslott
710 577 124 27 Kronoborg
856 576 40 21 och

71 605 109 29 Seinäjoki
196 600 162 38 —Kristinestad
374 606 120 27 jernvägar,
505 613 33 13 om
554 606 73 20 hvilka
639 605 132 21 sistnämnda
783 606 114 27 petitione-

70 634 63 21 rades
151 634 61 21 1897.
242 633 51 21 Men
316 634 64 20 äfven
404 642 26 13 en
454 634 95 28 följande
570 634 103 28 landtdag
689 636 23 19 är
727 634 56 21 helst
798 634 26 21 fri
841 633 55 22 ifrän

71 664 33 20 sin
121 662 152 28 föregängares
295 663 114 27 petitioner
428 664 6 19 i
451 662 59 22 detta
533 663 128 27 hänseende,
676 666 24 25 ty
722 670 25 14 en
773 662 124 22 Vaalabana

71 691 39 21 har
125 691 42 21 tills
183 690 51 22 dato
249 691 48 21 icke
313 691 88 21 kommit
415 692 31 20 till
463 692 63 20 ständ
542 692 40 21 och
603 691 113 22 Utskottet
731 692 119 20 eliminerar
865 691 33 21 äf-

72 728 42 13 ven
137 727 28 13 nu
188 722 99 26 stumpen
309 720 90 20 emellan
421 720 140 21 Elisenvaara
582 720 40 21 och
646 720 130 28 Kronoborg
799 722 49 18 utan
867 722 32 19 att

72 748 70 22 känna
165 749 33 27 sig
220 748 86 21 bunden
329 748 23 21 af
374 749 146 27 petitionerna.
549 748 42 28 Jag
613 752 44 18 tror
677 756 47 13 man
741 748 72 21 kunde
828 748 70 21 lemna

72 777 109 28 Styrelsen
197 776 65 22 frihet
277 776 116 28 dervidlag,
408 777 68 21 under
492 777 36 21 det
543 780 31 18 att
589 777 120 21 Ständerna
722 776 90 22 sälunda
822 776 75 22 lättare

73 806 72 20 kunna
161 813 51 13 anse
228 806 34 27 sig
277 805 152 21 oförhindrade
445 809 32 17 att
492 806 59 21 anslä
568 806 69 21 medel
653 806 32 20 till
701 806 72 20 hvilka
790 806 66 20 banor
872 805 26 21 de

73 834 56 28 vilja.
159 834 51 21 Man
235 834 38 20 bör
295 834 75 21 endast
392 842 23 13 se
433 834 33 21 till
482 838 31 18 att
528 834 34 22 för
577 835 41 21 alla
633 834 27 22 de
677 835 72 26 banor,
765 842 34 13 om
815 834 83 21 hvilkas

73 863 114 21 utförande
210 862 70 22 beslut
302 862 98 29 möjligen
424 862 42 22 kan
490 864 83 20 komma
593 864 8 20 i
623 863 67 28 fräga,
715 862 185 28 kostnadsförslag

73 893 113 26 uppgöras.

143 919 43 22 Det
210 921 23 20 är
253 919 113 29 glädjande
389 923 31 18 att
444 919 112 22 Utskottet
577 919 111 29 angäende
710 919 40 22 den
767 919 23 22 af
805 921 43 26 mig
864 919 35 21 vid

73 948 178 21 remissdebatten
276 948 89 21 berörda
388 949 248 28 expropriationsfrägan
659 949 88 20 kommit
771 948 32 21 till
824 948 25 21 sä
864 955 37 14 en-

74 977 75 28 hälligt
170 977 94 21 resultat.
294 977 49 20 Den
366 977 120 28 anordning
509 977 110 22 Utskottet
642 977 90 21 föreslär
752 978 5 19 i
774 977 32 21 sin
833 977 68 20 första

74 1005 57 22 kläm
147 1005 39 22 sid.
200 1007 28 19 44
245 1007 83 20 komme
351 1005 55 22 dock
429 1006 68 27 enligt
519 1007 42 20 min
583 1006 65 21 tanke
664 1005 40 22 och
720 1005 41 21 den
778 1005 123 28 mängäriga

74 1034 122 21 erfarenhet
211 1035 36 27 jag
261 1034 38 21 har
315 1035 7 20 i
337 1034 63 21 dessa
416 1034 63 21 saker
494 1037 31 18 att
540 1035 47 20 leda
602 1035 32 20 till
651 1034 84 21 diverse
758 1034 143 27 olägenheter.

143 1062 60 21 Skall
214 1063 109 27 Styrelsen
335 1063 55 20 först
400 1063 90 21 anställa
502 1071 24 13 en
539 1063 90 21 särskild
639 1063 114 27 värdering
764 1063 55 20 efter
831 1062 71 27 skälig

75 1091 107 28 pröfning,
198 1091 78 21 erhölle
291 1091 71 21 denna
378 1091 130 28 fullkomligt
522 1095 89 18 naturen
623 1092 22 21 af
656 1099 26 14 en
694 1091 121 28 preliminär
826 1098 76 21 expro-

75 1120 224 28 priationsvärdering.
320 1120 46 21 När
381 1120 41 21 den
438 1120 66 21 sedan
521 1120 126 21 efterträdes
662 1120 23 21 af
701 1120 40 21 den
760 1120 85 27 lagliga,
863 1119 40 21 blir

75 1148 125 29 Jordegaren
216 1149 6 20 i
238 1149 83 20 tillfälle
337 1152 31 17 att
383 1149 54 20 först
454 1149 23 20 af
494 1149 129 21 statsverket
639 1148 79 21 erhälla
733 1148 40 21 full
784 1149 119 26 ersättning

76 1177 35 20 för
119 1178 32 20 sin
161 1177 45 27 jord
217 1177 40 21 och
265 1177 65 21 sedan
337 1177 123 27 ytterligare
472 1177 42 21 läta
526 1178 128 20 kommunen
663 1177 68 28 späda
741 1177 27 28 pä
777 1183 126 19 summorna,

76 1205 25 21 sä
119 1209 31 17 att
168 1205 40 21 han
226 1206 98 27 möjligen
342 1205 92 21 beredde
450 1206 34 27 sig
499 1208 56 18 ännu
571 1207 67 19 större
654 1205 70 21 fördel
741 1207 26 19 än
783 1205 36 21 vid
835 1212 68 13 nuva-

77 1234 66 21 rande
159 1236 42 19 sätt
217 1237 32 18 att
263 1234 27 28 gå
305 1234 93 28 tillväga.
413 1234 104 21 Fördelas
532 1235 96 20 deremot
643 1237 80 25 tungan
741 1234 22 21 af
781 1234 123 28 expropria-

77 1263 73 20 tionen
165 1263 96 25 sälunda,
271 1266 31 17 att
315 1263 130 21 statsverket
455 1263 69 21 skulle
540 1263 67 21 inlösa
623 1263 27 21 all
666 1263 60 20 mark
742 1263 41 21 och
798 1262 40 21 alla
854 1262 50 21 hus-

79 1291 123 28 byggnader
216 1294 55 18 samt
282 1292 124 20 kommuner
417 1291 51 22 eller
479 1292 97 21 enskilda
586 1299 91 14 ansvara
688 1291 35 21 för
733 1291 172 28 olägenheterna,

79 1319 72 22 blefve
167 1323 69 18 staten
253 1319 81 22 befriad
350 1320 48 21 frän
414 1320 41 21 den
473 1322 71 19 värsta
562 1320 76 29 plägan
656 1320 36 21 vid
709 1320 158 28 expropriation
883 1319 23 20 af

79 1348 66 26 mark,
160 1349 106 27 nämligen
283 1349 26 20 de
325 1349 96 27 oskäliga
436 1349 100 28 anspräk,
547 1356 45 14 som
607 1349 43 28 just
663 1349 35 20 för
708 1348 137 28 olägenheter
855 1348 51 21 stäl-

79 1377 31 20 las
126 1376 28 29 pä
170 1377 87 26 kronan,
272 1377 117 28 hvarjemte
406 1377 163 21 kornmunernas
585 1381 76 24 anpart
673 1377 72 21 blefve
755 1377 81 28 ganska
848 1376 57 21 liten.

148 1405 34 28 Ty
197 1405 68 21 under
280 1405 36 21 det
331 1409 31 18 att
378 1407 145 26 ersättningen
539 1406 33 21 för
587 1405 144 28 olägenheter,
750 1405 85 22 hvartill
859 1405 48 20 räk-

80 1441 39 14 nas
141 1434 224 28 stängselskyldighet,
381 1434 112 21 försvärad
516 1434 133 27 bebrukning
665 1434 23 21 af
703 1434 80 28 jorden,
794 1433 113 27 förlängda

81 1464 71 25 vägar,
168 1463 137 27 olägenheter
323 1463 40 21 och
386 1463 79 20 skador
489 1463 67 21 under
576 1463 171 27 byggnadstiden
760 1465 56 18 samt
831 1463 77 20 ersätt-

81 1491 52 27 ning
148 1490 34 21 för
198 1490 106 28 tillfälliga
327 1498 72 14 reserv
416 1491 39 21 och
472 1494 91 25 stentag,
577 1491 66 21 redan
660 1491 41 21 kan
718 1490 71 29 uppgå
805 1490 56 20 ända
876 1489 32 21 till

816 1530 23 18 48
