1084 1767
403 124 58 20 Lega
474 124 24 16 af
504 124 56 20 jord.
828 117 40 21 627

282 204 408 28 Omröstningsproposition:

139 266 40 28 De,
194 266 72 22 hvilka
282 266 114 28 godkänna
411 267 110 27 uttrycket
537 269 79 18 »annat
631 265 221 29 byggnadsmaterial»
867 266 30 20 uti

70 295 66 21 andra
152 296 173 21 reservationens
340 295 87 28 förslag,
443 297 57 19 rösta
515 296 33 27 ja;

139 359 75 21 vinner
229 359 40 27 nej,
284 358 37 21 har
336 358 26 21 R.
377 366 19 13 o.
412 359 27 20 A.
456 358 88 21 beslutit
559 360 31 19 att
605 357 60 21 detta
680 358 86 28 uttryck
782 357 67 21 skulle
864 360 33 18 ut-

70 386 62 28 bytas
148 390 45 18 mot
208 386 64 22 orden
291 390 78 18 »annat
383 387 104 27 naturligt
502 386 231 29 byggnadsmaterial»;

140 456 87 21 hvilken
243 456 131 28 proposition
391 456 130 21 besvarades
537 455 48 21 med
602 455 161 28 öfvervägande
778 455 41 28 nej.

139 513 26 21 R.
181 520 18 14 o.
214 513 26 21 A.
256 513 67 21 beslöt
339 512 73 22 vidare
428 512 29 29 pä
471 513 26 21 hr
507 512 221 22 Landtmarskalkens
743 512 156 27 framställning

71 545 31 17 att
116 541 115 29 godkänna
249 541 57 21 Frih.
321 549 41 13 von
378 541 70 21 Borns
465 542 69 27 öfriga
550 541 112 28 ändrings-
674 541 41 21 och
726 540 171 28 tilläggsförslag,

71 570 41 22 och
127 570 55 22 hade
202 570 90 21 Ständet
311 570 90 21 sälunda
417 570 34 21 för
467 571 12 26 &
495 571 27 20 29
539 571 6 20 i
561 570 124 21 hufvudsak
701 570 96 20 faststält
811 569 41 21 den
868 569 31 21 uti

71 599 66 21 andra
156 600 158 20 reservationen
336 599 121 27 föreslagna
474 598 103 29 lydelsen,
592 598 66 21 likväl
681 598 48 21 med
752 597 94 29 följande
861 599 38 19 än-

71 628 96 28 dringar:
184 627 10 21 I
210 628 65 20 slutet
289 628 23 20 af
326 627 68 21 första
409 628 114 27 meningen
539 627 70 21 skulle
625 627 104 28 inskjutas
745 626 76 22 mellan
832 626 66 21 orden

74 659 89 18 »annat>
180 656 39 21 och
237 656 232 28 »byggnadsmaterial>
495 656 61 21 ordet
580 656 135 27 »naturligts.
739 655 159 21 Mellanmenin-

71 692 41 20 gen
136 684 47 22 frän
206 684 40 22 och
269 684 47 22 med
341 684 62 22 ordet
425 685 85 27 »njute»
531 685 65 28 jemte
616 684 72 28 början
705 684 23 21 af
742 684 156 27 slutmeningen

72 713 69 21 skulle
154 713 58 28 lyda:
230 714 71 27 »njute
316 713 41 21 han
374 713 34 21 för
423 712 38 22 det
476 713 60 21 virke
552 713 41 21 och
604 712 208 29 byggnadsmaterial
824 714 75 19 ersätt-

72 743 52 26 ning
138 742 23 20 af
176 742 158 28 legogifvaren;
353 749 48 13 men
420 742 38 21 vill
473 742 42 20 han
532 741 78 22 hellre»
628 749 19 13 o.
662 749 16 13 s.
694 749 20 13 v.
743 741 42 21 Till
801 747 98 22 paragra-

72 770 36 21 fen
130 770 69 21 skulle
220 770 99 28 slutligen
339 770 62 28 fogas
421 778 25 13 en
463 770 136 28 bestämning
614 770 23 21 af
652 770 91 28 ungefär
757 769 95 29 följande
867 769 32 28 ly-

73 798 68 22 delse:
174 799 58 27 >Lag
256 806 79 14 samma
358 806 50 14 vare
424 800 6 20 i
446 798 62 28 fråga
527 806 35 14 om
584 799 60 21 virke
663 799 41 21 och
719 801 65 18 annat
799 797 100 28 naturligt

72 827 102 26 material,
184 835 45 13 som
245 827 83 21 fordras
342 828 34 20 för
387 827 112 21 underhäll
510 828 23 20 af
545 827 106 28 byggnad,
662 827 115 28 hägnader,
788 826 61 22 broar
859 826 40 21 och

73 856 67 21 andra
156 856 145 28 inrättningar,
317 856 56 21 dock
389 856 48 21 icke
453 857 6 20 i
475 856 103 21 afseende
594 856 14 20 ä
622 856 237 28 uppsägningsrätten>.

140 913 71 21 Jemie
227 914 36 20 det
278 914 27 21 29
321 914 12 27 &
349 914 34 20 för
398 914 159 28 omredigering
567 914 7 20 i
585 914 66 21 ofvan
662 913 141 21 omförmälda
815 912 84 22 afseen-

74 942 40 21 den
130 942 33 21 till
179 942 112 22 Utskottet
306 942 201 27 äterremitterades,
523 942 80 22 beslöts
619 945 31 18 att
666 942 111 22 Utskottet
788 941 67 22 skulle
867 948 32 14 er-

72 970 56 22 hälla
141 970 35 22 del
188 971 23 21 af
221 970 57 22 Frih.
290 970 26 22 G.
328 971 22 21 Z.
361 970 192 29 Yrjö-Koskinens
568 970 100 29 yttrande
679 970 111 27 angäende
801 970 69 21 denna
881 971 17 25 $.

144 1033 13 29 8
173 1034 33 20 30.

142 1084 34 21 Hr
192 1084 27 22 G.
234 1084 24 22 C.
273 1084 168 22 Ehrnrooth
455 1084 96 29 yttrade:
570 1084 36 21 Dä
621 1084 187 28 bestämningarna
823 1084 6 20 i
845 1084 55 20 före-

73 1112 94 22 varande
190 1113 108 28 paragraf:
323 1113 38 28 »Ej
378 1113 65 21 hafve
465 1113 92 21 brukare
576 1113 32 21 lof
626 1116 31 18 ait
675 1116 51 18 utan
742 1112 158 28 legogifvarens

73 1141 96 21 tillständ
186 1142 46 21 frän
249 1142 126 27 lägenheten
392 1142 97 21 bortföra
504 1142 52 21 eller
571 1141 95 22 bortföra
682 1142 42 20 läta
740 1142 62 20 foder
814 1142 6 20 i
833 1140 67 22 sädan

73 1170 85 28 mängd,
174 1173 31 18 att
223 1170 86 28 jordens
328 1170 110 21 växtkraft
453 1172 7 19 i
475 1170 54 28 följd
545 1170 61 21 deraf
621 1170 42 21 kan
679 1170 99 26 minskas,
794 1170 46 21 icke
856 1169 45 21 hel-

74 1198 31 21 ler
122 1198 97 28 gödsel»,
237 1198 69 22 såsom
327 1198 107 22 allaredan
450 1200 6 20 i
472 1199 39 28 går
531 1198 23 22 af
572 1198 58 22 Frih.
645 1206 43 14 von
710 1198 57 22 Born
784 1197 117 27 framhölls,

74 1229 36 19 äro
132 1227 120 28 olämpliga,
267 1228 30 27 ity
317 1230 32 18 att
370 1227 37 21 det
424 1227 63 21 torde
505 1227 52 21 falla
572 1228 34 27 sig
621 1227 65 26 svärt,
702 1235 33 13 om
751 1227 48 21 icke
814 1229 47 19 rent
877 1226 23 21 af

74 1255 103 28 omöjligt,
192 1258 32 18 att
242 1256 73 21 bevisa
333 1258 38 19 när
386 1256 63 21 foder
464 1256 50 21 frän
529 1256 128 28 lägenheten
674 1256 106 21 bortföres
796 1256 7 20 i
818 1254 24 22 sä
856 1258 45 18 stor

74 1284 84 28 mängd,
180 1287 31 18 att
231 1284 86 28 jordens
335 1284 111 22 växtkraft
463 1284 34 21 till
516 1284 54 29 följd
590 1284 62 22 deraf
667 1284 100 27 minskas,
783 1284 68 21 skulle
865 1284 36 28 jag

73 1312 86 26 föreslä,
174 1316 32 18 att
224 1313 124 28 paragrafen
367 1313 66 21 mätte
448 1313 34 21 till
497 1313 115 21 Utskottet
626 1313 166 21 äterremitteras
807 1312 34 21 för
856 1320 45 13 om-

74 1341 122 28 redigering
211 1342 6 20 i
233 1342 90 27 ungefär
337 1342 96 28 följande
441 1342 66 28 syfte:
525 1342 39 28 »Ej
580 1342 65 21 hafve
661 1342 90 20 brukare
767 1341 32 21 lof
808 1344 32 18 att
849 1343 52 19 utan

74 1370 159 28 legogifvarens
249 1370 95 21 tillständ
359 1370 49 21 frän
423 1373 73 25 torpet
508 1370 97 21 bortföra
616 1370 51 21 eller
680 1370 95 21 bortföra
786 1370 43 21 läta
838 1369 63 21 foder

74 1398 52 21 eller
140 1398 75 28 gödsel
238 1398 35 22 vid
293 1398 106 29 äfventyr,
415 1406 46 14 som
477 1400 6 20 i
500 1399 11 27 $
525 1400 29 20 44
570 1398 93 28 stadgas.
694 1398 34 22 Då
743 1398 91 22 brukare
852 1397 48 21 från

74 1427 127 27 lägenheten
220 1427 61 28 flytta
300 1427 61 26 skall,
375 1427 35 21 mä
425 1427 42 21 han
483 1428 19 28 ej
519 1427 46 21 före
581 1427 77 28 fardag
673 1427 85 21 kreatur
773 1427 51 21 eller
839 1425 62 22 foder

74 1455 23 21 af
112 1455 64 21 bohle
191 1456 47 20 föra
255 1455 34 21 vid
305 1456 106 28 äfventyr,
427 1463 46 14 som
489 1456 7 20 i
511 1455 100 29 gällande
626 1456 35 27 lag
676 1455 92 28 stadgas.
798 1455 47 21 Har
859 1454 42 21 han

74 1484 36 21 vid
126 1484 150 28 afflyttningen
294 1484 63 21 foder
371 1492 60 20 gvar,
446 1484 35 21 mä
497 1484 41 21 han
555 1484 37 21 det
606 1484 106 28 medtaga,
728 1484 46 21 ifall
788 1484 48 21 icke
851 1482 50 22 bru-

74 1512 56 28 kare,
146 1520 46 14 som
209 1514 55 20 efter
278 1512 101 27 kommer,
395 1512 37 22 det
447 1513 47 21 lösa
509 1512 38 22 vill
563 1512 32 22 till
610 1512 13 22 å
638 1515 61 19 orten
714 1514 80 26 gängse
809 1512 63 28 pris».
