1084 1770
282 107 86 18 Allmän
381 107 53 16 eller
445 107 125 17 kommunal
581 106 129 21 förbudslag.
845 100 40 21 503

83 175 87 21 hvilken
190 176 165 27 petitionärerna
377 174 72 22 känna
471 175 33 27 sig
524 174 35 21 för
578 182 67 20 svaga
661 177 32 18 att
708 181 110 14 ensamma
840 172 74 22 strida.

81 203 51 22 Och
148 207 45 17 mot
208 203 63 21 dessa
286 203 146 21 erfarenheter
453 210 64 14 anser
531 204 41 27 jag,
588 210 34 14 om
638 210 49 14 man
702 202 56 22 skall
772 202 43 21 tala
831 209 34 13 om
881 208 33 14 er-

82 232 105 25 farenhet,
202 231 62 21 deras
279 232 152 26 erfarenheter,
447 231 74 22 hvilka
537 231 35 21 stå
589 234 59 18 utom
668 231 64 21 dessa
755 230 100 22 skriande
871 230 42 21 för-

81 260 122 27 hållanden,
219 260 79 28 betyda
310 260 52 21 litet.

152 289 34 21 Hr
208 288 120 22 Mechelins
351 288 82 29 förslag
453 288 32 22 till
505 288 117 22 resolution
638 288 54 21 lider
708 288 67 28 enligt
791 288 42 20 min
849 287 64 21 tanke

82 318 24 20 af
121 317 37 21 det
173 318 37 24 fel,
225 320 31 18 att
271 316 37 22 det
322 317 49 21 icke
386 318 81 20 lemnar
492 317 112 29 möjlighet
618 317 32 21 till
667 324 26 14 en
709 316 125 28 utveckling
849 316 7 20 i
871 316 42 20 den

82 346 102 28 riktning,
200 346 87 21 hvarom
304 346 75 28 frågan
401 354 28 13 nu
451 346 74 28 gäller,
540 346 107 28 nämligen
669 345 123 21 kommunal
813 344 100 21 förbuds-

83 376 49 21 rätt.
164 375 44 21 Det
229 376 23 19 är
275 374 116 21 emellertid
409 375 5 20 i
431 374 72 22 denna
523 375 102 27 riktning,
646 382 45 13 som
715 374 154 28 lagsiftningen
885 372 28 29 på

82 404 60 21 detta
165 403 44 21 håll
229 403 35 21 för
282 403 134 21 närvarande
439 403 100 21 sträfvar.
554 403 43 27 Jag
612 402 67 28 vågar
694 410 96 21 upprepa
806 402 108 28 exemplet

82 432 50 21 från
148 432 78 27 Norge.
255 431 12 21 I
289 431 73 28 Norge
377 432 97 21 infördes
499 432 55 21 1895
578 431 122 21 kommunal
716 430 140 26 förbudsrätt,
871 430 42 21 vis-

81 461 94 27 serligen
200 459 141 28 bristfällig,
340 455 13 37 i
365 459 37 22 det
424 463 32 18 att
478 460 42 21 den
544 460 102 21 omfattar
668 459 77 22 endast
767 459 146 27 utskänkning

82 489 43 21 och
140 489 154 26 utminutering
310 488 23 21 af
348 488 97 22 bränvin.
468 489 175 21 Konsumtionen
667 488 99 28 utgjorde
791 487 35 21 vid
843 487 71 21 denna

83 517 31 22 tid
131 517 52 22 eller
197 517 69 21 under
281 519 12 19 5
309 517 34 21 års
360 517 102 28 perioden
480 518 112 21 1891—95
610 518 40 25 2,66
664 517 49 21 liter
728 516 86 22 alkohol
829 523 38 21 per
883 516 30 20 in-

83 546 67 26 divid,
166 545 45 22 deri
227 545 142 22 inberäknadt
392 545 96 27 bränvin,
503 553 91 20 svagare
609 545 129 28 rusdrycker
753 545 41 22 och
810 545 25 25 öl,
851 543 63 22 redu-

82 575 79 21 cerade
176 574 55 21 efter
245 574 143 28 beräkningen
405 575 23 20 af
444 575 41 21 100
495 575 28 26 %/,
533 575 92 21 alkohol.
648 574 76 21 Under
736 574 112 21 1896—98
859 573 55 21 hade

84 603 164 22 konsumtionen
265 611 37 20 per
317 610 77 21 person
412 603 91 28 nedgätt
518 603 32 21 till
566 604 30 25 2,2
610 603 54 21 liter.
694 603 66 20 Detta
776 610 25 13 en
813 601 102 28 oafvislig

83 632 55 28 följd
155 631 23 22 af
194 631 41 21 den
252 631 135 22 kommunala
402 631 168 29 förbudslagens
586 631 113 22 införande
715 631 24 21 är
755 632 61 21 1895.

154 660 74 27 Enligt
244 667 25 14 en
285 660 174 28 korrespondens
481 661 49 20 frän
550 668 25 13 en
592 661 7 20 i
614 660 98 21 utlandet
727 659 99 22 vistande
842 658 71 22 lands-

84 696 55 19 man,
164 688 88 22 hvilken
275 689 172 28 korrespondens
470 690 57 20 varit
547 689 71 28 synlig
634 690 5 19 i
656 696 26 14 en
698 688 23 21 af
743 687 170 22 hufvudstadens

84 717 114 28 tidningar,
220 717 89 21 tillsatte
332 717 41 21 den
398 717 104 28 engelska
524 718 126 27 regeringen
673 718 54 21 1895
743 725 27 13 en
786 717 78 20 komit6
880 715 33 22 för

83 746 134 27 granskning
239 745 23 22 af
283 745 200 29 rusdrycksfrägan.
521 746 78 21 Denna
623 746 79 21 komité
722 745 101 22 arbetade
845 744 68 21 under

83 775 52 20 ären
152 775 141 21 1896—1898
317 777 54 18 samt
394 775 139 28 publicerade
556 775 111 20 resultatet
685 774 23 21 af
723 775 37 20 sitt
775 774 73 21 arbete
863 774 50 20 sist-

85 803 57 21 lidna
158 803 30 21 år.
217 803 43 21 Till
282 803 33 21 sin
331 805 193 26 sammansättning
547 803 109 28 utgjordes
680 803 40 21 den
737 803 23 20 af
775 803 13 21 8
803 809 111 21 represen-

84 834 70 19 tanter
177 831 34 21 för
234 831 279 29 rusdryckshandteringen,
537 833 13 20 8
573 832 130 28 nykterister
724 831 41 22 och
786 832 12 20 8
814 831 100 28 ojäfviga.

84 860 36 21 De
143 860 48 21 icke
214 860 213 28 nykterhetsvänliga
450 864 202 24 representanterna
682 860 95 21 uttalade
808 867 45 14 som
881 860 32 20 sin

83 888 58 28 äsigt
155 891 33 18 att
203 888 123 21 kommunal
341 888 128 28 förbudslag
485 890 57 20 ännu
566 889 48 21 icke
639 888 65 22 borde
720 889 6 20 i
744 887 98 29 England
859 887 54 21 infö-

85 924 40 18 ras,
140 916 91 22 emedan
249 917 70 21 folket
337 919 56 19 ännu
415 917 49 21 icke
483 917 121 21 ästundade
620 917 41 21 och
677 917 47 21 icke
740 924 38 14 var
794 919 71 25 moget
881 916 34 20 för

85 953 26 13 en
128 945 66 22 sädan
211 946 41 27 lag.
273 945 34 21 De
324 946 220 28 nykterhetsvänliga,
554 954 27 13 en
592 946 34 21 del
638 946 23 21 af
671 946 27 20 de
708 946 95 28 ojäfviga
814 944 41 22 och
866 944 49 22 ord-

85 974 105 21 föranden
211 974 96 21 uttalade
325 976 34 26 sig
374 974 34 21 för
423 977 32 19 att
471 975 123 21 kommunal
615 974 126 28 förbudslag
756 971 71 24 borde
838 976 76 25 genast

83 1003 81 21 införas
186 1004 1 19 i
203 1002 74 22 Wales
293 1002 41 22 och
349 1002 122 29 Skottland,
492 1003 90 21 emedan
602 1003 70 21 folket
687 1002 38 22 der
740 1010 38 14 var
794 1004 71 26 moget
880 1001 35 21 för

83 1039 26 13 en
126 1031 66 21 sädan
215 1032 41 27 lag,
277 1031 69 21 under
369 1031 36 21 det
427 1034 31 18 att
481 1039 26 14 en
529 1032 110 21 minoritet
662 1031 94 21 uttalade
774 1032 34 27 sig
822 1031 35 20 för
872 1030 42 21 den

84 1060 136 21 kommunala
244 1060 165 28 förbudslagens
433 1060 137 22 omedelbara
593 1060 113 21 införande
722 1060 6 20 i
744 1060 47 21 hela
807 1058 107 28 England.

83 1088 101 21 Orsaken
200 1088 87 21 hvarför
304 1096 26 14 en
346 1088 35 22 del
397 1088 23 22 af
435 1088 77 27 denna,
533 1089 24 21 af
578 1090 125 26 regeringen
725 1088 88 22 tillsatta
829 1088 86 20 komite,

84 1124 47 14 som
147 1116 103 22 arbetade
265 1117 68 21 under
348 1119 80 19 tvänne
439 1117 30 26 är,
479 1117 56 22 hade
547 1119 41 20 134
604 1117 172 21 sammanträden
792 1116 40 22 och
847 1116 67 21 hörde

83 1146 42 20 259
142 1149 104 25 experter,
269 1146 48 20 icke
340 1146 83 27 vägade
446 1146 45 21 helt
510 1146 42 23 och
573 1146 66 21 hället
659 1146 80 21 föreslä
754 1144 123 22 införandet
892 1144 23 21 af

84 1174 122 21 kommunal
231 1174 140 26 förbudsrätt,
394 1182 39 14 var
455 1174 50 27 den,
527 1178 32 18 att
578 1174 38 22 det
631 1174 102 28 engelska
755 1174 70 20 folket
848 1173 68 27 enligt

83 1202 75 21 dessas
182 1202 65 22 tanke
270 1203 47 21 icke
339 1203 96 21 önskade
451 1203 52 21 eller
519 1211 39 13 var
573 1206 72 25 moget
660 1204 34 20 för
709 1210 26 14 en
752 1202 66 22 sädan
834 1202 41 28 lag.

83 1230 92 21 Finland
192 1232 24 19 är
231 1231 58 20 detta
313 1231 96 21 deremot
432 1232 67 25 fallet,
514 1233 7 20 i
537 1232 37 21 det
594 1235 31 17 att
640 1232 38 20 det
692 1232 44 27 just
748 1232 22 19 är
776 1231 79 25 folket
869 1237 46 14 som

84 1259 68 21 häller
167 1259 27 28 pä
210 1259 41 21 den
268 1259 165 28 ifrägavarande
450 1260 115 21 reformen.
590 1259 66 22 Hvad
668 1267 48 14 man
719 1254 11 38 i
744 1259 98 21 utlandet
852 1258 64 21 sträf-

85 1295 38 14 var
139 1287 37 26 till,
193 1287 37 22 det
245 1287 65 22 hafva
326 1289 22 20 vi
363 1288 52 26 nätt,
435 1289 42 21 och
499 1289 67 21 hafva
582 1289 46 20 nätt
644 1288 36 21 det
695 1288 28 28 pä
739 1291 31 18 ett
785 1286 131 22 enastäende

84 1317 49 20 sätt.
162 1315 42 29 Jag
226 1317 41 19 kan
288 1316 73 21 derför
381 1317 51 24 jeke
453 1317 58 21 finna
531 1320 32 18 att
578 1317 37 21 det
630 1324 52 14 vore
697 1318 42 19 rätt
754 1319 30 18 att
800 1315 68 21 under
883 1315 34 21 sä-

84 1344 57 21 dana
156 1344 148 22 förhällanden
325 1344 45 22 helt
392 1345 41 21 och
456 1345 67 21 hället
548 1346 70 20 afvisa
637 1345 27 21 de
686 1344 54 28 kraf,
760 1344 73 21 hvilka
849 1344 67 20 finnas

84 1373 36 21 för
136 1380 25 14 en
177 1373 125 27 utveckling
318 1374 6 20 i
341 1373 71 21 denna
427 1374 103 28 riktning.
560 1374 50 21 Och
628 1373 133 21 främmande
777 1373 34 20 för
827 1373 44 27 mig
886 1372 31 20 lä-

86 1405 32 17 ter
132 1401 89 21 fruktan
244 1404 30 18 att
297 1401 106 22 öfverläta
425 1402 163 28 lagstiftningen
609 1402 27 28 pä
652 1402 59 21 detta
734 1401 86 21 område
836 1400 23 21 ät
874 1400 42 21 den

86 1430 136 21 kommunala
246 1430 160 28 sjelfstyrelsen,
429 1438 26 14 en
479 1431 148 28 sjelfstyrelse,
650 1430 62 22 hvars
736 1429 128 29 utvidgning
889 1428 28 28 pä

85 1458 61 21 detta
161 1458 87 21 omräde
272 1459 67 27 enligt
361 1460 44 20 min
427 1459 67 21 tanke
513 1460 48 20 icke
578 1460 41 20 kan
636 1458 63 22 lända
714 1458 122 21 densamma
852 1460 65 18 annat

86 1488 27 20 än
130 1486 31 21 till
177 1494 27 14 en
220 1487 125 27 utveckling
361 1488 6 20 i
383 1488 55 20 sund
454 1488 102 28 riktning.
572 1488 44 20 Det
631 1487 61 21 torde
708 1494 43 20 nog
766 1487 70 25 räcka,
852 1486 65 20 innan
