1084 1786
209 111 41 22 632
451 119 25 16 R.
490 123 17 12 o.
520 119 25 16 A.
558 119 62 16 1900.
645 119 22 17 17
680 118 49 21 Maj.

180 188 56 19 sätta
251 186 75 22 hinder
340 187 7 20 i
363 189 67 26 vägen
445 187 35 21 för
495 194 24 14 en
535 187 121 28 legotagare
675 189 32 19 att
722 187 51 28 sälja
788 186 67 27 foder,
870 186 39 22 der
923 187 82 21 försälj-

179 215 78 28 ningen
272 215 47 21 icke
334 215 73 22 länder
422 216 125 28 lägenheten
562 215 33 22 till
610 223 54 14 men.
694 215 80 22 Derför
789 215 67 22 skulle
870 216 36 27 jag
920 215 85 22 förorda

179 243 108 28 förslaget.

248 272 140 22 Beträffande
406 273 45 21 äter
467 273 36 21 det
525 274 13 19 2
562 280 62 14 mom.
646 272 50 28 säge
710 273 36 27 jag
760 280 65 20 gerna
840 275 33 18 att
888 272 117 22 detsamma

179 300 59 28 finge
254 308 25 14 en
295 300 64 22 sådan
374 301 91 28 lydelse:
498 301 59 21 »Har
572 301 96 26 brukare,
684 308 44 14 som
743 300 56 22 intill
814 300 76 29 fardag
907 300 12 22 å
934 301 71 27 lägen-

178 329 64 21 heten
258 329 126 22 underhållit
399 333 44 18 mot
458 330 47 21 dess
521 330 79 21 storlek
614 330 41 21 och
670 329 151 28 fodertillgång
829 329 104 22 svarande
944 330 61 21 krea-

178 358 173 28 tursbesättning,
375 358 37 22 vid
438 358 152 29 äfflyttningen
614 358 62 22 foder
700 366 58 20 gvar,
780 358 35 21 mä
835 358 42 21 han
895 358 37 21 det
947 358 58 22 med-

178 389 56 25 taga,
250 388 7 20 i
272 387 37 21 fall
324 387 48 21 icke
387 387 144 29 legogifvaren
548 387 51 21 eller
613 387 96 27 brukare,
722 394 45 14 som
782 387 55 21 efter
852 387 101 25 kommer,
969 386 37 22 det

179 415 46 21 lösa
240 416 38 20 vill
293 416 32 20 till
341 416 12 20 å
367 418 59 19 orten
441 418 80 26 gängse
536 416 64 28 pris».

248 472 35 22 Hr
297 472 27 22 G.
338 472 18 22 I.
371 472 153 22 Blåfield:
554 473 35 21 Hr
607 473 99 21 Aminoff
720 473 38 21 har
774 473 57 21 velat
846 473 87 21 bemöta
947 472 58 21 Frih.

179 508 41 14 von
239 501 68 21 Borns
326 502 125 28 motivering
467 502 48 21 med
530 502 38 21 det
582 502 97 28 exempel
694 505 32 18 att
741 509 25 13 en
782 502 137 27 jordbrukare
935 501 69 21 kunde

179 530 62 21 ställa
264 531 31 20 sin
319 530 96 22 ekonomi
437 530 29 26 så,
481 533 32 19 att
527 530 42 22 han
584 530 45 22 helt
644 530 40 22 och
698 530 67 22 hållet
779 530 78 22 idkade
872 530 133 28 foderodling

179 558 40 22 och
243 559 64 28 köpte
329 560 38 20 sitt
389 559 40 21 och
444 560 32 20 sin
491 559 79 29 familjs
585 559 66 21 behof
665 559 23 21 af
703 559 132 21 födoämnen.
865 559 45 21 Det
926 561 23 19 är
963 559 42 28 just

180 590 31 18 ett
234 587 75 21 sådant
333 588 104 21 missbruk
453 588 22 21 af
489 588 83 27 jordens
588 588 104 27 naturliga
706 588 79 26 förråd,
800 595 44 14 som
859 588 70 21 denna
944 595 61 20 para-

178 615 50 28 graf
242 618 93 19 närmast
350 616 51 22 eller
416 616 132 21 uteslutande
563 616 37 22 vill
616 616 101 28 aflägsna,
732 619 23 25 ty
771 619 32 18 ett
817 616 105 22 missbruk
937 618 24 19 är
968 615 37 22 det

179 647 32 18 att
225 644 46 22 helt
285 645 40 20 och
339 645 66 21 hållet
419 645 50 21 odla
484 645 66 26 foder,
566 645 101 21 särskildt
681 645 32 21 till
728 645 129 28 försäljning.
887 645 66 21 Detta
964 645 40 21 kan

178 673 22 28 ju
215 673 49 21 icke
280 681 36 13 ens
330 673 27 29 gå
372 673 71 28 längre
459 676 26 19 än
500 673 67 22 under
580 673 66 29 några
661 673 29 22 år.
718 673 68 22 Hvad
801 673 152 29 mossodlingar
969 673 35 22 be-

178 701 83 27 träffar,
283 702 58 21 bilda
355 702 27 21 de
397 710 40 20 nog
453 705 31 19 ett
498 702 86 22 slående
599 702 112 28 undantag,
726 709 48 14 men
790 702 62 21 äfven
867 702 39 21 här
923 702 82 22 fordras

179 733 32 19 ett
226 732 67 20 större
308 731 91 21 tillskott
413 731 23 21 af
451 731 121 21 artificiella
586 731 191 28 gödslingsämnen,
793 731 73 21 hvilka
881 731 123 28 visserligen

178 759 48 21 icke
250 759 33 22 till
298 760 37 21 sitt
349 760 44 28 pris
409 759 70 22 kunna
493 763 107 18 motsvara
614 759 58 22 hvad
687 767 43 14 som
746 759 111 28 bortföres,
873 763 23 25 ty
911 759 28 22 då
955 767 50 14 vore

178 788 21 28 ju
214 788 81 22 affären
309 792 78 25 ytterst
401 788 131 28 oförmånlig.
562 789 50 21 Men
628 790 35 27 jag
678 791 23 19 är
716 789 127 29 öfvertygad
858 796 33 14 om
901 792 32 18 att
940 789 63 21 äfven

178 817 7 20 i
200 816 41 22 den
258 817 99 22 händelse
372 820 115 18 momentet
501 817 68 21 skulle
584 818 23 21 få
622 818 40 21 den
678 818 126 28 redigering,
819 817 58 22 Frib.
895 826 41 13 von
945 818 58 21 Born

178 845 116 30 föreslagit,
309 846 143 30 legogifvaren
468 846 63 22 funne
547 846 49 22 med
611 847 33 21 sin
658 846 69 22 fördel
743 846 100 28 förenligt
853 849 32 19 att
895 846 108 28 medgifva

177 874 135 30 legotagaren
334 875 101 29 rättighet
450 876 32 21 till
504 876 153 28 höförsäljning
672 876 46 21 från
734 876 133 27 mossodling,
890 875 63 21 äfven
968 882 34 14 om

177 904 42 21 han
234 905 49 21 icke
303 904 68 21 tillför
385 905 73 28 jorden
473 905 121 21 artificiella
608 904 192 29 gödslingsämnen,
813 904 33 21 till
862 904 38 21 sitt
914 904 88 28 pennin-

177 933 94 28 gevärde
294 933 48 22 fullt
364 933 147 22 motsvarande
533 934 67 27 priset
620 933 28 28 på
662 933 38 21 det
714 933 28 20 hö
757 932 42 21 han
813 933 76 28 bergar
904 932 40 21 och
959 932 43 21 för-

178 961 68 28 säljer.
275 962 58 21 Frih.
352 969 37 14 von
405 962 65 21 Borns
486 962 80 27 förslag
581 962 41 21 kan
637 962 21 27 ju
673 962 7 20 i
696 961 76 22 sådant
786 961 38 21 fall
839 961 48 21 icke
903 961 53 21 läsas
964 961 38 20 all-

178 989 59 22 deles
261 990 54 21 efter
330 991 133 21 bokstafven.
493 990 154 22 Grundtanken
662 992 24 19 är
700 990 41 22 den
757 990 85 28 riktiga;
857 989 42 22 den
914 989 41 22 kan
970 997 32 14 se-

178 1018 41 24 dan
236 1019 55 26 efter
305 1019 160 24 förhällandena
479 1019 63 32 nägot
557 1019 127 24 modifieras,

247 1081 57 24 Frih.
319 1091 41 14 von
402 1089 59 16 Born:
490 1081 35 24 Då
540 1081 38 24 det
592 1081 67 30 ligger
674 1089 26 15 en
715 1081 48 23 icke
773 1082 59 28 ringa
844 1082 46 28 vigt
900 1081 28 28 på
935 1081 69 22 denna

177 1113 107 28 paragraf,
299 1112 92 22 anhåller
405 1113 35 28 jag
455 1120 33 13 om
504 1112 74 21 ursäkt
593 1119 34 14 om
642 1112 35 28 jag
692 1113 54 19 ännu
762 1118 26 13 en
802 1111 56 28 gång
873 1109 88 22 anhållit
969 1117 34 14 om

177 1141 62 22 ordet
254 1141 34 21 för
302 1144 32 19 att
349 1145 56 17 emot
413 1141 34 21 Hr
454 1141 94 21 Aminoff
556 1140 79 29 antyda
643 1143 33 18 att
682 1140 7 21 i
696 1139 77 29 sjelfva
781 1139 74 21 verket
862 1139 69 21 denna
939 1139 28 32 lag
980 1141 25 30 är

178 1169 57 29 bygd
250 1170 29 28 pä
289 1173 32 18 att
332 1177 26 14 en
370 1169 132 29 odlingsplan
512 1169 70 22 finnes
591 1169 51 21 eller
652 1169 39 21 bör
700 1168 49 21 med
761 1168 57 21 tiden
829 1168 86 20 komma
925 1170 31 18 att
963 1169 41 18 fin-

176 1206 39 13 nas
238 1198 35 21 för
294 1198 72 28 hvarje
385 1198 104 28 lägenhet,
503 1198 88 21 hvarom
606 1205 28 13 nu
649 1199 23 19 är
687 1196 65 28 fräga.
784 1196 65 22 Utom
865 1196 65 20 andra
945 1195 59 21 stad-

176 1226 92 28 ganden,
283 1234 44 14 som
343 1226 56 22 fallit
414 1228 43 27 mig
471 1234 24 14 ur
510 1227 85 25 minnet,
611 1226 41 21 kan
667 1226 35 28 jag
716 1225 90 21 hänvisa
815 1224 32 22 till
864 1226 21 19 44
896 1225 9 25 $
915 1224 12 20 6
936 1232 67 17 mom.,

176 1255 39 21 der
237 1263 50 13 man
309 1255 64 21 bland
396 1255 67 21 andra
481 1255 92 28 grunder
595 1254 34 21 för
651 1254 133 21 kontraktets
807 1252 106 22 häfvande
929 1252 73 21 infört:

179 1284 55 21 »Om
250 1284 111 21 brukaren,
376 1284 89 21 oaktadt
479 1283 93 21 erhållen
588 1284 94 27 varning,
700 1282 85 21 afviker
795 1282 45 20 från
853 1281 92 28 odlings-
953 1281 52 21 eller

177 1312 266 28 skogshushällningsplan,
466 1320 43 13 som
532 1312 35 20 för
584 1311 125 28 lägenheten
726 1310 72 22 blifvit
811 1310 92 24 införd»,
919 1317 18 13 o.
953 1317 15 13 s.
984 1317 20 13 v.

176 1340 43 22 Om
242 1348 30 14 nu
295 1340 103 22 brukaren
420 1340 39 22 har
482 1340 45 22 klar
542 1340 34 21 för
591 1341 33 27 sig
636 1340 40 21 den
692 1339 140 28 odlingsplan,
849 1346 44 14 som
908 1338 42 21 han
965 1338 38 20 vill

176 1369 131 28 genomföra,
328 1369 51 22 eller
393 1377 34 13 om
442 1369 144 28 legogifvaren
602 1368 96 22 utstakar
712 1376 26 13 en
753 1368 72 26 sädan,
839 1367 24 21 sä
878 1369 24 19 är
916 1366 37 22 det
968 1366 34 21 väl

176 1398 57 21 klart
248 1401 33 18 att
295 1398 159 22 vederbörande
469 1398 7 20 i
506 1397 108 21 kontraktet
628 1398 52 27 göra
694 1396 108 28 undantag
817 1396 33 20 för
861 1395 44 26 fall,
915 1395 87 21 hvarom

176 1426 61 22 fräga
260 1429 29 24 är,
311 1429 23 26 ty
349 1426 60 22 detta
423 1426 117 28 stadgande
555 1428 23 18 är
593 1425 23 21 af
630 1426 55 26 dem,
700 1433 45 13 som
761 1424 23 22 fä
798 1424 141 28 dispenseras;
956 1430 47 14 men

175 1463 68 14 under
265 1455 65 22 andra
353 1455 143 22 förhållanden
511 1454 67 22 måste
594 1462 47 13 man
656 1462 52 13 vara
722 1454 99 28 försigtig
835 1456 32 18 att
882 1452 68 21 lemna
965 1452 38 21 här

176 1490 26 14 en
224 1484 72 26 frihet,
319 1491 44 13 som
386 1483 148 28 undandrager
557 1484 32 27 sig
610 1485 75 19 nästan
707 1483 73 27 hvarje
800 1481 90 22 kontroll
906 1481 39 21 och
961 1481 40 20 kan

175 1512 63 28 lägga
256 1512 67 29 grund
341 1512 32 21 till
388 1512 79 28 otaliga
481 1511 147 22 missförständ
643 1511 40 21 och
698 1510 142 28 rättegängar.
869 1509 84 28 Frägan
968 1516 35 14 om
