1084 1753
205 127 42 20 668
454 133 25 16 R.
492 137 18 12 o.
522 132 26 17 A.
561 132 62 17 1800.
647 132 25 17 18
683 132 50 20 Maj.

178 208 81 13 samma
281 201 121 28 proportion
424 208 44 14 som
492 200 112 22 härintills.
633 200 116 21 Betraktar
763 207 49 14 man
828 198 26 22 de
870 198 77 26 siffror,
962 205 45 14 som

179 229 164 22 Statsutskottet
358 229 71 22 anfört
443 229 110 28 angående
568 229 144 21 inkomsterna
725 228 68 21 under
806 227 102 29 perioden
924 227 83 22 1889—

180 259 62 25 1898,
265 257 23 22 så
307 257 69 22 finner
398 265 47 14 man
462 261 32 18 att
508 258 69 21 denna
608 257 59 22 period
681 257 42 22 kan
738 256 94 22 fördelas
847 257 7 20 i
869 258 77 19 tvänne
961 255 46 22 från

178 286 121 21 hvarandra
313 286 80 26 ganska
408 286 75 29 skarpt
498 286 70 21 skilda
598 286 55 21 delar:
667 286 59 21 tiden
741 285 33 22 till
789 285 40 21 och
842 284 49 22 med
903 285 54 20 1895
967 283 41 22 och

178 314 51 22 åren
251 315 98 21 derefter.
379 315 56 21 Från
458 315 38 22 det
510 318 32 18 att
556 315 113 21 tillväxten
683 315 8 20 i
706 314 94 21 inkomst
814 313 67 22 under
895 313 41 22 den
951 313 57 20 förra

179 343 62 21 delen
257 345 56 20 varit
326 343 153 29 jemförelsevis
496 344 102 28 blygsam,
613 347 32 17 ett
659 343 24 21 år
698 343 52 21 eller
764 343 24 20 år
804 343 54 20 1892
874 341 38 21 har
927 341 81 21 inkom-

179 374 46 19 sten
248 372 34 21 till
297 372 39 21 och
352 372 49 21 med
415 372 48 28 gått
477 372 90 22 tillbaka
588 372 40 21 och
643 371 68 22 under
725 371 27 21 de
768 370 66 22 andra
848 370 50 22 åren
913 370 38 20 har
965 369 42 21 den

179 401 92 21 varierat
285 400 76 22 mellan
377 402 20 25 3,
411 402 13 20 6
439 401 40 21 och
495 401 54 27 8?/,,
565 401 96 28 springer
675 400 42 22 den
729 399 49 22 med
794 406 36 14 ens
845 399 34 21 för
895 399 54 21 1896
964 405 44 21 upp

177 429 34 21 till
226 430 33 25 12,
266 432 55 18 samt
331 431 24 19 är
363 429 67 21 under
440 429 94 29 följande
544 429 24 21 är
578 436 54 22 resp.
643 430 19 26 9,
674 430 42 25 11,8
730 428 41 22 och
784 429 44 25 13,5
835 429 34 26 %/,.
883 427 76 21 Denna
972 434 36 13 ex-

178 458 116 28 eeptionelt
309 458 71 21 starka
395 459 93 27 stegring
502 458 67 21 under
579 458 41 21 den
632 460 84 19 senaste
726 457 100 29 perioden
837 456 39 22 har
886 456 65 28 enligt
961 455 44 20 min

179 486 138 29 uppfattning
337 487 32 21 sin
391 486 116 29 förklaring
528 487 8 21 i
558 486 77 28 mänga
657 485 186 29 omständigheter,
864 484 73 22 hvilka
960 483 49 21 icke

180 515 71 21 kunna
273 516 8 20 i
303 515 91 28 längden
409 514 71 30 fortgä
494 518 32 18 att
540 516 98 20 existera.
667 514 71 22 Bland
752 514 64 22 dessa
830 512 179 29 omständigheter

180 544 37 20 vill
239 544 36 28 jag
297 544 111 21 framhälla
428 544 42 22 den
492 544 137 28 nedsättning
647 544 23 20 af
690 543 95 26 tariffen,
800 550 45 14 som
860 542 66 21 under
940 541 69 21 denna

180 572 75 29 period
277 572 53 29 egde
351 580 45 14 rum
417 573 40 21 och
479 572 87 22 hvilken
589 572 161 22 otvifvelaktigt
769 572 8 20 i
792 571 43 29 hög
849 570 53 29 grad
916 570 93 27 bidragit

179 601 34 21 till
235 601 42 21 den
300 601 68 21 ökade
384 602 97 20 rörelsen.
510 601 165 28 Verkningarna
690 600 22 22 af
742 608 54 14 denna
811 599 180 22 tariffnedsättnin

179 630 86 21 komma
287 630 55 21 dock
363 631 133 28 naturligtvis
518 630 49 21 icke
589 633 32 18 att
643 630 63 21 äfven
729 629 108 28 framgent
858 630 51 27 göra
931 628 32 27 sig
980 635 29 20 pä

180 666 81 14 samma
283 661 43 19 sätt
346 659 103 28 gällande.
478 659 83 21 Vidare
583 659 86 21 komma
686 659 27 20 de
729 657 143 29 exceptionelt
885 663 124 22 gynsamma

181 687 138 21 ekonomiska
341 687 152 27 förhällanden,
514 695 44 13 som
582 688 56 20 varit
659 687 94 21 rädande
768 688 67 19 under
850 689 82 18 senaste
946 684 62 22 tider.

179 715 43 29 Jag
245 716 37 21 vill
304 716 47 21 icke
367 716 53 21 söka
434 716 50 28 ingå
498 716 7 21 i
520 724 26 13 en
561 716 163 28 undersökning,
739 715 75 21 hvilka
828 714 95 22 faktorer
937 712 71 22 härtill

180 744 81 22 kunnat
283 744 94 28 bidraga,
398 744 56 22 helst
474 746 36 28 jag
529 744 48 22 icke
593 744 66 22 heller
673 744 137 21 tillerkänner
825 744 43 27 mig
883 742 126 28 kompetens

180 776 33 18 att
235 773 75 28 afgöra
330 773 65 21 detta.
423 774 42 28 Jag
488 774 133 21 konstaterar
643 773 75 21 endast
740 772 38 22 det
793 772 89 25 faktum,
896 774 32 18 att
943 770 66 21 under

181 804 84 19 senaste
282 802 72 28 period
370 810 25 13 en
411 802 123 28 lifaktighet
548 802 28 28 pä
591 802 42 21 alla
647 801 99 22 omräden
763 802 56 20 varit
834 800 98 24 rädande,
947 799 62 21 hvar-

180 830 34 21 till
238 838 49 14 man
308 830 28 29 pä
358 830 62 28 långa
442 830 56 22 tider
518 830 49 22 icke
582 834 43 18 sett
639 830 64 28 något
717 829 127 29 motstycke.
872 828 52 21 Men
940 830 31 19 att
985 826 25 22 sä

181 858 64 22 äfven
268 859 106 28 framgent
396 859 53 21 skall
473 859 76 26 fortgå,
568 859 72 21 derom
664 859 41 21 kan
726 866 49 14 man
790 858 53 28 hysa
857 856 82 22 tvifvel.
968 856 42 28 Jag

173 890 53 19 «tror
248 888 130 28 exempelvis
400 888 34 21 för
456 888 42 21 min
516 878 37 31 del
568 888 48 21 icke
631 890 33 19 att
678 888 40 20 den
734 887 96 28 ovanligt
844 889 56 19 stora
914 887 95 19 trävaru-

181 916 85 26 rörelse,
281 924 45 13 som
348 916 101 22 särskildt
478 916 13 21 pä
505 916 66 28 några
585 916 60 21 delar
659 916 23 21 af
696 916 159 28 jernvägsnätet
869 922 28 14 nu
912 916 97 26 egtrum,

181 944 43 21 kan
239 944 86 22 komma
339 948 32 18 att
386 946 7 20 i
408 945 90 28 längden
514 945 52 21 ökas
581 946 7 20 i
603 952 81 14 samma
698 944 129 29 proportion.
856 943 100 21 Tvärtom
968 941 41 22 kan

181 980 47 14 man
244 973 125 21 åtminstone
385 974 28 28 pä
428 974 56 21 vissa
501 974 99 21 sträckor
614 975 64 20 vänta
693 973 48 21 icke
756 972 56 22 blott
826 972 119 28 stagnation
959 973 50 18 utan

181 1001 106 22 mähända
301 1005 15 18 t.
331 1010 18 13 o.
364 1010 27 13 m.
406 1005 32 18 ett
452 1002 177 28 tillbakagäende.
658 1002 34 21 En
705 1000 163 29 omständighet,
878 1007 44 14 som
932 998 78 29 jemväl

181 1030 70 22 starkt
265 1030 98 22 inverkat
378 1030 27 29 pä
419 1031 103 21 trafikens
537 1031 91 25 tillväxt,
643 1030 39 22 har
696 1031 57 21 varit
767 1030 41 21 den
824 1029 68 28 lifliga
902 1028 107 22 verksam-

182 1058 63 21 heten
268 1059 35 20 för
325 1059 132 28 nydaningen
479 1059 23 21 af
516 1059 133 21 industriella
664 1059 156 28 anläggningar.
850 1057 69 22 Dessa
933 1055 77 28 mänga

181 1087 120 28 nyanlagda
322 1087 52 22 verk
395 1087 40 22 och
457 1087 150 29 utvidgningar
621 1088 24 21 af
659 1087 71 28 gamla
744 1087 66 21 hafva
825 1085 132 28 naturligtvis
971 1084 38 29 pä-

181 1115 68 22 kallat
263 1123 26 14 en
305 1115 86 28 mycket
404 1116 41 21 liflig
474 1119 108 26 transport
596 1116 23 21 af
629 1116 107 21 maskiner
746 1115 40 22 och
797 1113 212 30 byggnadsmaterial.

182 1144 36 21 Nu
234 1144 65 21 redan
322 1144 41 21 kan
379 1152 47 14 man
442 1145 55 21 dock
512 1145 75 28 skönja
602 1147 37 23 att,
654 1144 29 34 pä
697 1144 69 28 grund
781 1144 23 21 af
819 1144 26 21 de
860 1145 84 19 trängre
959 1141 50 21 eko-

183 1173 98 21 nomiska
295 1173 166 28 förhållandena,
477 1181 25 14 en
517 1173 120 28 stägnation
653 1173 105 26 inträffat,
774 1180 44 13 som
828 1171 76 29 jemväl
930 1177 79 14 kommer

181 1204 33 18 att
228 1201 76 22 utöfva
319 1209 25 14 en
363 1201 125 22 äterverkan
502 1201 28 29 pä
545 1202 99 21 trafiken.
673 1201 46 22 Det
733 1203 24 19 är
772 1202 54 20 visst
840 1203 47 18 sant
902 1202 32 19 att
947 1199 63 21 dessa

180 1237 42 20 nya
237 1230 152 28 anläggningar
403 1230 84 21 komma
501 1233 38 24 att,
555 1230 64 21 sedan
634 1230 27 21 de
677 1230 73 21 blifvit
764 1229 89 28 färdiga,
865 1227 89 22 utsända
964 1227 46 21 sina

181 1258 117 29 produkter
321 1259 7 20 i
343 1259 92 21 rörelsen
450 1259 40 22 och
505 1259 121 28 derigenom
643 1259 113 21 framkalla
770 1266 29 20 ny
813 1257 72 22 trafik.
914 1256 48 21 Men
978 1258 32 19 ett

182 1286 85 22 absolut
281 1287 47 28 plus
344 1288 6 19 i
366 1287 93 22 trafiken
474 1287 84 22 medför
572 1287 69 22 denna
657 1287 78 21 rörelse
750 1287 48 21 icke
814 1286 34 21 för
862 1285 66 22 andra
938 1287 25 18 än
975 1284 34 21 för

181 1315 28 21 de
224 1315 59 23 verk,
297 1315 74 22 hvilka
386 1316 74 21 arbeta
474 1316 34 21 för
522 1319 81 26 export.
632 1316 49 21 Den
696 1315 135 29 produktion,
846 1322 44 14 som
900 1315 24 20 är
934 1312 75 22 afsedd

180 1344 36 21 för
238 1344 82 21 landets
343 1352 51 21 egen
418 1345 139 26 konsumtion,
582 1345 40 21 kan
645 1345 96 21 deremot
756 1343 97 22 medföra
868 1350 26 14 en
908 1341 102 28 ökning
996 1337 17 40 i

181 1372 94 22 trafiken
298 1373 75 21 endast
394 1374 8 21 i
422 1373 42 22 den
485 1373 48 21 män
555 1374 161 21 konsumtionen
738 1374 72 20 växer.
839 1371 42 29 Jag
900 1369 67 23 häller
982 1368 29 30 pä

180 1401 64 21 dessa
266 1402 91 27 grunder
377 1402 47 21 före
446 1405 32 18 att
499 1409 49 14 man
571 1402 48 21 icke
642 1402 41 21 kan
706 1402 35 20 för
755 1408 26 14 en
796 1401 72 20 längre
882 1400 33 21 tid
933 1398 78 21 framåt

181 1429 96 28 päräkna
292 1437 26 14 en
333 1430 161 33 trafikstegring
508 1431 7 20 i
531 1438 81 13 samma
626 1431 122 28 proportion
770 1437 45 13 som
846 1428 72 22 härtills.
942 1426 68 22 Stats-

180 1458 106 21 utskottet
300 1459 39 21 har
353 1459 37 21 vid
405 1459 142 28 beräkningen
562 1459 23 21 af
600 1459 41 21 den
656 1459 79 27 rörliga
749 1458 123 21 materielen
887 1455 123 28 visserligen

180 1487 56 28 tagit
259 1487 80 28 hänsyn
362 1488 17 27 ej
401 1488 53 21 blott
475 1487 33 22 till
530 1487 41 22 den
591 1495 73 14 senare
679 1487 62 21 delen
757 1487 23 21 af
794 1486 42 22 den
850 1485 65 22 tioärs
930 1483 80 30 period,

179 1522 46 14 som
241 1515 69 22 finnes
326 1516 77 21 berörd
417 1517 7 20 i
439 1516 150 26 betänkandet,
599 1519 51 18 utan
665 1515 105 22 beräknat
784 1515 123 21 medeltalet
921 1513 23 22 af
953 1515 57 24 steg-
