<?xml version="1.0" encoding="UTF-8"?>
<alto xmlns="http://www.loc.gov/standards/alto/ns-v3#" xmlns:xlink="http://www.w3.org/1999/xlink" xmlns:xsi="http://www.w3.org/2001/XMLSchema-instance" xsi:schemaLocation="http://www.loc.gov/standards/alto/ns-v3# http://www.loc.gov/alto/v3/alto-3-0.xsd">
	<Description>
		<MeasurementUnit>pixel</MeasurementUnit>
		<sourceImageInformation>
			<fileName>/tmp/tess_khzkcscn_input.PNG</fileName>
		</sourceImageInformation>
		<OCRProcessing ID="OCR_0">
			<ocrProcessingStep>
				<processingSoftware>
					<softwareName>tesseract 5.3.4</softwareName>
				</processingSoftware>
			</ocrProcessingStep>
		</OCRProcessing>
	</Description>
	<Layout>
		<Page WIDTH="1084" HEIGHT="1781" PHYSICAL_IMG_NR="0" ID="page_0">
			<PrintSpace HPOS="0" VPOS="0" WIDTH="1084" HEIGHT="1781">
				<ComposedBlock ID="cblock_0" HPOS="229" VPOS="130" WIDTH="528" HEIGHT="26">
					<TextBlock ID="block_0" HPOS="229" VPOS="130" WIDTH="528" HEIGHT="26">
						<TextLine ID="line_0" HPOS="229" VPOS="130" WIDTH="528" HEIGHT="26">
							<String ID="string_0" HPOS="229" VPOS="130" WIDTH="41" HEIGHT="20" WC="0.95" CONTENT="532"/><SP WIDTH="206" VPOS="130" HPOS="270"/>
							<String ID="string_1" HPOS="476" VPOS="136" WIDTH="26" HEIGHT="17" WC="0.96" CONTENT="R."/><SP WIDTH="13" VPOS="136" HPOS="502"/>
							<String ID="string_2" HPOS="515" VPOS="140" WIDTH="18" HEIGHT="12" WC="0.85" CONTENT="o."/><SP WIDTH="13" VPOS="140" HPOS="533"/>
							<String ID="string_3" HPOS="546" VPOS="136" WIDTH="25" HEIGHT="16" WC="0.96" CONTENT="A."/><SP WIDTH="14" VPOS="136" HPOS="571"/>
							<String ID="string_4" HPOS="585" VPOS="136" WIDTH="62" HEIGHT="17" WC="0.96" CONTENT="1900."/><SP WIDTH="25" VPOS="136" HPOS="647"/>
							<String ID="string_5" HPOS="672" VPOS="136" WIDTH="24" HEIGHT="17" WC="0.96" CONTENT="14"/><SP WIDTH="12" VPOS="136" HPOS="696"/>
							<String ID="string_6" HPOS="708" VPOS="136" WIDTH="49" HEIGHT="20" WC="0.96" CONTENT="Maj."/>
						</TextLine>
					</TextBlock>
				</ComposedBlock>
				<GraphicalElement ID="cblock_1" HPOS="201" VPOS="160" WIDTH="825" HEIGHT="10"></GraphicalElement >
				<ComposedBlock ID="cblock_2" HPOS="200" VPOS="204" WIDTH="830" HEIGHT="394">
					<TextBlock ID="block_1" HPOS="200" VPOS="204" WIDTH="830" HEIGHT="394">
						<TextLine ID="line_1" HPOS="200" VPOS="204" WIDTH="827" HEIGHT="28">
							<String ID="string_7" HPOS="200" VPOS="204" WIDTH="49" HEIGHT="21" WC="0.93" CONTENT="med"/><SP WIDTH="17" VPOS="204" HPOS="249"/>
							<String ID="string_8" HPOS="266" VPOS="204" WIDTH="147" HEIGHT="28" WC="0.92" CONTENT="föreliggande"/><SP WIDTH="16" VPOS="204" HPOS="413"/>
							<String ID="string_9" HPOS="429" VPOS="204" WIDTH="67" HEIGHT="28" WC="0.92" CONTENT="fräga,"/><SP WIDTH="15" VPOS="204" HPOS="496"/>
							<String ID="string_10" HPOS="511" VPOS="204" WIDTH="62" HEIGHT="21" WC="0.96" CONTENT="torde"/><SP WIDTH="16" VPOS="204" HPOS="573"/>
							<String ID="string_11" HPOS="589" VPOS="204" WIDTH="84" HEIGHT="22" WC="0.96" CONTENT="komma"/><SP WIDTH="15" VPOS="204" HPOS="673"/>
							<String ID="string_12" HPOS="688" VPOS="207" WIDTH="32" HEIGHT="18" WC="0.93" CONTENT="att"/><SP WIDTH="15" VPOS="207" HPOS="720"/>
							<String ID="string_13" HPOS="735" VPOS="204" WIDTH="83" HEIGHT="21" WC="0.92" CONTENT="utdelas"/><SP WIDTH="12" VPOS="204" HPOS="818"/>
							<String ID="string_14" HPOS="830" VPOS="204" WIDTH="68" HEIGHT="21" WC="0.93" CONTENT="under"/><SP WIDTH="11" VPOS="204" HPOS="898"/>
							<String ID="string_15" HPOS="909" VPOS="204" WIDTH="118" HEIGHT="28" WC="0.92" CONTENT="onsdagens"/>
						</TextLine>
						<TextLine ID="line_2" HPOS="203" VPOS="232" WIDTH="825" HEIGHT="29">
							<String ID="string_16" HPOS="203" VPOS="232" WIDTH="93" HEIGHT="29" WC="0.87" CONTENT="plenum."/><SP WIDTH="30" VPOS="232" HPOS="296"/>
							<String ID="string_17" HPOS="326" VPOS="232" WIDTH="94" HEIGHT="22" WC="0.87" CONTENT="Sälunda"/><SP WIDTH="22" VPOS="232" HPOS="420"/>
							<String ID="string_18" HPOS="442" VPOS="233" WIDTH="68" HEIGHT="21" WC="0.93" CONTENT="skulle"/><SP WIDTH="22" VPOS="233" HPOS="510"/>
							<String ID="string_19" HPOS="532" VPOS="233" WIDTH="86" HEIGHT="21" WC="0.90" CONTENT="tillfälle"/><SP WIDTH="21" VPOS="233" HPOS="618"/>
							<String ID="string_20" HPOS="639" VPOS="233" WIDTH="73" HEIGHT="28" WC="0.93" CONTENT="gifvas"/><SP WIDTH="18" VPOS="233" HPOS="712"/>
							<String ID="string_21" HPOS="730" VPOS="236" WIDTH="32" HEIGHT="18" WC="0.93" CONTENT="att"/><SP WIDTH="14" VPOS="236" HPOS="762"/>
							<String ID="string_22" HPOS="776" VPOS="232" WIDTH="92" HEIGHT="28" WC="0.92" CONTENT="granska"/><SP WIDTH="16" VPOS="232" HPOS="868"/>
							<String ID="string_23" HPOS="884" VPOS="232" WIDTH="144" HEIGHT="22" WC="0.91" CONTENT="kommunika-"/>
						</TextLine>
						<TextLine ID="line_3" HPOS="200" VPOS="260" WIDTH="828" HEIGHT="30">
							<String ID="string_24" HPOS="200" VPOS="261" WIDTH="271" HEIGHT="22" WC="0.92" CONTENT="tionsfondsbetänkandet"/><SP WIDTH="31" VPOS="261" HPOS="471"/>
							<String ID="string_25" HPOS="502" VPOS="262" WIDTH="42" HEIGHT="21" WC="0.85" CONTENT="och"/><SP WIDTH="29" VPOS="262" HPOS="544"/>
							<String ID="string_26" HPOS="573" VPOS="262" WIDTH="225" HEIGHT="28" WC="0.90" CONTENT="Jernvägsutskottets"/><SP WIDTH="34" VPOS="262" HPOS="798"/>
							<String ID="string_27" HPOS="832" VPOS="261" WIDTH="135" HEIGHT="21" WC="0.88" CONTENT="betänkande"/><SP WIDTH="24" VPOS="261" HPOS="967"/>
							<String ID="string_28" HPOS="991" VPOS="260" WIDTH="37" HEIGHT="22" WC="0.96" CONTENT="vid"/>
						</TextLine>
						<TextLine ID="line_4" HPOS="200" VPOS="289" WIDTH="828" HEIGHT="30">
							<String ID="string_29" HPOS="200" VPOS="289" WIDTH="118" HEIGHT="29" WC="0.92" CONTENT="fredagens"/><SP WIDTH="15" VPOS="289" HPOS="318"/>
							<String ID="string_30" HPOS="333" VPOS="290" WIDTH="91" HEIGHT="27" WC="0.91" CONTENT="plenum."/><SP WIDTH="21" VPOS="290" HPOS="424"/>
							<String ID="string_31" HPOS="445" VPOS="290" WIDTH="68" HEIGHT="22" WC="0.93" CONTENT="Visar"/><SP WIDTH="15" VPOS="290" HPOS="513"/>
							<String ID="string_32" HPOS="528" VPOS="290" WIDTH="37" HEIGHT="21" WC="0.97" CONTENT="det"/><SP WIDTH="15" VPOS="290" HPOS="565"/>
							<String ID="string_33" HPOS="580" VPOS="291" WIDTH="33" HEIGHT="28" WC="0.97" CONTENT="sig"/><SP WIDTH="16" VPOS="291" HPOS="613"/>
							<String ID="string_34" HPOS="629" VPOS="293" WIDTH="31" HEIGHT="18" WC="0.93" CONTENT="att"/><SP WIDTH="14" VPOS="293" HPOS="660"/>
							<String ID="string_35" HPOS="674" VPOS="290" WIDTH="224" HEIGHT="28" WC="0.92" CONTENT="Jernvägsutskottets"/><SP WIDTH="15" VPOS="290" HPOS="898"/>
							<String ID="string_36" HPOS="913" VPOS="290" WIDTH="67" HEIGHT="21" WC="0.93" CONTENT="andra"/><SP WIDTH="12" VPOS="290" HPOS="980"/>
							<String ID="string_37" HPOS="992" VPOS="290" WIDTH="36" HEIGHT="21" WC="0.93" CONTENT="be-"/>
						</TextLine>
						<TextLine ID="line_5" HPOS="201" VPOS="318" WIDTH="828" HEIGHT="29">
							<String ID="string_38" HPOS="201" VPOS="318" WIDTH="110" HEIGHT="22" WC="0.92" CONTENT="tänkande"/><SP WIDTH="16" VPOS="318" HPOS="311"/>
							<String ID="string_39" HPOS="327" VPOS="318" WIDTH="32" HEIGHT="21" WC="0.96" CONTENT="till"/><SP WIDTH="15" VPOS="318" HPOS="359"/>
							<String ID="string_40" HPOS="374" VPOS="318" WIDTH="48" HEIGHT="22" WC="0.93" CONTENT="dess"/><SP WIDTH="9" VPOS="318" HPOS="422"/>
							<String ID="string_41" HPOS="431" VPOS="319" WIDTH="48" HEIGHT="21" WC="0.92" CONTENT="icke"/><SP WIDTH="8" VPOS="319" HPOS="479"/>
							<String ID="string_42" HPOS="487" VPOS="319" WIDTH="114" HEIGHT="21" WC="0.91" CONTENT="inkommit"/><SP WIDTH="14" VPOS="319" HPOS="601"/>
							<String ID="string_43" HPOS="615" VPOS="319" WIDTH="40" HEIGHT="21" WC="0.96" CONTENT="och"/><SP WIDTH="10" VPOS="319" HPOS="655"/>
							<String ID="string_44" HPOS="665" VPOS="319" WIDTH="123" HEIGHT="28" WC="0.92" CONTENT="ytterligare"/><SP WIDTH="12" VPOS="319" HPOS="788"/>
							<String ID="string_45" HPOS="800" VPOS="318" WIDTH="155" HEIGHT="28" WC="0.91" CONTENT="bordläggning"/><SP WIDTH="10" VPOS="318" HPOS="955"/>
							<String ID="string_46" HPOS="965" VPOS="326" WIDTH="64" HEIGHT="20" WC="0.91" CONTENT="synes"/>
						</TextLine>
						<TextLine ID="line_6" HPOS="202" VPOS="346" WIDTH="827" HEIGHT="30">
							<String ID="string_47" HPOS="202" VPOS="354" WIDTH="52" HEIGHT="14" WC="0.96" CONTENT="vara"/><SP WIDTH="17" VPOS="354" HPOS="254"/>
							<String ID="string_48" HPOS="271" VPOS="347" WIDTH="23" HEIGHT="21" WC="0.93" CONTENT="af"/><SP WIDTH="14" VPOS="347" HPOS="294"/>
							<String ID="string_49" HPOS="308" VPOS="347" WIDTH="77" HEIGHT="25" WC="0.96" CONTENT="nöden,"/><SP WIDTH="14" VPOS="347" HPOS="385"/>
							<String ID="string_50" HPOS="399" VPOS="347" WIDTH="45" HEIGHT="21" WC="0.96" CONTENT="står"/><SP WIDTH="14" VPOS="347" HPOS="444"/>
							<String ID="string_51" HPOS="458" VPOS="347" WIDTH="38" HEIGHT="21" WC="0.96" CONTENT="det"/><SP WIDTH="14" VPOS="347" HPOS="496"/>
							<String ID="string_52" HPOS="510" VPOS="348" WIDTH="22" HEIGHT="28" WC="0.96" CONTENT="ju"/><SP WIDTH="16" VPOS="348" HPOS="532"/>
							<String ID="string_53" HPOS="548" VPOS="349" WIDTH="67" HEIGHT="27" WC="0.96" CONTENT="öppet"/><SP WIDTH="14" VPOS="349" HPOS="615"/>
							<String ID="string_54" HPOS="629" VPOS="350" WIDTH="32" HEIGHT="18" WC="0.93" CONTENT="att"/><SP WIDTH="15" VPOS="350" HPOS="661"/>
							<String ID="string_55" HPOS="676" VPOS="348" WIDTH="54" HEIGHT="28" WC="0.96" CONTENT="ånyo"/><SP WIDTH="17" VPOS="348" HPOS="730"/>
							<String ID="string_56" HPOS="747" VPOS="347" WIDTH="116" HEIGHT="28" WC="0.96" CONTENT="bordlägga"/><SP WIDTH="17" VPOS="347" HPOS="863"/>
							<String ID="string_57" HPOS="880" VPOS="346" WIDTH="149" HEIGHT="22" WC="0.96" CONTENT="betänkandet."/>
						</TextLine>
						<TextLine ID="line_7" HPOS="201" VPOS="375" WIDTH="828" HEIGHT="29">
							<String ID="string_58" HPOS="201" VPOS="376" WIDTH="50" HEIGHT="21" WC="0.96" CONTENT="Och"/><SP WIDTH="17" VPOS="376" HPOS="251"/>
							<String ID="string_59" HPOS="268" VPOS="383" WIDTH="34" HEIGHT="13" WC="0.96" CONTENT="om"/><SP WIDTH="16" VPOS="383" HPOS="302"/>
							<String ID="string_60" HPOS="318" VPOS="376" WIDTH="36" HEIGHT="21" WC="0.91" CONTENT="det"/><SP WIDTH="15" VPOS="376" HPOS="354"/>
							<String ID="string_61" HPOS="369" VPOS="376" WIDTH="77" HEIGHT="21" WC="0.91" CONTENT="tillätes"/><SP WIDTH="16" VPOS="376" HPOS="446"/>
							<String ID="string_62" HPOS="462" VPOS="377" WIDTH="44" HEIGHT="27" WC="0.96" CONTENT="mig"/><SP WIDTH="14" VPOS="377" HPOS="506"/>
							<String ID="string_63" HPOS="520" VPOS="379" WIDTH="33" HEIGHT="18" WC="0.96" CONTENT="att"/><SP WIDTH="20" VPOS="379" HPOS="553"/>
							<String ID="string_64" HPOS="573" VPOS="376" WIDTH="76" HEIGHT="21" WC="0.96" CONTENT="anföra"/><SP WIDTH="22" VPOS="376" HPOS="649"/>
							<String ID="string_65" HPOS="671" VPOS="378" WIDTH="57" HEIGHT="19" WC="0.96" CONTENT="ännu"/><SP WIDTH="15" VPOS="378" HPOS="728"/>
							<String ID="string_66" HPOS="743" VPOS="379" WIDTH="31" HEIGHT="18" WC="0.93" CONTENT="ett"/><SP WIDTH="15" VPOS="379" HPOS="774"/>
							<String ID="string_67" HPOS="789" VPOS="377" WIDTH="67" HEIGHT="20" WC="0.93" CONTENT="motiv"/><SP WIDTH="16" VPOS="377" HPOS="856"/>
							<String ID="string_68" HPOS="872" VPOS="376" WIDTH="34" HEIGHT="20" WC="0.96" CONTENT="för"/><SP WIDTH="15" VPOS="376" HPOS="906"/>
							<String ID="string_69" HPOS="921" VPOS="384" WIDTH="26" HEIGHT="13" WC="0.93" CONTENT="en"/><SP WIDTH="15" VPOS="384" HPOS="947"/>
							<String ID="string_70" HPOS="962" VPOS="375" WIDTH="67" HEIGHT="21" WC="0.92" CONTENT="sädan"/>
						</TextLine>
						<TextLine ID="line_8" HPOS="202" VPOS="404" WIDTH="827" HEIGHT="28">
							<String ID="string_71" HPOS="202" VPOS="404" WIDTH="93" HEIGHT="28" WC="0.96" CONTENT="ordning"/><SP WIDTH="15" VPOS="404" HPOS="295"/>
							<String ID="string_72" HPOS="310" VPOS="404" WIDTH="34" HEIGHT="21" WC="0.93" CONTENT="för"/><SP WIDTH="13" VPOS="404" HPOS="344"/>
							<String ID="string_73" HPOS="357" VPOS="404" WIDTH="159" HEIGHT="28" WC="0.92" CONTENT="bordläggning,"/><SP WIDTH="18" VPOS="404" HPOS="516"/>
							<String ID="string_74" HPOS="534" VPOS="404" WIDTH="24" HEIGHT="22" WC="0.96" CONTENT="sä"/><SP WIDTH="15" VPOS="404" HPOS="558"/>
							<String ID="string_75" HPOS="573" VPOS="406" WIDTH="24" HEIGHT="20" WC="0.96" CONTENT="är"/><SP WIDTH="14" VPOS="406" HPOS="597"/>
							<String ID="string_76" HPOS="611" VPOS="404" WIDTH="38" HEIGHT="22" WC="0.93" CONTENT="det"/><SP WIDTH="14" VPOS="404" HPOS="649"/>
							<String ID="string_77" HPOS="663" VPOS="405" WIDTH="64" HEIGHT="21" WC="0.92" CONTENT="äfven"/><SP WIDTH="13" VPOS="405" HPOS="727"/>
							<String ID="string_78" HPOS="740" VPOS="404" WIDTH="38" HEIGHT="22" WC="0.96" CONTENT="det"/><SP WIDTH="10" VPOS="404" HPOS="778"/>
							<String ID="string_79" HPOS="788" VPOS="407" WIDTH="32" HEIGHT="19" WC="0.96" CONTENT="att"/><SP WIDTH="10" VPOS="407" HPOS="820"/>
							<String ID="string_80" HPOS="830" VPOS="404" WIDTH="37" HEIGHT="22" WC="0.93" CONTENT="det"/><SP WIDTH="10" VPOS="404" HPOS="867"/>
							<String ID="string_81" HPOS="877" VPOS="412" WIDTH="63" HEIGHT="20" WC="0.93" CONTENT="synes"/><SP WIDTH="11" VPOS="412" HPOS="940"/>
							<String ID="string_82" HPOS="951" VPOS="404" WIDTH="78" HEIGHT="21" WC="0.92" CONTENT="vansk-"/>
						</TextLine>
						<TextLine ID="line_9" HPOS="201" VPOS="408" WIDTH="829" HEIGHT="58">
							<String ID="string_83" HPOS="201" VPOS="432" WIDTH="40" HEIGHT="28" WC="0.93" CONTENT="ligt"/><SP WIDTH="15" VPOS="432" HPOS="241"/>
							<String ID="string_84" HPOS="256" VPOS="436" WIDTH="32" HEIGHT="18" WC="0.93" CONTENT="att"/><SP WIDTH="16" VPOS="436" HPOS="288"/>
							<String ID="string_85" HPOS="304" VPOS="432" WIDTH="115" HEIGHT="29" WC="0.93" CONTENT="bordlägga"/><SP WIDTH="11" VPOS="432" HPOS="419"/>
							<String ID="string_86" HPOS="430" VPOS="408" WIDTH="258" HEIGHT="58" WC="0.62" CONTENT="Vattenrätteutskottets"/><SP WIDTH="21" VPOS="408" HPOS="688"/>
							<String ID="string_87" HPOS="709" VPOS="436" WIDTH="58" HEIGHT="18" WC="0.93" CONTENT="stora"/><SP WIDTH="15" VPOS="436" HPOS="767"/>
							<String ID="string_88" HPOS="782" VPOS="432" WIDTH="136" HEIGHT="22" WC="0.96" CONTENT="betänkande"/><SP WIDTH="15" VPOS="432" HPOS="918"/>
							<String ID="string_89" HPOS="933" VPOS="433" WIDTH="32" HEIGHT="21" WC="0.93" CONTENT="till"/><SP WIDTH="15" VPOS="433" HPOS="965"/>
							<String ID="string_90" HPOS="980" VPOS="432" WIDTH="50" HEIGHT="21" WC="0.92" CONTENT="tidi-"/>
						</TextLine>
						<TextLine ID="line_10" HPOS="200" VPOS="462" WIDTH="829" HEIGHT="28">
							<String ID="string_91" HPOS="200" VPOS="468" WIDTH="53" HEIGHT="21" WC="0.96" CONTENT="gare"/><SP WIDTH="16" VPOS="468" HPOS="253"/>
							<String ID="string_92" HPOS="269" VPOS="463" WIDTH="28" HEIGHT="19" WC="0.96" CONTENT="än"/><SP WIDTH="14" VPOS="463" HPOS="297"/>
							<String ID="string_93" HPOS="311" VPOS="462" WIDTH="70" HEIGHT="21" WC="0.93" CONTENT="första"/><SP WIDTH="14" VPOS="462" HPOS="381"/>
							<String ID="string_94" HPOS="395" VPOS="462" WIDTH="86" HEIGHT="28" WC="0.96" CONTENT="plenum"/><SP WIDTH="15" VPOS="462" HPOS="481"/>
							<String ID="string_95" HPOS="496" VPOS="463" WIDTH="7" HEIGHT="20" WC="0.96" CONTENT="i"/><SP WIDTH="15" VPOS="463" HPOS="503"/>
							<String ID="string_96" HPOS="518" VPOS="464" WIDTH="63" HEIGHT="19" WC="0.93" CONTENT="nästa"/><SP WIDTH="15" VPOS="464" HPOS="581"/>
							<String ID="string_97" HPOS="596" VPOS="462" WIDTH="75" HEIGHT="22" WC="0.96" CONTENT="vecka."/><SP WIDTH="29" VPOS="462" HPOS="671"/>
							<String ID="string_98" HPOS="700" VPOS="462" WIDTH="36" HEIGHT="21" WC="0.93" CONTENT="Då"/><SP WIDTH="21" VPOS="462" HPOS="736"/>
							<String ID="string_99" HPOS="757" VPOS="462" WIDTH="69" HEIGHT="21" WC="0.93" CONTENT="skulle"/><SP WIDTH="23" VPOS="462" HPOS="826"/>
							<String ID="string_100" HPOS="849" VPOS="462" WIDTH="102" HEIGHT="21" WC="0.93" CONTENT="arbetena"/><SP WIDTH="14" VPOS="462" HPOS="951"/>
							<String ID="string_101" HPOS="965" VPOS="469" WIDTH="64" HEIGHT="21" WC="0.92" CONTENT="grup-"/>
						</TextLine>
						<TextLine ID="line_11" HPOS="201" VPOS="490" WIDTH="828" HEIGHT="29">
							<String ID="string_102" HPOS="201" VPOS="498" WIDTH="51" HEIGHT="20" WC="0.92" CONTENT="pera"/><SP WIDTH="16" VPOS="498" HPOS="252"/>
							<String ID="string_103" HPOS="268" VPOS="491" WIDTH="33" HEIGHT="27" WC="0.93" CONTENT="sig"/><SP WIDTH="15" VPOS="491" HPOS="301"/>
							<String ID="string_104" HPOS="316" VPOS="490" WIDTH="132" HEIGHT="28" WC="0.93" CONTENT="nägorlunda"/><SP WIDTH="15" VPOS="490" HPOS="448"/>
							<String ID="string_105" HPOS="463" VPOS="491" WIDTH="76" HEIGHT="28" WC="0.91" CONTENT="jemnt:"/><SP WIDTH="17" VPOS="491" HPOS="539"/>
							<String ID="string_106" HPOS="556" VPOS="490" WIDTH="36" HEIGHT="22" WC="0.93" CONTENT="vid"/><SP WIDTH="17" VPOS="490" HPOS="592"/>
							<String ID="string_107" HPOS="609" VPOS="490" WIDTH="121" HEIGHT="28" WC="0.91" CONTENT="onsdagens"/><SP WIDTH="18" VPOS="490" HPOS="730"/>
							<String ID="string_108" HPOS="748" VPOS="491" WIDTH="87" HEIGHT="28" WC="0.91" CONTENT="plenum"/><SP WIDTH="16" VPOS="491" HPOS="835"/>
							<String ID="string_109" HPOS="851" VPOS="490" WIDTH="69" HEIGHT="22" WC="0.93" CONTENT="skulle"/><SP WIDTH="15" VPOS="490" HPOS="920"/>
							<String ID="string_110" HPOS="935" VPOS="490" WIDTH="94" HEIGHT="21" WC="0.89" CONTENT="behand-"/>
						</TextLine>
						<TextLine ID="line_12" HPOS="201" VPOS="519" WIDTH="827" HEIGHT="29">
							<String ID="string_111" HPOS="201" VPOS="519" WIDTH="32" HEIGHT="21" WC="0.92" CONTENT="las"/><SP WIDTH="16" VPOS="519" HPOS="233"/>
							<String ID="string_112" HPOS="249" VPOS="519" WIDTH="169" HEIGHT="28" WC="0.92" CONTENT="torparefrägan,"/><SP WIDTH="20" VPOS="519" HPOS="418"/>
							<String ID="string_113" HPOS="438" VPOS="519" WIDTH="37" HEIGHT="21" WC="0.91" CONTENT="vid"/><SP WIDTH="22" VPOS="519" HPOS="475"/>
							<String ID="string_114" HPOS="497" VPOS="519" WIDTH="116" HEIGHT="28" WC="0.91" CONTENT="fredagens"/><SP WIDTH="20" VPOS="519" HPOS="613"/>
							<String ID="string_115" HPOS="633" VPOS="519" WIDTH="177" HEIGHT="29" WC="0.90" CONTENT="jernvägsfrägan"/><SP WIDTH="17" VPOS="519" HPOS="810"/>
							<String ID="string_116" HPOS="827" VPOS="519" WIDTH="41" HEIGHT="21" WC="0.93" CONTENT="och"/><SP WIDTH="15" VPOS="519" HPOS="868"/>
							<String ID="string_117" HPOS="883" VPOS="519" WIDTH="145" HEIGHT="21" WC="0.91" CONTENT="kommunika-"/>
						</TextLine>
						<TextLine ID="line_13" HPOS="201" VPOS="547" WIDTH="828" HEIGHT="29">
							<String ID="string_118" HPOS="201" VPOS="548" WIDTH="140" HEIGHT="21" WC="0.91" CONTENT="tionsfonden"/><SP WIDTH="23" VPOS="548" HPOS="341"/>
							<String ID="string_119" HPOS="364" VPOS="548" WIDTH="40" HEIGHT="21" WC="0.96" CONTENT="och"/><SP WIDTH="22" VPOS="548" HPOS="404"/>
							<String ID="string_120" HPOS="426" VPOS="548" WIDTH="36" HEIGHT="21" WC="0.96" CONTENT="vid"/><SP WIDTH="22" VPOS="548" HPOS="462"/>
							<String ID="string_121" HPOS="484" VPOS="548" WIDTH="69" HEIGHT="21" WC="0.93" CONTENT="första"/><SP WIDTH="21" VPOS="548" HPOS="553"/>
							<String ID="string_122" HPOS="574" VPOS="548" WIDTH="85" HEIGHT="28" WC="0.96" CONTENT="plenum"/><SP WIDTH="17" VPOS="548" HPOS="659"/>
							<String ID="string_123" HPOS="676" VPOS="549" WIDTH="6" HEIGHT="20" WC="0.95" CONTENT="i"/><SP WIDTH="15" VPOS="549" HPOS="682"/>
							<String ID="string_124" HPOS="697" VPOS="550" WIDTH="61" HEIGHT="19" WC="0.93" CONTENT="nästa"/><SP WIDTH="17" VPOS="550" HPOS="758"/>
							<String ID="string_125" HPOS="775" VPOS="548" WIDTH="67" HEIGHT="21" WC="0.93" CONTENT="vecka"/><SP WIDTH="16" VPOS="548" HPOS="842"/>
							<String ID="string_126" HPOS="858" VPOS="547" WIDTH="171" HEIGHT="23" WC="0.91" CONTENT="Vattenrättsut-"/>
						</TextLine>
						<TextLine ID="line_14" HPOS="200" VPOS="576" WIDTH="248" HEIGHT="22">
							<String ID="string_127" HPOS="200" VPOS="576" WIDTH="92" HEIGHT="22" WC="0.91" CONTENT="skottets"/><SP WIDTH="16" VPOS="576" HPOS="292"/>
							<String ID="string_128" HPOS="308" VPOS="576" WIDTH="140" HEIGHT="22" WC="0.92" CONTENT="betänkande."/>
						</TextLine>
					</TextBlock>
				</ComposedBlock>
				<ComposedBlock ID="cblock_3" HPOS="201" VPOS="633" WIDTH="830" HEIGHT="79">
					<TextBlock ID="block_2" HPOS="201" VPOS="633" WIDTH="830" HEIGHT="79">
						<TextLine ID="line_15" HPOS="272" VPOS="633" WIDTH="759" HEIGHT="28">
							<String ID="string_129" HPOS="272" VPOS="633" WIDTH="33" HEIGHT="21" WC="0.92" CONTENT="Pä"/><SP WIDTH="22" VPOS="633" HPOS="305"/>
							<String ID="string_130" HPOS="327" VPOS="633" WIDTH="34" HEIGHT="21" WC="0.93" CONTENT="Hr"/><SP WIDTH="20" VPOS="633" HPOS="361"/>
							<String ID="string_131" HPOS="381" VPOS="633" WIDTH="219" HEIGHT="22" WC="0.92" CONTENT="Landtmarskalkens"/><SP WIDTH="19" VPOS="633" HPOS="600"/>
							<String ID="string_132" HPOS="619" VPOS="633" WIDTH="157" HEIGHT="28" WC="0.83" CONTENT="framställning"/><SP WIDTH="15" VPOS="633" HPOS="776"/>
							<String ID="string_133" HPOS="791" VPOS="633" WIDTH="81" HEIGHT="22" WC="0.91" CONTENT="beslöts"/><SP WIDTH="15" VPOS="633" HPOS="872"/>
							<String ID="string_134" HPOS="887" VPOS="633" WIDTH="51" HEIGHT="21" WC="0.91" CONTENT="härä"/><SP WIDTH="15" VPOS="633" HPOS="938"/>
							<String ID="string_135" HPOS="953" VPOS="635" WIDTH="31" HEIGHT="19" WC="0.96" CONTENT="att"/><SP WIDTH="15" VPOS="635" HPOS="984"/>
							<String ID="string_136" HPOS="999" VPOS="633" WIDTH="32" HEIGHT="21" WC="0.96" CONTENT="till"/>
						</TextLine>
						<TextLine ID="line_16" HPOS="203" VPOS="661" WIDTH="828" HEIGHT="29">
							<String ID="string_137" HPOS="203" VPOS="661" WIDTH="116" HEIGHT="29" WC="0.92" CONTENT="fredagens"/><SP WIDTH="22" VPOS="661" HPOS="319"/>
							<String ID="string_138" HPOS="341" VPOS="662" WIDTH="84" HEIGHT="28" WC="0.90" CONTENT="plenum"/><SP WIDTH="17" VPOS="662" HPOS="425"/>
							<String ID="string_139" HPOS="442" VPOS="662" WIDTH="117" HEIGHT="28" WC="0.92" CONTENT="bordlägga"/><SP WIDTH="15" VPOS="662" HPOS="559"/>
							<String ID="string_140" HPOS="574" VPOS="662" WIDTH="224" HEIGHT="27" WC="0.92" CONTENT="Jernvägsutskottets"/><SP WIDTH="16" VPOS="662" HPOS="798"/>
							<String ID="string_141" HPOS="814" VPOS="661" WIDTH="164" HEIGHT="29" WC="0.92" CONTENT="ifrägavarande"/><SP WIDTH="16" VPOS="661" HPOS="978"/>
							<String ID="string_142" HPOS="994" VPOS="661" WIDTH="37" HEIGHT="22" WC="0.91" CONTENT="be-"/>
						</TextLine>
						<TextLine ID="line_17" HPOS="201" VPOS="690" WIDTH="114" HEIGHT="22">
							<String ID="string_143" HPOS="201" VPOS="690" WIDTH="114" HEIGHT="22" WC="0.91" CONTENT="tänkande."/>
						</TextLine>
					</TextBlock>
				</ComposedBlock>
				<ComposedBlock ID="cblock_4" HPOS="203" VPOS="880" WIDTH="824" HEIGHT="57">
					<TextBlock ID="block_3" HPOS="203" VPOS="880" WIDTH="824" HEIGHT="57">
						<TextLine ID="line_18" HPOS="267" VPOS="880" WIDTH="760" HEIGHT="29">
							<String ID="string_144" HPOS="267" VPOS="880" WIDTH="44" HEIGHT="21" WC="0.94" CONTENT="Till"/><SP WIDTH="22" VPOS="880" HPOS="311"/>
							<String ID="string_145" HPOS="333" VPOS="880" WIDTH="68" HEIGHT="22" WC="0.93" CONTENT="första"/><SP WIDTH="23" VPOS="880" HPOS="401"/>
							<String ID="string_146" HPOS="424" VPOS="881" WIDTH="85" HEIGHT="28" WC="0.96" CONTENT="plenum"/><SP WIDTH="15" VPOS="881" HPOS="509"/>
							<String ID="string_147" HPOS="524" VPOS="881" WIDTH="7" HEIGHT="20" WC="0.96" CONTENT="i"/><SP WIDTH="16" VPOS="881" HPOS="531"/>
							<String ID="string_148" HPOS="547" VPOS="882" WIDTH="61" HEIGHT="20" WC="0.93" CONTENT="nästa"/><SP WIDTH="23" VPOS="882" HPOS="608"/>
							<String ID="string_149" HPOS="631" VPOS="881" WIDTH="69" HEIGHT="21" WC="0.93" CONTENT="vecka"/><SP WIDTH="22" VPOS="881" HPOS="700"/>
							<String ID="string_150" HPOS="722" VPOS="880" WIDTH="115" HEIGHT="22" WC="0.79" CONTENT="bordlades"/><SP WIDTH="17" VPOS="880" HPOS="837"/>
							<String ID="string_151" HPOS="854" VPOS="880" WIDTH="27" HEIGHT="29" WC="0.96" CONTENT="pä"/><SP WIDTH="16" VPOS="880" HPOS="881"/>
							<String ID="string_152" HPOS="897" VPOS="880" WIDTH="34" HEIGHT="21" WC="0.93" CONTENT="Hr"/><SP WIDTH="14" VPOS="880" HPOS="931"/>
							<String ID="string_153" HPOS="945" VPOS="880" WIDTH="82" HEIGHT="21" WC="0.91" CONTENT="Landt-"/>
						</TextLine>
						<TextLine ID="line_19" HPOS="203" VPOS="909" WIDTH="318" HEIGHT="28">
							<String ID="string_154" HPOS="203" VPOS="909" WIDTH="146" HEIGHT="21" WC="0.92" CONTENT="marskalkens"/><SP WIDTH="15" VPOS="909" HPOS="349"/>
							<String ID="string_155" HPOS="364" VPOS="909" WIDTH="157" HEIGHT="28" WC="0.95" CONTENT="framställning"/>
						</TextLine>
					</TextBlock>
				</ComposedBlock>
				<ComposedBlock ID="cblock_5" HPOS="273" VPOS="965" WIDTH="755" HEIGHT="29">
					<TextBlock ID="block_4" HPOS="273" VPOS="965" WIDTH="755" HEIGHT="29">
						<TextLine ID="line_20" HPOS="273" VPOS="965" WIDTH="755" HEIGHT="29">
							<String ID="string_156" HPOS="273" VPOS="965" WIDTH="251" HEIGHT="22" WC="0.77" CONTENT="Vattenrättsutskottets"/><SP WIDTH="24" VPOS="965" HPOS="524"/>
							<String ID="string_157" HPOS="548" VPOS="966" WIDTH="136" HEIGHT="21" WC="0.95" CONTENT="betänkande"/><SP WIDTH="23" VPOS="966" HPOS="684"/>
							<String ID="string_158" HPOS="707" VPOS="967" WIDTH="39" HEIGHT="21" WC="0.95" CONTENT="N:o"/><SP WIDTH="17" VPOS="967" HPOS="746"/>
							<String ID="string_159" HPOS="763" VPOS="967" WIDTH="11" HEIGHT="21" WC="0.88" CONTENT="1"/><SP WIDTH="16" VPOS="967" HPOS="774"/>
							<String ID="string_160" HPOS="790" VPOS="967" WIDTH="7" HEIGHT="20" WC="0.88" CONTENT="i"/><SP WIDTH="16" VPOS="967" HPOS="797"/>
							<String ID="string_161" HPOS="813" VPOS="966" WIDTH="115" HEIGHT="28" WC="0.96" CONTENT="anledning"/><SP WIDTH="15" VPOS="966" HPOS="928"/>
							<String ID="string_162" HPOS="943" VPOS="966" WIDTH="23" HEIGHT="21" WC="0.93" CONTENT="af"/><SP WIDTH="15" VPOS="966" HPOS="966"/>
							<String ID="string_163" HPOS="981" VPOS="965" WIDTH="47" HEIGHT="22" WC="0.96" CONTENT="nåd."/>
						</TextLine>
					</TextBlock>
				</ComposedBlock>
				<ComposedBlock ID="cblock_6" HPOS="199" VPOS="994" WIDTH="828" HEIGHT="58">
					<TextBlock ID="block_5" HPOS="199" VPOS="994" WIDTH="828" HEIGHT="58">
						<TextLine ID="line_21" HPOS="199" VPOS="994" WIDTH="828" HEIGHT="29">
							<String ID="string_164" HPOS="199" VPOS="1001" WIDTH="61" HEIGHT="22" WC="0.92" CONTENT="prop."/><SP WIDTH="15" VPOS="1001" HPOS="260"/>
							<String ID="string_165" HPOS="275" VPOS="994" WIDTH="42" HEIGHT="21" WC="0.96" CONTENT="N:o"/><SP WIDTH="16" VPOS="994" HPOS="317"/>
							<String ID="string_166" HPOS="333" VPOS="996" WIDTH="11" HEIGHT="20" WC="0.93" CONTENT="1"/><SP WIDTH="17" VPOS="996" HPOS="344"/>
							<String ID="string_167" HPOS="361" VPOS="994" WIDTH="110" HEIGHT="29" WC="0.92" CONTENT="angäende"/><SP WIDTH="13" VPOS="994" HPOS="471"/>
							<String ID="string_168" HPOS="484" VPOS="995" WIDTH="179" HEIGHT="27" WC="0.91" CONTENT="vattenrätten;"/><SP WIDTH="16" VPOS="995" HPOS="663"/>
							<String ID="string_169" HPOS="679" VPOS="995" WIDTH="83" HEIGHT="21" WC="0.92" CONTENT="hvilket"/><SP WIDTH="15" VPOS="995" HPOS="762"/>
							<String ID="string_170" HPOS="777" VPOS="995" WIDTH="136" HEIGHT="21" WC="0.92" CONTENT="betänkande"/><SP WIDTH="18" VPOS="995" HPOS="913"/>
							<String ID="string_171" HPOS="931" VPOS="995" WIDTH="96" HEIGHT="21" WC="0.92" CONTENT="insändis"/>
						</TextLine>
						<TextLine ID="line_22" HPOS="199" VPOS="1023" WIDTH="490" HEIGHT="29">
							<String ID="string_172" HPOS="199" VPOS="1023" WIDTH="65" HEIGHT="28" WC="0.96" CONTENT="jemte"/><SP WIDTH="17" VPOS="1023" HPOS="264"/>
							<String ID="string_173" HPOS="281" VPOS="1031" WIDTH="25" HEIGHT="13" WC="0.93" CONTENT="en"/><SP WIDTH="15" VPOS="1031" HPOS="306"/>
							<String ID="string_174" HPOS="321" VPOS="1023" WIDTH="113" HEIGHT="22" WC="0.96" CONTENT="skrifvelse"/><SP WIDTH="16" VPOS="1023" HPOS="434"/>
							<String ID="string_175" HPOS="450" VPOS="1023" WIDTH="23" HEIGHT="22" WC="0.97" CONTENT="af"/><SP WIDTH="14" VPOS="1023" HPOS="473"/>
							<String ID="string_176" HPOS="487" VPOS="1023" WIDTH="95" HEIGHT="27" WC="0.93" CONTENT="följande"/><SP WIDTH="15" VPOS="1023" HPOS="582"/>
							<String ID="string_177" HPOS="597" VPOS="1023" WIDTH="92" HEIGHT="29" WC="0.96" CONTENT="lydelse:"/>
						</TextLine>
					</TextBlock>
				</ComposedBlock>
				<ComposedBlock ID="cblock_7" HPOS="279" VPOS="1095" WIDTH="257" HEIGHT="23">
					<TextBlock ID="block_6" HPOS="279" VPOS="1095" WIDTH="257" HEIGHT="23">
						<TextLine ID="line_23" HPOS="279" VPOS="1095" WIDTH="257" HEIGHT="23">
							<String ID="string_178" HPOS="279" VPOS="1097" WIDTH="115" HEIGHT="20" WC="0.92" CONTENT="FINLANDS"/><SP WIDTH="23" VPOS="1097" HPOS="394"/>
							<String ID="string_179" HPOS="417" VPOS="1095" WIDTH="119" HEIGHT="23" WC="0.92" CONTENT="STÄNDERS"/>
						</TextLine>
					</TextBlock>
				</ComposedBlock>
				<ComposedBlock ID="cblock_8" HPOS="209" VPOS="1139" WIDTH="790" HEIGHT="84">
					<TextBlock ID="block_7" HPOS="209" VPOS="1139" WIDTH="790" HEIGHT="84">
						<TextLine ID="line_24" HPOS="209" VPOS="1139" WIDTH="392" HEIGHT="43">
							<String ID="string_180" HPOS="209" VPOS="1139" WIDTH="392" HEIGHT="43" WC="0.81" CONTENT="VATTENRÄTTSUTSKOTT."/>
						</TextLine>
						<TextLine ID="line_25" HPOS="375" VPOS="1195" WIDTH="624" HEIGHT="28">
							<String ID="string_181" HPOS="375" VPOS="1208" WIDTH="30" HEIGHT="7" WC="0.88" CONTENT="—"/><SP WIDTH="237" VPOS="1208" HPOS="405"/>
							<String ID="string_182" HPOS="642" VPOS="1195" WIDTH="43" HEIGHT="22" WC="0.93" CONTENT="Till"/><SP WIDTH="15" VPOS="1195" HPOS="685"/>
							<String ID="string_183" HPOS="700" VPOS="1195" WIDTH="124" HEIGHT="28" WC="0.92" CONTENT="Höglofliga"/><SP WIDTH="16" VPOS="1195" HPOS="824"/>
							<String ID="string_184" HPOS="840" VPOS="1195" WIDTH="159" HEIGHT="28" WC="0.92" CONTENT="Ridderskapet"/>
						</TextLine>
					</TextBlock>
				</ComposedBlock>
				<ComposedBlock ID="cblock_9" HPOS="291" VPOS="1229" WIDTH="598" HEIGHT="72">
					<TextBlock ID="block_8" HPOS="291" VPOS="1229" WIDTH="598" HEIGHT="72">
						<TextLine ID="line_26" HPOS="291" VPOS="1229" WIDTH="598" HEIGHT="36">
							<String ID="string_185" HPOS="291" VPOS="1229" WIDTH="233" HEIGHT="36" WC="0.95" CONTENT="HELSINGFORS,"/><SP WIDTH="227" VPOS="1229" HPOS="524"/>
							<String ID="string_186" HPOS="751" VPOS="1229" WIDTH="41" HEIGHT="22" WC="0.93" CONTENT="och"/><SP WIDTH="20" VPOS="1229" HPOS="792"/>
							<String ID="string_187" HPOS="812" VPOS="1229" WIDTH="77" HEIGHT="22" WC="0.92" CONTENT="Adeln."/>
						</TextLine>
						<TextLine ID="line_27" HPOS="311" VPOS="1278" WIDTH="189" HEIGHT="23">
							<String ID="string_188" HPOS="311" VPOS="1278" WIDTH="34" HEIGHT="17" WC="0.96" CONTENT="den"/><SP WIDTH="13" VPOS="1278" HPOS="345"/>
							<String ID="string_189" HPOS="358" VPOS="1278" WIDTH="22" HEIGHT="17" WC="0.96" CONTENT="14"/><SP WIDTH="13" VPOS="1278" HPOS="380"/>
							<String ID="string_190" HPOS="393" VPOS="1278" WIDTH="41" HEIGHT="23" WC="0.96" CONTENT="Maj"/><SP WIDTH="10" VPOS="1278" HPOS="434"/>
							<String ID="string_191" HPOS="444" VPOS="1279" WIDTH="56" HEIGHT="17" WC="0.96" CONTENT="1900."/>
						</TextLine>
					</TextBlock>
				</ComposedBlock>
				<GraphicalElement ID="cblock_10" HPOS="372" VPOS="1320" WIDTH="69" HEIGHT="2"></GraphicalElement >
				<ComposedBlock ID="cblock_11" HPOS="369" VPOS="1341" WIDTH="67" HEIGHT="18">
					<TextBlock ID="block_9" HPOS="369" VPOS="1341" WIDTH="67" HEIGHT="18">
						<TextLine ID="line_28" HPOS="369" VPOS="1341" WIDTH="67" HEIGHT="18">
							<String ID="string_192" HPOS="369" VPOS="1341" WIDTH="27" HEIGHT="18" WC="0.65" CONTENT="JE"/><SP WIDTH="13" VPOS="1341" HPOS="396"/>
							<String ID="string_193" HPOS="409" VPOS="1341" WIDTH="27" HEIGHT="18" WC="0.87" CONTENT="18."/>
						</TextLine>
					</TextBlock>
				</ComposedBlock>
				<ComposedBlock ID="cblock_12" HPOS="197" VPOS="1402" WIDTH="831" HEIGHT="145">
					<TextBlock ID="block_10" HPOS="197" VPOS="1402" WIDTH="831" HEIGHT="145">
						<TextLine ID="line_29" HPOS="267" VPOS="1402" WIDTH="761" HEIGHT="31">
							<String ID="string_194" HPOS="267" VPOS="1402" WIDTH="43" HEIGHT="22" WC="0.93" CONTENT="Till"/><SP WIDTH="21" VPOS="1402" HPOS="310"/>
							<String ID="string_195" HPOS="331" VPOS="1402" WIDTH="123" HEIGHT="30" WC="0.90" CONTENT="Höglofliga"/><SP WIDTH="24" VPOS="1402" HPOS="454"/>
							<String ID="string_196" HPOS="478" VPOS="1404" WIDTH="159" HEIGHT="29" WC="0.92" CONTENT="Ridderskapet"/><SP WIDTH="22" VPOS="1404" HPOS="637"/>
							<String ID="string_197" HPOS="659" VPOS="1405" WIDTH="41" HEIGHT="21" WC="0.93" CONTENT="och"/><SP WIDTH="19" VPOS="1405" HPOS="700"/>
							<String ID="string_198" HPOS="719" VPOS="1405" WIDTH="72" HEIGHT="21" WC="0.93" CONTENT="Adeln"/><SP WIDTH="17" VPOS="1405" HPOS="791"/>
							<String ID="string_199" HPOS="808" VPOS="1405" WIDTH="34" HEIGHT="21" WC="0.92" CONTENT="fär"/><SP WIDTH="14" VPOS="1405" HPOS="842"/>
							<String ID="string_200" HPOS="856" VPOS="1405" WIDTH="172" HEIGHT="22" WC="0.91" CONTENT="Vattenrättsut-"/>
						</TextLine>
						<TextLine ID="line_30" HPOS="197" VPOS="1430" WIDTH="830" HEIGHT="30">
							<String ID="string_201" HPOS="197" VPOS="1430" WIDTH="84" HEIGHT="22" WC="0.91" CONTENT="skottet"/><SP WIDTH="21" VPOS="1430" HPOS="281"/>
							<String ID="string_202" HPOS="302" VPOS="1431" WIDTH="102" HEIGHT="29" WC="0.92" CONTENT="härjemte"/><SP WIDTH="23" VPOS="1431" HPOS="404"/>
							<String ID="string_203" HPOS="427" VPOS="1432" WIDTH="156" HEIGHT="23" WC="0.90" CONTENT="vördsammast"/><SP WIDTH="23" VPOS="1432" HPOS="583"/>
							<String ID="string_204" HPOS="606" VPOS="1434" WIDTH="90" HEIGHT="20" WC="0.92" CONTENT="aflemna"/><SP WIDTH="22" VPOS="1434" HPOS="696"/>
							<String ID="string_205" HPOS="718" VPOS="1435" WIDTH="38" HEIGHT="20" WC="0.93" CONTENT="sitt"/><SP WIDTH="24" VPOS="1435" HPOS="756"/>
							<String ID="string_206" HPOS="780" VPOS="1434" WIDTH="135" HEIGHT="21" WC="0.92" CONTENT="betänkande"/><SP WIDTH="20" VPOS="1434" HPOS="915"/>
							<String ID="string_207" HPOS="935" VPOS="1434" WIDTH="92" HEIGHT="20" WC="0.88" CONTENT="N:o1i"/>
						</TextLine>
						<TextLine ID="line_31" HPOS="197" VPOS="1460" WIDTH="831" HEIGHT="30">
							<String ID="string_208" HPOS="197" VPOS="1460" WIDTH="118" HEIGHT="28" WC="0.92" CONTENT="anledning"/><SP WIDTH="22" VPOS="1460" HPOS="315"/>
							<String ID="string_209" HPOS="337" VPOS="1460" WIDTH="23" HEIGHT="21" WC="0.96" CONTENT="af"/><SP WIDTH="22" VPOS="1460" HPOS="360"/>
							<String ID="string_210" HPOS="382" VPOS="1460" WIDTH="62" HEIGHT="22" WC="0.93" CONTENT="Hans"/><SP WIDTH="22" VPOS="1460" HPOS="444"/>
							<String ID="string_211" HPOS="466" VPOS="1462" WIDTH="121" HEIGHT="28" WC="0.90" CONTENT="Kejserliga"/><SP WIDTH="23" VPOS="1462" HPOS="587"/>
							<String ID="string_212" HPOS="610" VPOS="1462" WIDTH="113" HEIGHT="28" WC="0.91" CONTENT="Majestäts"/><SP WIDTH="23" VPOS="1462" HPOS="723"/>
							<String ID="string_213" HPOS="746" VPOS="1462" WIDTH="80" HEIGHT="28" WC="0.92" CONTENT="nädiga"/><SP WIDTH="19" VPOS="1462" HPOS="826"/>
							<String ID="string_214" HPOS="845" VPOS="1463" WIDTH="133" HEIGHT="27" WC="0.96" CONTENT="proposition"/><SP WIDTH="16" VPOS="1463" HPOS="978"/>
							<String ID="string_215" HPOS="994" VPOS="1469" WIDTH="34" HEIGHT="14" WC="0.97" CONTENT="om"/>
						</TextLine>
						<TextLine ID="line_32" HPOS="197" VPOS="1488" WIDTH="831" HEIGHT="30">
							<String ID="string_216" HPOS="197" VPOS="1488" WIDTH="122" HEIGHT="28" WC="0.96" CONTENT="antagande"/><SP WIDTH="16" VPOS="1488" HPOS="319"/>
							<String ID="string_217" HPOS="335" VPOS="1489" WIDTH="23" HEIGHT="21" WC="0.96" CONTENT="af"/><SP WIDTH="14" VPOS="1489" HPOS="358"/>
							<String ID="string_218" HPOS="372" VPOS="1489" WIDTH="36" HEIGHT="28" WC="0.93" CONTENT="lag"/><SP WIDTH="14" VPOS="1489" HPOS="408"/>
							<String ID="string_219" HPOS="422" VPOS="1490" WIDTH="111" HEIGHT="28" WC="0.92" CONTENT="angäende"/><SP WIDTH="16" VPOS="1490" HPOS="533"/>
							<String ID="string_220" HPOS="549" VPOS="1492" WIDTH="143" HEIGHT="20" WC="0.92" CONTENT="vattenrätten"/><SP WIDTH="22" VPOS="1492" HPOS="692"/>
							<String ID="string_221" HPOS="714" VPOS="1491" WIDTH="49" HEIGHT="21" WC="0.96" CONTENT="med"/><SP WIDTH="16" VPOS="1491" HPOS="763"/>
							<String ID="string_222" HPOS="779" VPOS="1491" WIDTH="44" HEIGHT="21" WC="0.93" CONTENT="lika"/><SP WIDTH="15" VPOS="1491" HPOS="823"/>
							<String ID="string_223" HPOS="838" VPOS="1491" WIDTH="100" HEIGHT="21" WC="0.92" CONTENT="vördsam"/><SP WIDTH="19" VPOS="1491" HPOS="938"/>
							<String ID="string_224" HPOS="957" VPOS="1492" WIDTH="71" HEIGHT="20" WC="0.92" CONTENT="anmä-"/>
						</TextLine>
						<TextLine ID="line_33" HPOS="197" VPOS="1516" WIDTH="830" HEIGHT="31">
							<String ID="string_225" HPOS="197" VPOS="1516" WIDTH="42" HEIGHT="27" WC="0.96" CONTENT="lan,"/><SP WIDTH="16" VPOS="1516" HPOS="239"/>
							<String ID="string_226" HPOS="255" VPOS="1520" WIDTH="31" HEIGHT="18" WC="0.96" CONTENT="att"/><SP WIDTH="15" VPOS="1520" HPOS="286"/>
							<String ID="string_227" HPOS="301" VPOS="1518" WIDTH="33" HEIGHT="20" WC="0.93" CONTENT="till"/><SP WIDTH="15" VPOS="1518" HPOS="334"/>
							<String ID="string_228" HPOS="349" VPOS="1518" WIDTH="114" HEIGHT="22" WC="0.93" CONTENT="Utskottet"/><SP WIDTH="15" VPOS="1518" HPOS="463"/>
							<String ID="string_229" HPOS="478" VPOS="1519" WIDTH="125" HEIGHT="28" WC="0.92" CONTENT="visserligen"/><SP WIDTH="16" VPOS="1519" HPOS="603"/>
							<String ID="string_230" HPOS="619" VPOS="1519" WIDTH="23" HEIGHT="21" WC="0.96" CONTENT="af"/><SP WIDTH="15" VPOS="1519" HPOS="642"/>
							<String ID="string_231" HPOS="657" VPOS="1520" WIDTH="105" HEIGHT="21" WC="0.95" CONTENT="särskilda"/><SP WIDTH="16" VPOS="1520" HPOS="762"/>
							<String ID="string_232" HPOS="778" VPOS="1520" WIDTH="50" HEIGHT="21" WC="0.96" CONTENT="dess"/><SP WIDTH="15" VPOS="1520" HPOS="828"/>
							<String ID="string_233" HPOS="843" VPOS="1520" WIDTH="138" HEIGHT="21" WC="0.93" CONTENT="medlemmar"/><SP WIDTH="14" VPOS="1520" HPOS="981"/>
							<String ID="string_234" HPOS="995" VPOS="1520" WIDTH="32" HEIGHT="20" WC="0.92" CONTENT="af-"/>
						</TextLine>
					</TextBlock>
				</ComposedBlock>
			</PrintSpace>
		</Page>
	</Layout>
</alto>
