1084 1789
204 129 41 20 644
452 134 24 17 R.
490 139 18 12 o.
521 134 26 17 A.
560 134 62 17 1900.
647 135 23 17 17
682 135 50 20 Maj.

174 201 104 29 grundad.
307 202 44 21 För
365 201 37 22 det
417 201 78 22 första:
511 201 40 22 vär
561 210 42 20 nya
614 202 98 28 strafflag
727 204 23 19 är
765 202 31 21 alt
811 206 65 17 annat
886 203 27 20 än
925 204 79 27 sträng.

174 231 49 21 Den
246 231 44 20 äri
307 230 122 29 päfallande
451 230 52 29 grad
527 230 87 29 lindrig,
636 231 116 21 skattande
773 231 22 20 ät
810 231 71 21 tidens
897 231 107 21 allmänna

174 259 120 21 tendenser.
324 259 52 21 Men
397 259 64 21 äfven
485 267 34 13 om
542 259 43 22 den
609 267 51 14 vore
676 259 83 22 mindre
775 259 61 28 slapp
852 260 7 21 i
875 259 77 28 mänga
968 260 36 21 be-

174 289 137 26 stämningar,
334 287 24 22 sä
380 289 23 20 är
425 288 38 21 här
485 288 48 21 icke
556 288 62 28 fräga
634 296 35 13 om
684 288 201 26 straffkumulation,
904 291 50 18 utan
970 296 33 13 om

175 317 144 27 legogifvares
341 318 48 24 rätt,
411 316 41 22 och
475 316 37 21 det
535 317 35 20 mä
586 317 34 21 väl
636 317 56 21 dock
708 324 51 14 vara
774 317 127 28 jordegaren
917 317 87 23 unnadt,

175 345 89 22 likasom
288 345 37 21 det
340 346 5 20 i
362 345 76 28 mänga
460 345 39 21 fall
522 347 24 19 är
561 345 53 22 hans
631 346 59 28 pligt,
706 349 32 18 att
753 353 23 14 se
792 345 33 22 till
841 349 31 17 att
887 346 48 21 icke
951 345 52 22 hans

174 374 46 28 jord
237 374 41 21 blir
299 374 144 27 tummelplats
459 374 35 21 för
509 373 58 22 vilda
583 375 65 20 sällar
663 374 41 21 och
720 381 107 21 personer,
843 381 45 14 som
904 374 57 28 gäng
977 374 27 28 pä

174 402 57 28 gäng
246 403 100 20 hemfalla
361 402 68 21 under
443 402 125 29 strafflagen
584 403 49 21 med
649 403 78 21 förlust
742 403 23 20 af
780 403 168 28 medborgerligt
961 403 43 20 för-

174 431 95 21 troende.
300 431 43 21 Det
366 431 67 21 mäste
456 439 50 13 vara
522 431 54 22 hans
592 433 42 19 rätt
649 431 41 22 och
706 431 54 28 pligt
776 434 32 18 att
823 431 69 22 befria
908 433 33 26 sig
956 431 47 21 frän

174 460 86 27 tjufvar,
281 459 166 22 mordbrännare
469 459 41 22 och
534 460 74 21 bärare
631 461 23 20 af
675 460 67 21 andra
757 460 73 28 dylika
846 460 158 28 samhällssjuk-

175 488 79 26 domar,
269 496 46 13 som
338 489 46 20 ofta
403 488 106 29 uppträda
524 489 132 28 epidemiskt
671 489 27 28 pä
714 490 58 20 vissa
788 492 62 18 orter.
881 489 72 21 Afven
970 495 33 14 om

174 522 112 23 torparens
302 525 53 20 egen
371 525 76 20 person
464 518 6 20 i
487 517 52 21 brist
555 517 29 28 pä
600 517 114 28 bevisning
729 517 48 22 icke
793 517 69 22 skulle
878 517 71 22 kunna
965 517 39 21 fäl-

175 546 31 21 las
222 546 52 21 eller
297 553 33 14 om
352 550 98 24 torparen
475 553 50 14 vore
541 546 107 28 oskyldig,
664 546 24 21 sä
703 546 31 21 lär
750 546 38 21 det
803 546 47 21 icke
866 546 67 21 sällan
949 546 55 21 före-

176 575 90 25 komma,
281 577 31 18 att
328 574 41 21 han
385 576 6 19 i
407 576 37 20 sitt
459 575 40 20 hus
515 574 64 29 hyser
595 575 109 21 notoriska
719 575 88 28 tjufvar,
823 575 129 28 exempelvis
969 575 34 20 illa

174 603 141 28 uppfostrade
339 603 57 27 barn,
421 603 73 28 mägar
509 603 41 22 och
566 603 68 22 andra
650 603 74 28 dylika
740 603 122 28 slägtingar.
893 603 48 22 Mot
955 603 48 21 dem

176 631 68 21 skulle
260 631 125 29 jordegaren
402 632 89 21 sälunda
507 631 34 22 stä
558 632 98 27 maktlös,
666 632 45 21 ifall
728 632 27 21 de
765 631 48 28 gätt
823 632 112 28 förlustige
946 632 58 21 med-

175 660 116 28 borgerligt
313 661 130 22 förtroende.
469 664 50 17 nota
542 661 55 21 bene
621 669 34 13 om
679 661 81 21 brottet
774 661 48 21 icke
838 661 45 21 står
897 661 7 20 i
920 661 83 20 kausal-

174 689 154 28 sammanhang
348 689 47 21 med
411 689 78 28 sjelfva
505 689 131 22 kontraktet.
664 689 43 28 Jag
722 697 64 14 anser
801 689 36 21 det
853 689 47 22 icke
915 691 42 20 rätt
972 692 30 18 att

174 717 91 22 försätta
280 717 125 29 jordegaren
428 719 6 20 i
450 719 70 20 denna
535 718 109 28 ställning.
674 718 51 21 Han
741 717 70 22 måste
826 718 23 21 få
865 718 116 21 bestämma
997 719 5 20 i

175 746 70 28 någon
267 747 54 26 mån,
345 747 105 20 hurudant
473 747 36 20 det
532 747 47 20 folk
602 747 56 21 skall
674 755 50 13 vara
740 747 33 20 till
789 747 32 21 sin
839 747 112 21 moraliska
968 746 35 21 be-

174 775 127 25 skaffenhet,
323 783 45 13 som
392 775 38 21 bor
452 775 28 28 pä
494 775 62 27 hans
576 775 66 22 mark.
671 775 34 22 En
721 776 62 27 ringa
799 777 118 26 ersättning
931 775 72 21 härför

174 803 38 21 har
229 803 112 22 Utskottet
363 804 125 28 visserligen
505 803 81 22 bestått
605 805 6 20 i
628 804 60 28 fråga
704 812 34 13 om
755 805 13 20 9
783 811 68 19 mom.,
867 804 38 21 der
920 804 36 21 det
971 807 31 18 ta-

174 832 30 21 las
220 839 35 14 om
279 832 89 21 lastbart
388 833 40 21 och
447 832 103 28 lösaktigt
566 833 103 21 lefverne.
700 833 44 20 Det
760 834 24 19 är
799 840 43 20 nog
857 833 23 21 sä
896 833 43 25 bra,
955 840 47 14 men

174 860 37 21 det
226 863 89 19 ersätter
337 861 116 28 ingalunda
476 862 25 20 11
523 869 63 13 mom.
602 861 48 22 nåd.
667 869 59 21 prop.
741 874 27 3 —
784 861 42 28 Jag
841 861 54 22 skall
911 869 28 13 nu
955 861 47 22 icke

174 889 114 28 uppehålla
312 889 26 22 R.
353 897 18 14 0.
387 891 38 20 A:s
450 889 32 22 tid
508 890 48 21 med
568 891 80 27 :nägra
674 890 83 21 mindre
783 890 169 27 anmärkningar,
970 890 31 21 till

174 917 74 22 hvilka
263 919 36 27 jag
313 920 56 19 ännu
378 919 68 20 skulle
458 926 50 13 vara
517 918 89 26 frestad,
615 922 51 17 utan
676 918 96 21 anhäller
780 919 109 20 vördsamt
898 919 22 20 fä
928 918 74 28 nödigt

173 946 118 21 understöd
314 947 34 20 för
370 947 120 21 återremiss
513 947 134 21 beträftande
663 949 12 19 5
692 947 96 28 punkten
805 948 5 20 i
827 947 40 22 och
883 947 34 21 för
932 947 69 21 denna

174 975 79 28 punkts
269 975 118 28 bringande
403 977 5 20 i
424 977 96 20 närmare
536 976 226 21 öfverensstämmelse
778 975 48 22 med
837 975 42 22 näd
890 983 59 21 prop.
961 975 40 22 och

173 1003 113 22 införande
302 1005 23 20 af
341 1005 24 20 11
382 1005 95 27 punkten
493 1005 22 20 af
530 1004 50 21 näd.
596 1012 60 21 prop.
671 1004 27 29 pä
714 1005 98 27 lämpligt
827 1005 67 20 ställe.

242 1061 35 21 Hr
291 1061 67 21 Adolf
372 1061 143 22 Aminoff:
541 1061 140 22 Beträffande
696 1061 58 22 Frih.
770 1069 40 14 von
825 1062 68 21 Borns
908 1061 94 29 yrkande

172 1092 33 18 att
228 1090 25 20 11
276 1089 93 29 punkten
392 1091 7 20 i
419 1090 48 21 näd.
500 1097 44 21 prop.
559 1090 67 21 mätte
641 1093 104 25 upptagas
761 1091 7 20 i
783 1090 69 21 denna
867 1090 34 28 lag
917 1090 36 21 ber
967 1091 34 27 jag

172 1117 24 21 fä
216 1117 129 22 understöda
367 1118 82 21 honom.
492 1126 27 20 Jag
540 1120 38 26 gör
600 1118 43 27 det,
666 1118 89 22 oaktadt
774 1119 35 27 jag
823 1118 48 22 icke
886 1122 117 18 reserverat

172 1146 49 28 mig.
251 1146 140 22 Beträffande
415 1147 95 21 deremot
531 1147 27 21 de
574 1147 168 28 anmärkningar,
758 1154 44 14 som
817 1147 58 21 Frih.
890 1155 40 13 von
946 1147 55 21 Born

172 1174 66 22 riktat
261 1178 44 18 mot
326 1176 12 20 5
360 1175 93 29 punkten
476 1176 7 20 i
507 1175 123 22 Utskottets
653 1175 141 27 betänkande,
811 1176 24 20 sä
850 1176 41 21 kan
905 1176 36 28 jag
955 1176 47 21 icke

172 1202 75 22 förena
269 1204 43 27 mig
334 1204 49 21 med
405 1204 81 21 honom.
517 1204 43 22 Om
582 1204 96 21 deremot
701 1204 128 28 stadgandet
851 1205 7 20 i
877 1205 12 20 6
909 1204 92 28 punkten

172 1231 68 22 skulle
259 1232 68 21 blifva
341 1232 40 28 lag,
397 1232 23 22 sä
436 1232 70 22 blefve
521 1240 26 14 en
562 1236 84 25 torpare
662 1232 51 22 eller
727 1232 202 29 dagsverksskyldig
943 1233 60 21 land-

172 1259 70 22 bonde
264 1262 7 20 i
293 1260 100 22 afseende
408 1261 13 21 ä
435 1262 32 20 sin
482 1261 127 29 arbetspligt
623 1261 40 21 och
678 1261 101 28 äfventyr
794 1261 33 21 för
841 1261 92 29 olydnad
947 1262 7 20 i
969 1270 33 13 ar-

173 1288 48 22 bete
236 1289 85 21 svärare
336 1289 56 22 stäld
407 1292 25 18 än
447 1290 133 28 tjenstehjon.
611 1290 44 21 Det
669 1297 62 14 anser
746 1291 36 27 jag
797 1290 47 21 icke
861 1298 50 13 vara
923 1290 80 28 riktigt,

172 1319 50 19 utan
242 1317 69 21 finner
332 1318 35 28 jag
389 1318 122 22 Utskottets
527 1318 123 22 förfarande
665 1321 33 19 att
712 1318 63 22 ställa
789 1318 60 22 detta
863 1318 117 28 stadgaude
995 1320 8 20 i

172 1345 219 23 Ofverensstämmelse
407 1346 48 22 med
470 1347 163 27 formuleringen
649 1347 46 21 utaf
710 1354 26 14 en
748 1347 100 28 paragraf
863 1348 7 20 i
885 1347 117 28 legohjons-

172 1374 90 28 stadgan
284 1375 50 21 fullt
354 1375 105 29 päkallad.
488 1375 43 28 Jag
552 1378 44 18 tror
618 1376 48 20 icke
687 1375 63 21 deraf
764 1376 67 20 skulle
846 1376 78 28 uppstä
939 1375 64 28 nägot

172 1402 76 22 sädant
270 1403 52 21 akut
344 1403 153 29 krigstillständ
519 1404 90 21 emellan
631 1404 109 22 husbonde
762 1404 40 21 och
817 1404 125 28 legotagare,
957 1411 46 14 som

171 1430 58 22 Frih.
252 1439 41 14 von
315 1432 57 21 Born
395 1432 50 22 stält
459 1433 8 21 i
481 1433 73 27 utsigt,
572 1440 34 14 om
622 1432 37 22 det
673 1432 119 28 stadgande
807 1440 34 14 om
856 1432 99 29 äfventyr
969 1432 34 21 för

171 1460 170 28 uppstudsighet,
363 1468 44 14 som
430 1460 69 22 finnes
521 1462 7 20 i
551 1461 143 28 legostadgan,
709 1461 112 26 uteslutes;
835 1461 40 21 och
891 1460 37 22 det
942 1460 60 22 torde

171 1488 47 21 icke
242 1496 37 14 ens
301 1497 51 13 vara
373 1490 74 28 nödigt
469 1492 32 19 att
522 1490 65 21 hafva
608 1490 60 21 detta
686 1489 118 29 stadgande
818 1490 7 20 i
841 1489 69 22 denna
924 1490 40 27 lag,
979 1492 24 25 ty
