1084 1781
214 119 41 21 614
464 126 24 17 R.
502 130 18 13 o.
531 126 26 17 A.
570 126 62 17 1900.
657 127 22 17 17
691 127 49 21 Maj.

184 193 80 21 lemnas
286 193 42 22 den
350 194 114 29 missnöjda
486 196 67 19 öppet
573 197 34 19 att
624 195 29 21 dä
667 195 70 21 vända
751 195 33 28 sig
798 194 33 22 till
847 194 96 22 domstol.
972 194 41 29 Jag

183 224 61 26 tager
266 222 44 28 mig
332 222 91 22 friheten
445 199 83 56 föreslå,
550 226 32 19 att
597 223 145 22 betänkandet
757 223 39 22 och
812 223 48 21 dess
876 224 13 27 $
905 225 27 19 24
947 223 66 22 måtte

183 250 165 22 återremitteras
362 251 34 21 till
411 251 113 22 Utskottet
538 251 35 22 för
587 255 33 18 att
634 252 143 28 omredigeras
792 253 7 20 i
815 251 37 22 det
867 252 56 28 syfte
935 255 32 18 att
977 252 36 21 be-

184 279 156 28 stämningarna
358 287 33 14 om
407 287 25 14 en
447 280 67 22 andra
528 288 39 21 syn
581 281 46 21 helt
642 281 41 21 och
697 281 66 21 hållet
778 281 66 21 måtte
859 288 24 13 ur
900 280 113 21 betänkan-

183 307 37 21 det
242 307 50 28 utgå
314 308 39 21 och
376 311 31 19 att
428 308 27 22 de
478 309 129 28 paragrafer,
628 317 45 14 som
688 309 100 29 möjligen
803 309 78 21 handla
896 317 33 13 om
945 309 68 21 denna

183 335 66 22 andra
263 344 45 21 syn,
322 337 63 21 äfven
400 337 67 22 skulle
482 337 149 29 omredigeras.

251 393 35 22 Hr
308 394 67 21 Adolf
389 395 144 21 Aminoff:
563 395 36 22 Då
613 396 36 27 jag
663 395 48 21 icke
727 395 41 21 kan
784 395 74 21 förena
873 395 43 28 mig
930 402 33 13 om
979 394 34 21 Hr

182 421 132 23 Ehrnrooths
334 423 136 29 uppfattning
485 423 73 22 derom
573 427 33 18 att
620 425 68 28 någon
704 423 103 22 förstärkt
821 423 130 29 synenämnd
965 423 48 21 icke

183 450 65 22 borde
263 451 7 21 i
281 451 60 29 fråga
348 431 92 48 komma;
456 453 37 20 ber
506 453 37 28 jag
557 452 23 21 få
594 455 57 26 yttra
665 452 66 29 några
741 452 38 21 ord
789 452 33 21 till
832 452 84 21 försvar
925 451 34 22 för
972 451 41 22 Ut-

182 479 90 22 skottets
289 480 138 22 betänkande.
448 481 45 21 Det
507 483 24 19 är
545 481 22 28 ju
582 481 118 22 önskvärdt
714 484 33 18 att
761 480 76 27 frågor,
853 488 46 14 som
913 480 48 21 icke
976 482 36 19 äro

182 507 24 22 af
227 508 42 21 den
290 512 67 23 natur,
374 512 32 19 att
420 509 27 22 de
462 511 36 20 äro
514 509 101 22 särskildt
630 509 62 22 svåra
707 509 34 22 för
756 509 97 22 enskilda
867 516 99 21 personer
981 512 32 18 att

182 539 136 20 samstämma
332 545 40 20 om,
387 537 47 22 icke
449 538 142 22 omotiveradt
606 538 35 21 må
655 538 77 28 dragas
747 538 33 21 till
791 538 102 21 domstols
903 537 108 29 pröfning;

182 565 39 21 och
236 565 39 22 här
290 568 23 19 är
328 566 88 29 specielt
430 566 61 29 fråga
505 575 34 13 om
555 570 32 19 att
602 567 37 21 vid
653 567 146 28 tillträdessyn
811 569 152 26 synemännens
979 569 33 18 ut-

182 593 84 22 låtande
282 594 54 22 skall
352 595 66 22 blifva
433 595 37 22 det
485 595 98 29 slutligen
599 595 106 22 bindande
721 595 40 22 och
777 595 88 22 ärendet
877 595 47 21 icke
936 595 75 21 under-

181 622 71 22 kastas
275 623 101 22 domstols
398 624 105 29 pröfning.
535 624 74 21 Skulle
632 624 63 22 äfven
718 623 71 29 frågor
813 631 34 14 om
869 623 143 29 tillträdessyn

181 651 76 28 dragas
279 652 32 21 till
334 652 96 27 domstol,
453 652 33 24 dä,
502 661 34 13 om
551 653 108 26 någonsin,
673 653 78 28 drager
765 653 38 21 det
817 653 35 21 väl
867 655 24 18 ut
905 652 28 29 på
947 652 64 27 tiden,

180 680 64 21 innan
266 680 38 22 det
325 680 41 22 blir
388 681 108 22 faststäldt
510 683 8 20 i
532 681 85 22 hvilket
635 681 61 22 skick
712 681 125 28 lägenheten
853 683 29 19 är.
911 681 49 21 Och
975 680 37 22 det

180 708 110 22 förefaller
311 717 51 14 vara
384 709 24 22 så
427 710 86 21 mycket
527 710 82 21 mindre
625 710 46 21 skäl
686 713 32 18 att
732 709 67 30 draga
813 710 60 21 detta
887 709 77 22 ärende
979 709 32 22 till

180 736 97 28 domstol,
299 745 45 14 som
366 738 38 21 här
425 739 48 21 icke
495 741 24 19 är
540 739 62 28 fråga
619 747 34 13 om
668 739 66 28 något
748 737 203 30 fordringsanspråk,
966 745 45 14 som

180 765 42 22 den
244 773 40 14 ena
306 766 152 22 kontrahenten
481 767 68 22 skulle
571 767 66 22 hafva
655 770 58 19 emot
727 767 40 21 den
784 767 71 22 andra.
908 769 22 19 Här
944 767 67 27 gäller

181 793 37 22 det
240 795 76 22 endast
336 798 33 19 att
392 795 105 22 fastställa
518 796 38 21 det
571 796 68 28 skick,
653 797 8 20 i
675 795 84 22 hvilket
773 795 126 29 lägenheten
914 795 97 22 befinner

181 823 37 25 sig,
240 823 41 22 och
304 823 37 22 det
362 831 50 14 vore
434 825 34 21 väl
489 827 78 26 ytterst
582 824 59 22 svärt
655 824 34 22 för
704 824 147 22 häradsrätten
866 827 33 18 att
913 823 98 22 meddela

180 851 109 22 utlätande
304 853 7 20 i
326 852 82 22 hvilket
430 853 60 22 skick
505 853 126 22 lägenheten
647 855 23 20 är
684 856 51 18 utan
750 856 33 18 att
797 860 112 21 arrangera
924 852 87 21 härads-

180 887 38 21 syn
233 880 29 29 pä
276 881 76 21 stället.
382 881 67 22 Detta
463 881 46 22 äter
523 882 68 21 skulle
607 881 68 22 blifva
689 881 94 29 orimligt
798 881 110 27 kostsamt,
923 881 40 21 och
975 881 36 28 jag

179 911 45 19 tror
238 909 38 22 det
290 909 48 22 icke
352 911 24 20 är
390 910 131 28 nödvändigt
535 910 36 21 för
586 910 124 22 bevakande
725 910 24 21 af
764 910 27 21 de
806 911 109 25 intressen,
925 909 39 22 här
974 911 36 20 äro

178 937 8 21 i
201 937 67 28 fräga,
282 941 33 18 att
329 940 79 20 utsätta
421 941 99 26 parterna
535 939 35 21 för
585 939 23 21 sä
623 942 57 18 stora
695 939 120 21 kostnader.
841 938 34 21 Hr
889 938 121 21 Ehrnrooth

179 965 39 22 har
239 966 70 22 tillika
332 969 70 19 ansett
420 970 32 19 att
466 967 38 22 det
518 967 71 22 kunde
604 967 66 29 draga
685 970 23 19 ut
723 967 53 22 flere
791 967 24 21 är
829 968 64 20 innan
907 967 103 21 förstärkt

178 994 141 28 synenämnds
335 995 108 22 utlåtande
458 995 67 22 skulle
540 996 72 21 kunna
621 996 99 29 afgifvas.
744 996 43 28 Jag
798 999 45 18 tror
854 995 55 22 dock
919 995 48 22 icke
978 998 33 19 att

178 1023 38 21 det
238 1023 72 22 blefve
324 1023 24 22 så
364 1024 120 29 bedröfligt.
512 1025 35 28 Ty
561 1025 8 20 i
584 1025 27 21 20
628 1025 11 28 8
654 1025 60 28 ingår
729 1024 118 29 stadgande
862 1031 34 14 om
911 1027 32 18 att
960 1024 50 21 »har

177 1059 109 20 syneman,
306 1060 44 13 som
366 1055 77 19 utsetts
458 1053 22 21 af
494 1053 143 22 ordföranden
652 1054 8 20 i
675 1053 234 25 kommunalstämman,
923 1053 86 21 uteblif-

178 1080 38 26 vit,
231 1080 56 22 kalle
310 1081 26 21 de
360 1081 181 22 tillstädeskomne
557 1083 141 27 synemännen
713 1089 69 14 annan
797 1081 120 22 närboende
932 1081 77 22 redbar

176 1108 41 21 och
234 1109 61 28 eljest
315 1109 87 29 lämplig
432 1117 59 14 person
506 1113 32 18 att
553 1118 52 14 vara
619 1118 121 21 syneman».
770 1110 88 22 Uteblir
872 1117 26 14 en
913 1109 22 22 af
950 1110 59 21 kom-

177 1133 189 37 munalstämmans
388 1117 127 43 ordförande
533 1139 78 21 utsedd
625 1146 101 21 syneman
741 1138 105 22 behöfver
860 1138 48 21 icke
923 1138 86 22 förrätt-

177 1165 78 30 ningen
277 1166 124 29 uppskjutas
423 1167 28 28 på
466 1167 23 22 så
502 1167 50 29 lång
566 1167 39 26 tid,
620 1175 45 14 som
680 1167 35 22 Hr
729 1167 122 22 Ehrnrooth
866 1166 70 29 ansåg.
965 1167 45 22 Det

177 1193 40 22 bör
238 1195 36 21 väl
295 1195 48 22 icke
366 1195 86 28 erbjuda
473 1195 24 22 så
517 1199 58 18 stora
589 1195 132 28 svårigheter
735 1196 35 21 för
785 1195 28 22 de
827 1195 183 22 tillstädeskomna

175 1225 144 26 synemännen
334 1227 32 18 att
380 1223 59 22 finna
453 1224 68 28 någon
537 1224 121 22 närboende
673 1232 76 21 person
764 1220 91 58 lämplig
867 1224 35 21 för
911 1223 37 22 det
957 1225 52 27 jem-

177 1251 112 23 förelsevis
305 1252 62 22 enkla
381 1252 102 29 uppdrag,
498 1260 45 14 som
559 1253 80 29 åligger
653 1256 144 18 synemännen
811 1254 22 20 vid
859 1260 26 14 en
895 1252 114 22 tillträdes-

175 1287 46 21 syn.
250 1280 15 22 Jag
307 1280 37 22 ber
358 1280 73 22 derför
445 1281 23 21 få
482 1284 101 19 motsätta
597 1282 28 21 mig
680 1290 11 13 Hr
704 1281 133 22 Ehrnrooths
852 1281 85 29 förslag.

246 1284 172 55 Vidkommande
433 1310 37 22 det
479 1310 45 22 förslag
570 1310 35 22 Hr
618 1306 25 36 af
649 1310 120 22 Hällström
780 1310 113 26 framstält,
903 1310 105 28 nämligen

175 1339 34 19 att
223 1337 28 21 de
267 1340 77 19 tvänne
359 1340 106 26 synemän,
480 1346 45 14 som
540 1338 69 22 skulle
623 1339 108 21 förstärka
745 1338 42 22 den
801 1338 68 22 första
883 1340 125 27 synenämn-

175 1365 49 27 den,
251 1366 68 22 skulle
343 1369 57 19 utses
424 1366 24 22 af
471 1367 242 29 förmyndarenämnden
727 1368 8 20 i
751 1367 133 27 kommunen,
899 1366 110 22 förefaller

176 1393 38 23 det
238 1395 50 28 mig,
309 1402 45 14 som
376 1402 34 14 om
432 1395 38 22 det
490 1395 48 22 icke
561 1403 50 15 vore
634 1396 47 21 skäl
703 1398 32 19 att
755 1395 90 29 indraga
863 1395 145 22 förmyndare-

175 1422 107 22 nämnden
303 1424 8 21 i
333 1423 69 22 denna
422 1424 65 28 fråga.
515 1424 46 22 Det
579 1432 50 14 vore
644 1424 46 22 helt
705 1425 54 21 visst
773 1424 80 22 egnadt
867 1427 33 19 att
924 1423 85 29 fördröja

175 1451 167 23 verkställandet
363 1452 23 22 af
408 1452 176 29 tillträdessynen.
613 1452 46 22 Det
719 1460 24 14 er
763 1453 19 21 tid
814 1452 35 22 för
863 1452 145 29 förmyndare-

175 1480 106 22 nämnden
301 1483 33 19 att
354 1481 77 21 samlas
455 1481 40 22 och
519 1481 72 22 rådslå
614 1489 35 14 om
673 1482 36 21 hvi
771 1481 38 21 två
842 1488 84 14 personer
949 1481 59 21 skola

175 1510 57 20 utses
254 1508 33 22 till
301 1508 159 30 förrättningen,
476 1509 40 23 och
531 1510 116 22 nämndens
662 1510 139 22 medlemmar
815 1510 60 21 skola
889 1510 36 21 väl
942 1509 65 23 hafva
