1084 1781
321 137 157 17 Gränsskilnad
489 138 8 16 i
508 138 134 20 vattendrag.
826 131 40 21 847

71 205 76 27 dertill,
163 212 45 14 som
224 205 143 21 förekommer
382 205 13 21 å
410 205 39 22 sid.
464 207 12 20 9
493 207 6 20 i
510 205 125 23 Utskottets
646 205 141 27 betänkande,
797 205 25 21 så
832 205 64 21 fram-

69 235 38 28 går
130 233 36 22 det
187 234 49 21 icke
254 233 48 22 med
319 233 38 22 full
373 234 107 28 tydlighet
495 234 106 22 huruvida
616 234 37 21 det
668 235 6 20 i
690 233 126 30 paragrafen
832 233 63 26 afses,

70 266 31 18 att
124 262 107 21 råskilnad
255 262 66 21 borde
344 262 83 29 uppgås
449 263 75 21 endast
545 263 90 21 emellan
650 263 56 21 olika
722 262 174 28 samfälligheter,

70 292 57 28 byar,
149 291 52 21 eller
223 291 106 21 huruvida
351 291 48 21 med
421 291 130 28 stadgandet
571 291 58 22 afses
645 294 32 19 att
691 291 109 21 råskilnad
816 292 5 19 i
838 291 57 21 vissa

69 320 39 21 fall
122 319 150 28 obligatoriskt
290 319 66 22 borde
371 320 83 28 uppgås
470 321 66 20 äfven
553 320 90 21 emellan
659 319 97 22 enskilda
772 319 124 28 lägenheter

70 348 128 21 tillhörande
216 355 80 14 samma
315 348 150 28 samfällighet,
481 349 106 26 nämligen
603 349 6 21 i
625 349 38 21 fall
678 348 73 21 dessas
767 348 128 21 fiskevatten

71 377 72 21 blifvit
165 384 75 21 genom
264 376 49 21 dom
335 377 33 21 till
391 378 37 20 sitt
442 377 88 22 område
546 377 111 22 faststäldt
672 377 51 21 eller
736 384 78 21 genom
830 376 66 21 skifte

69 405 102 27 utbrutet,
194 413 47 14 men
263 405 74 21 skiftet
360 405 90 22 lemnats
473 406 148 21 ofullbordadt
643 405 113 27 såtillvida,
774 408 31 19 att
820 405 74 21 råerna

70 434 90 21 emellan
182 441 78 21 egorna
281 434 48 21 icke
352 434 72 22 blifvit
447 435 116 28 behörigen
581 435 103 28 rörlagda.
714 434 44 21 Det
772 441 64 22 synes
852 434 43 27 mig

70 466 32 18 att
117 463 36 21 det
168 463 114 20 förefinnes
298 470 26 13 en
339 464 45 20 viss
400 463 145 28 inkongruens
555 463 89 22 emellan
657 463 149 28 ordalydelsen
817 463 7 21 i
835 469 61 22 para-

69 491 76 28 grafen
169 491 39 22 och
231 491 42 21 den
293 492 129 27 motivering
437 492 77 26 dertill,
530 500 46 13 som
591 493 36 27 jag
642 499 50 21 nyss
708 491 54 22 hade
778 493 51 20 äran
845 491 51 21 åbe-

70 527 58 22 ropa.
157 519 106 22 Särskildt
284 527 33 14 om
337 527 49 14 man
405 524 60 25 tager
480 522 6 20 i
503 521 141 21 betraktande
659 523 31 18 att
705 528 74 13 senare
795 520 62 21 delen
872 519 24 22 af

71 549 126 28 paragrafen
213 548 118 21 innehåller
345 549 119 28 stadgande
475 549 80 27 derom,
566 553 32 18 att
609 557 33 14 om
655 550 54 27 byar
719 549 84 21 tillhöra
814 556 81 14 samma

70 585 69 20 egare,
161 577 34 21 må
215 577 108 21 råskilnad
343 577 76 22 mellan
436 577 47 22 dem
504 578 48 21 icke
567 578 90 29 uppgås,
673 578 37 21 der
725 585 77 21 egaren
818 577 78 22 sådant

70 608 111 26 motsäger,
204 606 41 21 kan
269 613 48 14 man
340 606 47 21 med
411 607 24 20 så
459 607 86 28 mycket
560 609 68 19 större
644 607 46 21 skäl
706 607 84 20 komma
806 606 31 21 till
854 605 40 22 den

70 635 93 26 slutsats,
179 638 31 18 att
225 635 6 20 i
247 635 10 27 $
274 634 76 22 endast
365 636 23 20 är
403 635 61 28 fråga
479 643 34 13 om
525 635 130 29 uppgående
665 635 22 21 af
697 635 108 21 råskilnad
818 635 76 20 mellan

70 663 56 22 olika
148 663 172 28 samfälligheter.
350 663 42 28 Jag
413 664 80 21 tillåter
516 665 44 27 mig
582 664 73 21 derför
674 664 112 21 hemställa
802 665 93 19 närmast

69 692 33 21 till
117 692 27 21 de
159 691 64 22 ärade
243 692 163 21 medlemmarne
422 693 23 20 af
461 692 249 27 Vattenrättsutskottet,
726 692 105 21 huruvida
847 692 48 21 icke

70 720 115 29 anledning
200 720 95 28 förelåge
310 721 35 20 för
361 720 91 22 Ståndet
467 725 31 17 att
514 721 85 22 besluta
609 721 121 22 återremiss
739 721 32 21 till
782 721 113 22 Utskottet

71 750 5 20 i
92 749 57 28 syfte
171 752 32 18 att
225 750 12 21 6
259 750 12 26 S
288 749 71 21 blefve
375 749 147 28 omredigerad
538 751 7 20 i
562 750 41 21 den
619 750 94 27 riktning
728 753 31 18 att
774 749 122 22 fullständi-

70 785 50 20 gare
142 777 145 28 likformighet
311 778 90 21 emellan
424 779 156 28 motiveringen
599 779 32 20 till
647 778 125 29 paragrafen
790 778 40 21 och
846 777 50 22 dess

70 806 133 29 ordalydelse
218 807 65 20 måtte
299 806 33 21 fås
347 807 32 21 till
395 807 69 22 stånd.

139 863 57 22 Frih.
219 871 53 14 von
294 863 85 22 Born:
408 863 43 30 Jag
473 865 39 20 har
534 864 47 21 haft
603 863 111 22 förmånen
737 867 31 18 att
783 864 23 21 få
822 863 35 22 del
873 864 24 21 af

70 892 70 21 denna
156 892 139 28 anmärkning
311 893 46 20 före
373 892 59 22 detta
448 893 92 28 plenum,
556 893 41 22 och
611 893 36 28 jag
663 893 39 21 kan
720 893 46 21 icke
783 893 59 28 värja
853 893 43 27 mig

70 921 34 20 för
127 921 40 20 den
194 921 85 28 tanken,
305 924 31 18 att
363 921 36 21 det
426 921 68 28 ligger
521 921 66 28 något
615 921 103 28 befogadt
737 922 6 21 i
766 921 130 22 densamma.

70 949 77 22 Denna
169 949 128 28 författning
319 949 44 27 har,
379 950 70 21 såsom
472 951 26 21 R.
514 958 18 13 o.
548 951 27 21 Ä.
591 950 35 21 vid
646 950 121 28 jemförelse
789 949 48 22 med
854 949 41 22 den

71 977 47 22 nåd.
139 985 59 22 prop.
214 978 39 21 lätt
268 978 41 21 kan
326 979 61 26 finna,
403 979 48 21 från
468 979 37 21 det
520 982 32 18 att
567 979 40 21 den
623 979 39 21 har
677 979 99 28 upptagit
791 978 76 21 endast
882 979 14 20 6

71 1007 128 28 paragrafer,
215 1007 73 21 svullit
302 1010 25 18 ut
340 1007 33 21 till
389 1011 30 17 ett
434 1008 58 21 antal
508 1007 22 22 af
547 1009 32 25 19,
595 1007 73 22 hvilka
683 983 112 56 Utskottet
810 1007 86 21 således

71 1036 56 20 varit
149 1038 90 25 tvunget
260 1039 31 17 att
313 1035 46 22 dels
383 1036 181 28 sammanplocka,
580 1036 45 21 dels
644 1036 132 28 väsentligen
792 1035 105 22 utarbeta.

72 1063 44 22 Det
131 1067 57 18 stora
207 1064 90 21 fertalet
312 1065 38 20 har
365 1064 123 29 derigenom
504 1066 6 20 i
526 1065 47 21 sina
589 1064 97 22 enskilda
701 1065 38 20 ord
754 1065 41 21 och
811 1064 85 29 uttryck

72 1092 23 21 så
117 1092 131 29 småningom
272 1093 84 21 inristat
378 1094 32 27 sig
432 1094 7 20 i
462 1093 74 28 hvarje
559 1093 84 22 enskild
662 1093 100 22 medlems
778 1094 62 21 sinne
856 1093 40 21 och

72 1122 77 23 minne,
164 1124 31 19 att
210 1129 47 14 man
275 1122 5 21 i
297 1123 44 20 viss
356 1121 49 22 mån
420 1122 90 21 förlorat
525 1122 111 28 förmågan
651 1122 32 21 till
695 1122 64 27 nödig
770 1122 126 27 sjelfkritisk

72 1150 159 28 uppskattning,
251 1150 72 21 såsom
345 1151 46 20 ofta
414 1151 78 20 brukar
514 1151 39 21 ske
576 1151 36 20 vid
635 1151 72 28 dylika
721 1151 93 21 arbeten.
844 1150 52 21 Man

71 1181 45 18 tror
131 1179 32 28 sig
179 1179 67 21 förstå
262 1179 66 21 saken
344 1179 55 28 sjelf,
414 1187 48 14 men
479 1179 126 22 observerar
620 1179 48 22 icke
684 1179 65 26 alltid,
760 1182 31 18 att
801 1179 42 21 den
855 1179 42 20 kan

71 1210 22 18 te
108 1208 33 27 sig
156 1207 79 22 dunkel
251 1207 34 22 för
299 1207 72 22 andra.
401 1207 42 28 Jag
458 1207 82 28 nödgas
556 1208 99 27 erkänna,
671 1211 31 18 att
717 1207 41 22 den
773 1207 75 29 gjorda
860 1215 37 13 an-

72 1235 139 29 märkningen
227 1236 128 22 åtminstone
371 1236 38 22 har
424 1237 100 21 formella
539 1237 46 21 skäl
601 1237 34 21 för
650 1237 38 27 sig.
712 1236 64 22 Utom
787 1236 58 22 hvad
856 1235 41 22 den

72 1264 63 22 ärade
159 1265 80 21 talaren
262 1265 49 28 sjelf
333 1265 77 28 anfört,
426 1266 42 20 kan
484 1266 22 28 ju
521 1267 57 19 ännu
594 1268 94 24 nämnas,
705 1268 31 18 att
750 1265 65 22 äfven
831 1264 68 22 andra

72 1294 124 27 paragrafer
220 1294 6 21 i
249 1294 101 21 närheten
373 1294 22 20 af
417 1294 165 28 ifrågavarande
601 1294 47 21 leda
669 1294 148 28 tankegången
834 1294 6 20 i
856 1293 41 21 den

72 1322 95 28 riktning
189 1322 69 21 såsom
281 1330 34 13 om
338 1322 38 21 här
398 1322 70 22 skulle
490 1330 52 14 vara
565 1322 60 28 fråga
645 1322 76 22 endast
739 1330 33 14 om
788 1322 108 21 råskilnad

74 1350 75 21 mellan
165 1351 168 27 samfälligheter
348 1351 74 27 eller,
419 1346 10 37 i
439 1351 86 21 korthet
540 1353 102 26 uttryckt,
657 1352 57 27 byar.
737 1351 52 21 Dels
804 1350 38 22 det
856 1350 43 21 till-

74 1378 49 28 lägg
138 1380 5 20 i
161 1380 76 27 sjelfva
253 1380 134 27 paragrafen,
402 1387 46 14 som
459 1382 23 18 är
492 1380 79 28 gjordt,
582 1380 59 21 leder
651 1380 149 28 tankegången
811 1380 7 20 i
828 1379 70 21 denna

73 1407 101 28 riktning,
190 1408 45 21 dels
251 1408 64 21 äfven
332 1409 12 26 $
360 1409 19 26 8,
395 1408 39 21 der
449 1408 37 21 det
501 1408 54 21 står:
573 1408 140 22 »tillkommer
728 1408 70 28 någon
814 1410 42 25 rätt
866 1408 32 20 till

73 1436 55 21 visst
142 1436 115 22 fiskeställe
273 1436 51 22 eller
339 1437 52 21 fiske
407 1438 58 20 inom
482 1444 70 14 annan
568 1437 39 28 bys
623 1440 86 18 vatten»
727 1444 44 14 o.s.
782 1444 20 14 v.
824 1436 74 21 Afven

73 1464 110 28 uttrycket
205 1465 38 21 här
263 1472 38 20 ger
323 1465 37 21 vid
382 1465 92 27 handen,
489 1465 71 21 såsom
577 1465 66 21 också
657 1466 7 20 i
680 1466 154 27 motiveringen
850 1464 50 26 står,

73 1496 31 17 att
126 1493 164 28 ifrågavarande
312 1494 102 28 paragraf
429 1494 39 21 bör
483 1494 66 21 hafva
565 1494 32 21 sin
613 1494 159 28 förnämligaste
789 1493 109 28 betydelse

74 1522 6 20 i
96 1521 61 28 fråga
180 1530 33 13 om
237 1522 108 21 räskilnad
365 1522 90 21 emellan
471 1522 175 28 samfälligheter.
673 1522 52 22 Men
741 1522 33 26 då,
789 1522 72 21 såsom
876 1521 24 22 af
