1081 1786
208 118 41 21 616
450 125 25 17 R.
488 129 18 12 o.
519 125 25 17 A.
557 125 63 17 1900.
644 125 23 18 17
679 125 49 21 Maj.

177 194 143 27 synemännen
342 201 68 14 annan
425 193 120 22 närboende
561 194 78 23 redbar
652 194 41 22 och
707 195 61 28 eljest
782 194 88 29 lämplig
885 202 76 21 person
976 198 33 19 att

177 228 51 14 vara
248 229 120 20 synemans.
397 222 45 21 Det
456 224 25 19 är
495 222 82 22 således
596 223 76 22 endast
686 224 7 21 i
708 223 39 22 fall
761 223 43 22 den
818 223 23 21 af
855 226 50 26 part
919 223 90 23 utsedde

177 249 191 29 synemedlemmen
383 251 78 21 uteblir
475 259 45 14 som
535 254 49 26 part
599 259 50 21 eger
662 255 76 25 genast
752 251 56 29 välja
823 259 25 14 en
859 259 68 14 annan
938 253 7 20 i
955 252 53 22 hans

177 278 67 27 ställe,
258 286 50 14 men
321 281 53 26 göra
388 282 98 26 parterne
501 279 38 22 det
553 281 26 27 ej,
594 280 58 26 eller,
667 281 6 20 i
684 280 37 22 fall
737 280 42 22 den
789 281 24 20 af
822 280 186 22 kommunalstäm-

176 314 60 14 mans
258 307 128 22 ordförande
408 308 90 22 utsedde
519 316 142 21 synemannen
683 308 82 27 uteblir,
788 308 124 22 ankommer
928 309 38 22 det
996 309 12 21 pä

177 336 156 22 synenämnden
348 339 33 19 att
395 336 142 30 komplettera
551 338 34 27 sig
599 337 55 29 sjelf.
678 337 42 29 Jag
734 340 24 19 är
768 337 109 23 nödsakad
887 340 33 19 tro
932 340 32 20 att
973 316 37 43 Ar

196 363 100 23 hrnrooth
310 364 48 22 icke
373 364 88 24 beaktat
475 365 69 22 denna
559 366 90 22 skilnad.

811 406 8 12 K

245 421 35 22 Hr
294 422 29 22 K.
338 422 26 22 R.
378 422 27 22 O.
420 422 25 22 E.
460 422 203 29 Jägerskiöld:
693 423 42 29 Jag
750 423 42 22 kan
806 423 49 22 icke
871 423 59 22 finna
944 427 65 17 annat

176 452 28 19 än
227 453 33 19 att
277 450 113 23 Utskottet
404 451 38 21 här
456 452 77 21 träffat
547 452 41 22 den
604 452 78 29 riktiga
696 452 109 28 lösningen
821 452 23 22 af
858 452 69 22 denna
942 451 66 29 fräga.

176 478 49 22 Här
246 481 24 19 är
290 479 61 29 fräga
366 480 75 22 endast
455 488 34 14 om
504 480 151 30 tillträdessyn.
683 480 74 22 Skulle
772 480 41 22 den
828 480 50 22 med
893 489 38 21 syn
946 481 62 21 miss-

176 507 65 29 nöjda
260 504 78 58 parten
359 516 39 21 ega
420 511 43 19 rätt
485 512 31 19 att
538 509 66 29 draga
624 512 153 26 synemännens
799 509 128 29 förrättning
942 509 67 21 under

176 536 103 22 domstols
316 536 89 30 pröfning,
426 537 24 22 så
465 537 42 22 kan
521 538 35 28 jag
570 538 49 22 icke
634 538 55 22 fatta
703 538 58 22 hvad
775 538 119 22 domstolen
909 539 8 20 i
932 538 23 22 så
970 538 38 21 fall

177 564 68 22 skulle
264 565 66 22 hafva
344 568 32 19 att
390 566 85 28 tillgöra
490 567 7 21 i
512 566 72 22 saken.
613 567 126 22 Domstolen
755 566 41 22 kan
811 566 48 22 icke
875 570 64 18 annat
953 569 27 19 än
995 566 13 22 &

176 594 108 21 vittnesed
306 594 52 21 höra
379 597 148 26 synemännen,
549 595 40 22 och
608 596 63 21 dessa
685 595 71 22 kunna
771 595 76 22 endast
861 595 13 21 å
889 596 32 20 sin
937 595 26 22 ed
978 596 30 20 in-

177 625 51 26 tyga
243 622 57 22 hvad
315 622 27 22 de
357 598 36 58 vid
411 602 63 49 synen
485 623 79 22 erfarit.
587 624 134 22 Domstolens
729 623 105 30 protokoll
844 623 67 22 skulle
921 623 87 22 sålunda

177 650 86 22 komma
277 654 32 19 att
323 651 105 22 innehålla
442 652 76 22 endast
532 655 32 19 ett
578 652 163 22 konstaterande
757 652 23 22 af
791 655 152 26 synemännens
954 660 54 21 upp-

177 679 94 29 fattning
293 679 23 22 af
330 680 135 28 lägenhetens
481 681 67 27 skick,
564 684 10 19 ty
603 681 37 22 det
655 681 41 22 kan
711 681 35 22 väl
761 681 48 22 icke
825 681 85 22 komma
925 682 7 20 i
947 681 61 28 fråga

177 710 33 19 att
224 708 143 22 domstolarna
387 709 67 22 skulle
469 709 85 29 åläggas
565 685 94 58 förrätta
673 710 116 28 husesyner
803 709 29 30 på
847 710 98 28 samtliga
959 712 49 26 torp

177 736 40 22 och
239 737 201 28 landbolägenheter
460 739 7 20 i
488 738 78 22 landet.
595 738 131 29 Jordegaren
741 738 68 21 skulle
824 738 55 21 altså
894 738 23 22 af
931 738 77 21 sakens

177 765 155 29 hänskjutande
354 766 33 22 till
408 766 92 22 domstol
521 767 67 22 hafva
609 768 62 28 ingen
694 770 65 26 nytta.
789 767 42 28 Jag
853 767 67 21 måste
935 767 73 21 derför

177 794 130 22 understöda
329 795 143 22 betänkandet
494 796 68 22 såsom
578 796 67 28 enligt
658 797 43 20 min
717 796 86 28 mening
817 797 7 20 i
839 796 70 21 denna
923 796 34 21 del
973 796 34 21 väl

177 822 143 30 hopkommet.

246 880 35 21 Hr
300 880 58 21 Emil
380 881 23 21 af
416 881 173 22 Hällström:
618 881 71 22 Herra
703 881 68 22 Adolf
785 881 120 22 Aminoffia
920 884 87 19 vastaan

176 907 102 22 tahtoisin
293 909 141 27 huomauttaa,
450 911 44 20 että
508 910 57 21 minä
580 910 47 21 olen
642 910 57 29 kyllä
714 910 130 21 huomannut
859 912 44 19 että
917 917 28 19 se,
957 909 50 29 joka

176 939 78 26 pyytää
278 937 142 28 katselmusta,
442 938 144 22 suorittakoon
608 940 60 27 myös
686 939 159 26 kustannukset,
860 941 68 19 mutta
957 938 50 22 pidän

178 965 139 22 ehdotukseni
334 966 97 28 johdosta
446 967 153 22 mahdollisesti
614 967 126 28 lisääntyviä
755 967 151 22 kustannuksia
921 969 86 19 vähem-

177 996 49 19 män
241 994 95 22 tärkeinä
351 994 50 22 kuin
416 996 42 21 sitä
472 995 174 29 periaatteellista
675 996 64 26 puolta,
753 996 56 28 josta
819 996 65 21 äsken
894 996 113 21 mainitsin.

177 1022 151 23 Uskottakoon
342 1023 152 22 kunnallisesta
508 1024 218 22 luottamusmiehestä
741 1024 79 22 kuinka
834 1024 69 29 hyvää
913 1024 95 27 tahansa,

178 1058 25 14 en
226 1051 103 22 ainakaan
351 1053 57 20 minä
428 1052 87 22 tahtoisi
537 1053 66 21 tehdä
625 1052 189 22 kuntakokouksen
831 1053 177 28 puheenjohtajan

177 1079 70 22 vaalia
269 1080 187 22 maalaiskunnissa
478 1081 121 22 mitenkään
622 1082 132 28 riippuvaksi
776 1082 63 21 niistä
857 1081 151 29 mielipiteistä,

176 1108 60 28 jotka
251 1108 134 29 vuokraoloja
403 1109 123 22 koskevissa
541 1111 88 20 asioissa
643 1110 153 21 mahdollisesti
811 1113 108 18 saattavat
933 1109 75 22 kunta-

176 1137 84 22 laisissa
274 1137 74 22 vallita
361 1138 22 27 ja
397 1138 42 21 olla
453 1139 100 21 toisiansa
567 1141 88 19 vastaan
670 1139 51 21 sekä
736 1138 77 21 häiritä
826 1138 127 21 kunnallista
965 1138 43 21 elä-

177 1167 53 20 mää.
260 1165 84 22 Katson
358 1167 37 20 siis
410 1167 132 22 edelleenkin
557 1167 210 22 huomautuksessani
782 1167 75 22 olevan
872 1169 69 26 perää.

246 1222 35 22 Hr
302 1222 28 22 G.
354 1223 25 22 C.
394 1224 175 22 Ehrnrooth:
600 1224 29 22 Sä
643 1224 124 28 obehagligt
781 1224 37 22 det
833 1226 26 19 än
875 1225 22 20 är
912 1226 32 19 att
958 1226 51 26 taga

176 1250 39 23 det
228 1250 126 30 Höglofliga
374 1252 101 22 Ständets
489 1252 33 22 tid
536 1253 7 21 i
559 1252 97 29 anspråk,
671 1252 68 22 måste
753 1253 36 28 jag
803 1252 66 22 likväl
886 1254 25 19 be
926 1260 33 14 om
975 1255 33 19 att

176 1281 56 20 ännu
254 1280 82 28 engång
358 1280 23 22 få
401 1284 58 25 yttra
481 1282 44 27 mig
539 1282 9 20 i
563 1281 69 21 denna
647 1281 44 22 sak.
719 1281 15 21 Jag
776 1281 90 21 anförde
881 1283 37 24 att,
932 1282 9 20 i
955 1281 53 21 hän-

176 1308 60 21 delse
258 1308 42 22 den
321 1309 24 21 af
359 1309 352 23 kommunalstämmoordföranden
728 1309 62 23 valde
805 1316 141 22 synemannen
961 1312 47 18 ute-

176 1336 48 28 blir,
241 1336 24 22 sä
279 1337 85 29 stadgas
378 1338 43 26 det,
436 1340 33 20 att
483 1338 27 22 de
525 1338 184 22 tillstädeskomna
723 1340 142 26 synemännen
881 1338 59 21 skola
950 1337 57 21 kalla

176 1372 28 14 en
218 1372 70 15 annan
302 1366 8 21 i
324 1366 52 22 hans
392 1366 67 22 ställe.
487 1366 36 22 Nu
538 1366 60 22 skola
613 1368 22 20 vi
649 1370 83 25 antaga,
747 1370 33 18 att
794 1366 59 22 säväl
863 1366 144 28 legogifvaren

176 1400 45 15 som
244 1394 134 28 legotagaren
399 1394 104 23 hvardera
525 1398 66 19 utsett
612 1402 26 15 en
659 1403 77 21 person
755 1395 40 22 och
817 1395 63 22 dessa
903 1394 105 22 hvardera

176 1422 86 22 komma
277 1422 109 28 tillstädes,
402 1431 48 14 men
465 1423 41 22 den
521 1424 23 22 af
558 1424 237 22 kommunalstämmans
805 1423 128 22 ordförande
943 1422 65 22 valda

175 1458 105 21 personen
302 1451 82 23 uteblir.
414 1452 93 22 Sälunda
528 1452 67 29 gäller
617 1452 37 23 det
668 1452 35 22 för
717 1452 63 22 dessa
793 1452 44 27 tvä,
851 1452 156 29 legogifvarens

176 1479 41 22 och
237 1480 145 28 legotagarens
402 1483 100 26 synemän
516 1484 32 18 att
563 1481 74 21 förena
651 1482 33 27 sig
698 1488 35 14 om
749 1488 25 15 en
789 1481 74 28 tredje,
879 1481 39 21 och
933 1481 8 20 i
955 1480 52 21 hän-

177 1503 59 39 delse
254 1483 32 59 de
307 1508 48 22 icke
370 1508 70 23 kunna
455 1510 51 28 göra
520 1509 43 27 det,
578 1509 89 23 återstår
682 1509 38 22 det
734 1509 48 22 icke
797 1512 66 19 annat
876 1511 27 19 än
918 1512 32 18 att
963 1508 43 22 den
