1086 1789
356 121 228 22 Jernvägspetitioner.
817 114 42 21 819

129 189 60 22 Utan
212 190 142 28 anmärkning
374 189 128 29 godkändes
520 189 124 22 Utskottets
659 189 116 29 yttranden
790 189 28 29 på
833 188 55 23 sidd.

61 219 113 21 147—148
188 218 110 29 angående
329 218 225 22 petitionsmemorialen
569 217 60 22 N:ris
643 219 28 20 46
687 217 41 23 och
738 219 85 21 49—-59
834 220 55 19 samt

61 248 54 20 1:sta
129 246 105 23 klämmen
251 247 28 29 på
293 247 40 21 sid.
348 248 46 21 153.

130 303 138 23 Beträffande
283 305 13 20 2
312 304 106 21 klämmen
435 303 29 30 på
478 303 41 24 sid.
535 305 40 20 153
589 303 88 30 yttrade

131 361 34 22 Hr
187 361 25 22 L.
235 361 141 22 Mechelin:
400 361 44 22 Det
469 363 24 20 är
508 362 47 21 litet
577 361 110 28 vanskligt
709 364 31 19 att
762 361 72 22 skrida
857 361 32 22 till

62 390 110 21 uttalande
182 391 7 20 i
199 389 70 22 denna
285 390 74 29 punkt,
374 389 28 22 då
420 398 49 13 man
486 390 49 22 icke
550 390 73 22 säkert
640 393 43 23 vet,
697 390 54 21 huru
767 389 37 22 det
818 390 73 21 ställer

63 419 33 28 sig
117 418 48 22 med
188 418 42 22 den
253 419 60 26 bana,
332 426 46 14 som
396 419 70 21 skulle
481 419 101 22 förbinda
597 418 117 22 Savolaks-
728 419 41 22 och
784 418 107 22 Karelska

64 447 101 22 banorna.
193 447 44 22 Om
259 447 120 22 Ständerna
400 447 33 22 till
456 449 62 20 nästa
540 447 104 28 landtdag
664 447 78 29 begära
758 448 133 28 proposition

64 475 111 29 angående
193 475 293 22 Kemi—Rovaniemibanan
508 476 41 22 och
564 476 110 22 dessutom
691 476 69 21 banan
775 475 116 30 Nyslott—

64 504 141 22 Elisenvaara
226 505 53 21 eller
299 505 33 21 S:t
353 505 370 28 Michel—Nyslott—Elisenvaara
745 505 96 21 kommer
859 504 32 21 till

64 533 135 28 anläggning,
214 533 41 22 blir
276 533 37 22 det
328 533 123 29 påtagligen
466 533 35 22 för
516 534 92 28 mycket.
637 533 43 28 Jag
695 533 79 22 tillåter
789 534 43 27 mig
846 533 45 22 för-

65 561 52 22 orda
136 561 167 29 godkännandet
318 562 23 21 af
356 562 66 21 andra
438 562 106 21 klämmen
560 562 111 21 eventuelt
685 562 35 22 för
734 562 42 21 den
789 561 102 22 händelse

64 591 49 21 icke
128 590 65 22 andra
210 590 70 22 beslut
294 590 112 22 föranleda
422 598 26 14 en
464 590 147 22 modifikation
626 590 68 22 häraf.

134 647 35 22 Hr
183 647 29 22 K.
227 647 157 22 Snellman
400 647 99 22 biträdde
514 648 60 21 detta
587 647 88 29 förslag.

135 705 34 22 Hr
188 705 206 22 Landtmarskalken
410 705 161 22 öfverlemnade
586 705 53 22 härå
653 705 33 22 till
701 705 101 22 Ståndets
818 705 76 22 besva-

65 734 66 21 rande
146 733 95 30 följande

287 808 389 29 Omröstningsproposition:

136 877 40 26 De,
191 877 73 22 hvilka
279 877 113 28 godkänna
408 877 42 22 den
466 878 12 21 2
494 877 107 21 klämmen
616 876 113 27 definitivt,
743 878 58 20 rösta
815 877 30 28 ja;

137 935 75 20 vinner
232 935 41 27 nej,
295 934 125 29 godkännes
436 934 42 21 den
495 934 66 28 enligt
576 933 35 22 Hr
625 933 121 22 Mechelins
761 934 82 28 förslag
858 941 37 14 en-

67 962 49 22 dast
131 963 114 26 eventuelt,
262 963 106 21 beroende
384 963 28 28 på
426 963 72 28 öfriga
513 963 70 21 beslut
599 963 7 20 i
620 963 181 28 jernvägsfrågor.

137 1019 84 22 Genom
237 1023 32 18 att
284 1020 89 21 besvara
389 1021 162 28 propositionen
562 1019 48 22 med
621 1019 163 28 öfvervägande
794 1020 33 28 nej
839 1019 55 22 hade

68 1048 25 22 R.
109 1056 19 13 o.
143 1049 28 21 A.
186 1049 99 21 omfattat
299 1048 35 22 Hr
349 1049 121 22 Mechelins
485 1048 140 22 förenämnda
640 1048 87 28 förslag.

137 1105 124 23 Utskottets
277 1107 81 27 förslag
372 1106 112 22 angående
495 1105 240 29 petitionsmemorialen
746 1105 57 21 N:ris
815 1106 81 20 65—70

68 1133 29 29 pä
112 1134 55 21 sidd.
183 1135 110 21 153—157
309 1135 127 28 godkändes
451 1138 53 18 utan
520 1134 129 22 diskussion.

138 1192 52 22 Med
213 1192 116 28 anledning
352 1192 22 22 af
396 1192 126 22 Utskottets
544 1191 82 29 förslag
648 1192 7 20 i
678 1191 65 21 slutet
765 1192 22 20 af
801 1190 39 22 sid.
856 1191 41 21 159

67 1220 86 28 yttrade

138 1280 35 21 Hr
200 1280 24 21 L
253 1279 172 22 Mechelin:
462 1278 11 22 1
500 1278 95 28 enlighet
621 1277 49 21 med
700 1277 26 21 de
751 1277 76 27 beslut,
851 1284 47 14 som

70 1309 23 22 af
116 1309 26 21 R.
160 1316 19 14 o.
201 1309 27 21 A.
250 1310 7 20 i
277 1308 42 28 dag
341 1308 81 26 fattats,
443 1307 39 21 bör
506 1306 101 29 beloppet
630 1306 111 27 2,850,000
757 1306 59 21 mark
831 1304 67 23 borde

69 1338 115 21 reduceras
214 1337 33 21 till
279 1337 117 27 1,550,000,
423 1336 41 21 och
496 1343 63 13 anser
589 1336 42 27 jag,
656 1337 32 19 att
713 1334 36 22 det
775 1334 34 21 för
833 1334 66 28 öfrigt

71 1366 68 22 blifva
155 1366 107 21 beroende
277 1366 28 28 pä
320 1364 176 23 Statsutskottets
517 1364 105 21 allmänna
636 1362 217 29 budgetbetänkande
867 1364 32 19 att

71 1394 88 22 förorda
173 1395 106 27 sänkning
294 1394 23 21 af
333 1394 62 21 dessa
412 1394 84 48 belopp,
512 1400 48 14 men
576 1392 37 22 det
628 1392 72 21 kunde
714 1392 21 28 ju
747 1392 64 21 äfven
821 1390 79 27 hända,

71 1427 32 18 att
121 1423 114 22 Utskottet
251 1423 94 21 kommer
360 1425 31 18 att
406 1422 93 21 afrunda
516 1421 100 28 beloppet
630 1420 74 29 uppät.
734 1420 165 22 Statsutskottet

71 1453 39 21 har
131 1452 107 28 nämligen
261 1452 47 21 icke
331 1453 56 19 ännu
410 1450 88 28 afgifvit
517 1449 100 51 yttrande
633 1448 48 22 med
697 1448 116 28 anledning
828 1448 23 21 af
864 1447 35 33 Hr

72 1482 56 27 Aug.
151 1480 106 28 Ramsays
277 1479 218 29 petitionsmemorial,
533 1478 68 22 hvilket
622 1477 73 22 kunde
710 1477 59 29 gifva
784 1476 115 28 anledning

72 1510 33 21 till
120 1512 31 18 att
175 1509 4 21 å
194 1507 288 23 kommunikationsfondens
499 1507 80 28 budget
593 1509 95 26 upptaga
704 1509 31 18 ett
749 1506 65 28 högre
825 1504 75 28 anslag
