1086 1795
315 140 83 16 Statens
411 138 230 21 jernvägsbyggnader.
822 131 40 21 787

132 207 35 21 Då
182 207 70 21 denna
263 207 131 28 proposition
406 206 130 22 besvarades
547 206 48 21 med
609 206 162 28 öfvervägande
785 206 40 27 nej,
836 205 55 21 hade

62 236 103 27 förslaget
184 243 33 14 om
238 235 112 28 byggande
368 235 23 21 af
409 243 27 13 en
457 235 55 21 bana
530 235 49 21 från
596 234 90 29 Nyslott
701 235 32 20 till
750 235 142 20 Elisenvaara

63 264 23 22 af
100 264 26 21 R.
139 271 18 14 o.
172 265 26 20 A.
216 264 121 21 förkastats.

132 321 142 21 Beträffande
290 320 123 22 Utskottets
429 321 105 21 klämmar
546 320 28 29 pä
585 320 54 22 sidd.
651 321 27 20 35
690 320 40 21 och
742 321 27 20 36
780 319 111 28 angäende

63 349 60 22 tiden
139 350 34 21 för
188 349 27 22 de
234 349 124 28 ifrågasatta
368 349 266 29 jernvägsbyggnadernas
645 348 133 29 päbörjande
789 351 55 18 samt
854 355 37 14 an-

63 378 83 29 gäende
162 378 74 28 anslag
250 379 36 20 för
300 377 47 22 dem
362 377 86 29 yttrade

133 435 34 21 Hr
182 436 66 26 Aug.
267 435 129 28 Ramsay:
426 434 53 21 Mitt
494 434 135 21 vördsamma
645 434 81 28 förslag
742 442 52 13 vore
809 434 82 26 endast,

65 466 31 19 att
118 464 71 21 denna
208 463 64 26 kläm,
293 463 88 21 likasom
395 463 65 21 äfven
477 463 41 21 den
534 463 95 28 följande
645 463 66 21 mätte
726 463 165 21 äterremitteras

63 493 33 20 tili
119 492 111 22 Utskottet
250 491 35 22 för
306 495 30 18 att
356 491 162 22 omformuleras
534 492 6 20 i
556 491 95 28 enlighet
669 491 49 21 med
732 491 26 22 R.
774 499 19 14 o.
808 492 39 21 A:s
863 499 28 13 nu

64 521 83 22 fattade
163 521 69 21 beslut
248 521 31 20 uti
295 520 27 21 de
336 520 90 28 tidigare
442 521 92 21 berörda
549 520 106 28 frägorna.

134 578 34 21 Hr
183 578 24 21 L.
223 577 191 29 Gripenberg:
438 577 71 22 Jemte
524 578 37 21 det
575 578 36 28 jag
627 577 141 21 understöder
781 577 35 21 Hr
826 577 66 21 Ram-

65 614 48 21 says
129 607 81 27 förslag
225 607 70 20 säsom
311 606 117 28 sjelffallet,
440 607 37 20 ber
487 607 35 27 jag
533 606 23 21 fä
567 606 82 21 biträda
661 606 37 21 det
708 606 22 21 af
740 605 34 22 Hr
785 605 107 22 Mechelin

65 637 6 20 i
87 636 42 21 den
145 635 113 21 inledande
274 635 101 21 debatten
390 635 76 28 gjorda
481 635 103 28 förslaget
599 643 34 13 om
650 637 32 18 att
693 634 33 21 för
737 635 69 20 banan
818 635 74 21 Seinä-

64 664 45 28 joki
140 659 145 37 Kristinestad
308 663 33 21 för
361 664 145 21 instundande
528 663 148 28 finansperiod
695 663 66 21 måtte
776 664 86 21 anvisas
878 664 12 20 3

65 693 98 28 miljoner
177 693 65 21 mark.

134 749 34 22 Hr
183 749 24 22 L.
223 750 140 21 Mechelin:
389 749 42 28 Jag
446 749 56 21 hade
518 749 64 22 äfven
599 749 73 28 begärt
689 749 60 22 ordet
764 749 34 21 för
814 751 31 18 att
860 749 32 20 bi-

65 778 61 21 träda
141 778 34 21 Hr
189 779 105 28 Ramsays
309 779 80 27 förslag
405 777 137 22 beträffande
557 778 106 21 klämmen
669 773 26 38 pä
713 778 39 21 sid.
764 779 32 20 35.
824 777 68 22 Hvad

65 807 39 21 sid.
115 808 27 20 36
154 807 139 26 vidkommer,
306 807 37 21 ber
352 808 41 27 jag,
404 807 28 20 dä
442 808 49 20 mitt
501 807 81 28 förslag
593 807 22 20 af
625 807 35 20 Hr
671 786 135 49 Gripenberg
816 806 76 21 vunnit

65 835 124 27 understöd,
208 835 23 21 få
249 835 117 22 återhemta
382 835 118 22 detsamma
516 835 41 22 och
572 835 97 25 föreslår,
684 838 32 19 att
730 838 31 18 ett
776 835 62 28 belopp
869 834 23 21 af

66 865 12 20 3
95 864 96 28 miljoner
209 864 69 21 skulle
296 865 70 20 anslås
385 865 35 20 för
435 864 70 21 banan
521 863 292 29 Seinäjoki—Kristinestad.
840 842 52 42 Den

66 892 66 21 andra
147 893 113 24 klämmen,
275 893 39 21 sid.
329 894 33 25 36,
378 893 68 21 skulle
462 893 30 21 då
507 893 106 21 bortfalla.

135 949 34 21 Hr
184 951 65 27 Aug.
265 950 132 28 Ramsay:
420 950 75 21 Äfven
510 950 35 28 jag
560 950 38 20 ber
613 952 32 19 att
659 950 35 20 för
708 950 43 20 min
763 949 35 21 del
809 948 83 22 biträda

65 978 105 28 förslaget
189 986 34 13 om
245 979 121 27 minskning
388 979 22 21 af
430 978 42 22 den
493 986 88 18 summa,
599 986 45 14 som
662 978 111 22 Utskottet
789 977 103 22 beräknat

66 1006 35 22 för
115 1007 296 28 Seinäjoki—Kristinestads
428 1007 77 21 banan.
534 1007 42 28 Jag
595 1007 51 21 ville
661 1014 66 21 gerna
742 1014 29 19 se,
787 1009 31 19 att
833 1006 59 21 detta

67 1035 78 29 belopp
167 1036 69 20 skulle
256 1036 122 28 ytterligare
399 1036 115 21 reduceras
532 1036 32 20 till
584 1036 111 26 2,500,000
714 1036 65 25 mark,
797 1042 48 14 men
864 1034 28 21 då

67 1064 76 21 sådant
158 1064 82 28 förslag
254 1064 108 22 sannolikt
376 1064 48 22 icke
440 1066 77 20 vinner
533 1064 122 28 understöd,
672 1064 37 21 ber
723 1065 35 27 jag
773 1064 23 21 få
808 1062 84 22 biträda

66 1092 104 28 förslaget
186 1100 35 14 om
236 1094 14 20 3
264 1094 103 27 miljoner,
385 1093 41 21 och
441 1093 130 21 återhemtar
585 1093 112 28 yrkandet,
712 1096 31 18 att
757 1094 53 20 sista
825 1092 67 21 kläm-

66 1128 48 14 men
130 1121 66 22 måtte
211 1122 48 20 från
275 1122 145 21 betänkandet
434 1122 113 21 uteslutas.

135 1178 35 21 Hr
184 1178 29 22 K.
228 1178 153 22 Snellman:
403 1179 45 21 Det
463 1186 53 14 vore
531 1179 110 27 verkligen
657 1179 94 27 sorgligt,
766 1178 47 22 ifall
828 1177 64 21 dessa

66 1207 82 28 förslag
170 1210 31 18 att
216 1208 83 20 minska
314 1208 40 20 den
370 1215 83 13 summa
470 1208 24 20 af
508 1208 111 27 4,000,000
635 1208 59 20 mark
707 1207 113 22 Utskottet
835 1206 58 21 före-

66 1236 64 28 slagit
155 1236 33 20 för
208 1236 298 28 Seinäjoki—Kristinestads
525 1236 74 26 banan,
618 1236 69 21 skulle
705 1236 67 21 blifva
790 1234 102 22 Ståndets

66 1264 76 22 beslut.
172 1264 75 22 Såsom
268 1265 36 28 jag
322 1265 66 21 redan
407 1265 124 26 framhållit,
546 1264 96 22 kommer
657 1266 78 20 största
750 1264 61 22 delen
828 1264 23 20 af
865 1263 27 21 de

66 1292 107 22 arbetare-
186 1293 41 21 och
242 1294 195 27 ingeniörskrafter,
448 1300 47 14 som
506 1293 34 21 för
549 1293 94 21 tillfället
653 1293 66 21 hafva
728 1293 165 29 sysselsättning

66 1321 36 21 vid
117 1321 234 28 Helsingfors—Karis
364 1322 42 21 och
418 1321 189 27 Torneäbanorna,
622 1324 32 19 att
669 1322 67 21 blifva
748 1322 72 27 lediga
831 1322 62 20 1902.

67 1349 95 22 Sålunda
183 1350 75 27 skulle,
280 1357 33 14 om
333 1350 231 21 Kristinestadsbanan
586 1350 70 28 börjas
678 1351 54 20 1902
754 1350 52 21 eller
820 1351 73 19 senast

67 1379 62 25 1903,
147 1379 34 20 för
200 1379 61 21 dessa
279 1379 38 21 två
335 1379 23 21 år
377 1379 68 27 enligt
462 1379 39 21 det
518 1386 28 14 nu
564 1378 75 29 gjorda
657 1379 103 28 förslaget
774 1378 77 21 endast
866 1385 26 13 en

66 1414 82 14 summa
168 1407 23 21 af
206 1408 12 20 3
234 1408 97 27 miljoner
346 1415 51 14 vara
412 1407 129 28 disponibel,
556 1407 83 22 hvilket
653 1407 69 21 skulle
737 1407 112 21 återverka
865 1405 28 29 på

67 1435 82 22 banans
168 1435 150 29 byggnadstid,
333 1436 139 27 hvarigenom
490 1436 26 21 de
532 1435 143 28 olägenheter,
690 1443 44 14 som
750 1435 34 21 Hr
799 1435 93 28 Gripen-

66 1463 52 29 berg
139 1464 65 21 redan
224 1465 59 20 förut
298 1464 116 21 framhållit
432 1464 113 28 angående
563 1465 27 20 de
608 1464 64 28 långa
690 1463 202 29 byggnadstiderna,

65 1492 69 21 skulle
161 1493 69 21 blifva
258 1493 94 28 återigen
381 1500 27 14 en
436 1493 128 28 verklighet.
597 1493 43 28 Jag
667 1493 66 28 vågar
758 1492 74 21 derför
856 1499 37 13 an-

65 1521 63 27 hålla,
143 1524 32 18 att
197 1521 36 21 det
255 1521 127 28 Höglofliga
403 1521 93 22 Ståndet
513 1521 51 22 ville
579 1521 128 22 härutinnan
721 1521 115 28 godkänna
850 1519 43 22 Ut-
