1084 1781
221 120 40 21 720
467 128 25 16 R.
506 132 18 12 o.
537 127 25 17 A.
575 127 62 17 1900.
662 127 24 17 21
698 127 50 20 Maj.

191 194 39 22 här
245 194 87 28 åsyftas.
362 194 11 21 I
389 194 41 22 den
452 194 170 22 administrativa
645 194 155 28 författningen
818 194 26 28 pä
860 193 38 22 sid.
910 194 28 21 54
953 192 68 22 under

191 224 14 26 8
221 224 26 20 10
261 223 68 28 punkt
344 222 23 28 d)
383 224 22 20 är
420 223 36 21 det
472 223 139 21 föreskrifvet
628 222 35 22 vid
679 222 141 29 uppgörande
832 222 24 21 af
866 222 154 28 dikningsplan

192 251 65 21 bland
273 254 73 18 annat:
371 254 43 19 »att
430 253 95 27 uppgöra
545 251 137 29 fullständigt
696 251 193 28 kostnadsförslag,
905 250 115 22 utvisande

192 280 119 21 kostnaden
327 280 34 21 för
376 280 76 28 sjelfva
468 280 185 28 dikningsarbetet
674 280 41 22 och
730 280 27 21 de
773 280 143 27 ersättningar
930 280 41 21 och
987 282 34 18 ut-

191 308 72 28 gifter,
279 316 44 14 som
339 308 52 22 böra
405 309 114 21 förutses».
550 309 52 21 Man
625 308 71 22 kunde
712 309 22 27 ju
750 308 108 27 anmärka,
870 311 32 18 att
918 308 38 21 här
971 308 48 22 icke

193 336 44 22 stär
252 338 142 28 uttryckligen
418 340 30 18 att
471 337 41 21 den
536 337 145 29 sakkunniges
704 337 81 21 arvode
808 336 66 22 ocksä
890 336 54 22 skall
959 337 60 21 inbe-

192 366 72 28 gripas
287 367 6 20 i
316 366 115 22 kostnader
454 366 41 22 och
518 367 148 27 ersättningar.
697 366 52 21 Med
773 366 142 27 ersättningar
939 365 79 21 förstäs

193 396 94 20 närmast
309 394 215 29 skadeersältningar;
548 403 47 13 men
619 395 48 21 icke
689 394 105 22 utesluter
816 394 60 21 detta
896 394 79 22 tanken
991 393 28 29 pä

193 422 144 22 kostnaderna
360 424 34 20 för
415 423 78 29 sjelfva
515 424 163 27 förrättningen.
707 423 27 21 Jag
770 426 45 18 tror
837 422 74 22 -derför
926 422 46 22 icke
988 425 31 19 att

193 451 78 28 nägon,
287 460 50 13 vare
360 453 33 27 sig
418 452 161 22 vederbörande
592 452 52 21 eller
659 452 68 21 enskild
759 459 85 21 person,
859 451 55 22 skall
929 452 6 20 i
951 451 69 21 denna

192 480 36 21 del
250 483 49 25 taga
321 482 62 20 miste
405 481 28 28 pä
453 481 139 28 paragrafens
616 480 62 29 syfte.
709 480 104 22 Deremot
828 482 23 19 är
865 480 36 28 jag
913 480 60 27 villig
989 482 31 19 att

193 509 101 27 erkänna,
317 512 32 19 att
371 510 167 27 anmärkningen
563 509 132 21 beträffande
717 509 116 21 fränvaron
850 509 23 21 af
888 508 131 22 underhälls-

192 538 137 49 Synpunkten
347 539 5 20 i
368 538 69 21 denna
453 538 101 28 paragraf
569 538 162 28 otvifvelaktigt
742 540 23 18 är
775 538 71 27 riktig.
866 537 33 29 Ty
910 545 34 13 om
954 537 66 21 också

193 574 34 13 med
266 566 40 22 den
328 567 92 26 korthet,
442 574 46 14 som
504 568 5 20 i
526 566 70 22 denna
618 567 35 27 lag
673 568 23 20 är
718 566 118 28 iakttagen,
852 566 36 21 det
903 567 21 27 ju
940 573 42 20 nog
997 567 24 19 är

193 595 40 21 lätt
256 598 31 18 att
309 595 22 21 få
353 596 55 20 klart
429 596 35 20 för
486 596 33 27 sig
541 595 71 21 denna
627 595 61 28 fråga
704 603 25 13 ur
744 596 12 26 8
774 596 32 25 10,
822 595 24 21 så
861 595 42 21 kan
918 594 36 22 det
969 602 52 14 vara

193 623 54 26 skäl,
263 623 28 21 då
305 631 49 14 man
371 624 56 21 inför
442 624 63 21 dessa
528 624 276 28 dikningssammanträden
820 636 27 2 —
863 623 27 21 de
905 625 36 19 äro
955 624 21 27 ju
993 630 27 14 en

193 660 29 20 ny
239 652 121 22 institution
375 666 28 2 —
418 655 32 19 att
470 653 105 27 klargöra,
598 655 31 19 att
655 652 35 22 det
712 652 48 22 icke
782 654 24 19 är
822 659 42 21 nog
878 655 32 18 att
924 660 47 13 man
987 651 34 21 får

194 680 61 22 diket
278 681 76 28 gjordt,
377 689 49 13 man
449 681 39 21 bör
508 681 67 21 också
589 689 24 14 se
628 681 32 21 till
675 684 32 18 att
722 681 36 21 det
774 680 142 26 underhålles,
932 680 88 21 emedan

193 708 39 22 det
247 710 51 28 eljes
313 710 101 21 förfaller.
444 710 42 28 Jag
506 718 51 13 vore
573 710 72 21 derför
661 710 34 21 för
710 711 43 20 min
769 709 35 21 del
820 709 96 28 benägen
932 712 30 18 att
977 709 44 21 helt

194 742 77 17 ouvert
287 738 129 22 understöda
431 738 34 22 Hr
480 738 101 22 Blåfields
604 738 82 28 förslag
701 746 35 14 om
752 738 122 21 återremiss
890 739 6 20 i
912 738 62 28 syfte,
991 740 30 19 att

194 766 115 22 Utskottet
324 767 69 21 skulle
407 770 50 25 taga
472 767 68 21 under
555 767 143 28 ompröfning,
717 766 106 22 huruvida
839 766 38 22 här
891 767 47 21 icke
955 766 66 22 borde

194 795 51 27 ingå
261 798 31 18 ett
306 796 126 28 uttryckligt
446 796 119 28 stadgande
587 796 79 26 derom,
688 798 31 19 att
740 795 72 21 dikets
828 795 100 21 framtida
944 794 77 22 under-

195 823 44 21 håll
254 824 54 21 skall
324 828 61 18 tagas
401 826 7 20 i
425 824 145 22 betraktande.
601 824 11 21 I
628 832 27 14 en
670 824 35 22 del
720 824 24 21 af
759 824 35 21 Hr
809 824 101 21 Blåfields
921 831 100 14 resonne-

195 860 64 20 mang
277 828 131 57 beträffande
424 853 135 21 urderhället
574 853 55 21 hade
643 854 36 27 jag
695 852 60 22 svärt
766 855 30 19 att
808 852 51 29 följa
870 852 82 22 honom.
977 852 44 22 Det

195 880 92 22 anförda
311 882 106 28 exemplet
439 884 73 26 syntes
535 882 44 28 mig
595 889 50 14 vara
661 884 29 18 ett
708 882 179 27 bekymmersamt
902 881 43 21 fall.
974 880 47 22 Har

195 917 49 13 man
260 910 46 21 haft
328 913 60 25 nyttä
403 910 23 21 af
441 918 26 14 en
484 910 198 28 dikesanläggning,
704 910 25 21 sä
751 909 61 22 torde
829 917 48 13 man
893 910 47 21 icke
955 910 66 21 heller

194 938 26 21 sä
235 941 51 19 utan
303 938 74 22 vidare
393 938 71 22 kunna
486 939 105 21 afskudda
607 940 34 27 sig
656 940 32 20 sin
705 938 185 28 underhällspligt,
906 938 53 21 blott
974 938 47 21 der-

195 966 40 26 för,
251 970 32 18 att
298 974 48 14 man
361 968 48 20 icke
424 967 115 21 framdeles
561 968 38 21 har
621 975 80 13 samma
724 967 66 21 behof
812 966 62 22 deraf
889 974 45 14 som
949 966 72 22 andra.

195 994 53 22 Men
264 995 37 21 det
315 998 24 18 är
354 999 31 18 ett
400 996 84 28 kinkigt
498 996 44 25 fall,
559 1004 46 13 som
620 996 35 28 jag
665 996 56 22 helst
731 996 69 21 skulle
810 995 29 28 gå
850 995 62 21 förbi.
926 996 11 20 I
948 995 72 29 hvarje

194 1023 39 21 fall
248 1026 24 19 är
287 1024 36 21 det
339 1024 62 27 klart,
415 1027 31 19 att
461 1024 61 22 dikes
537 1024 122 22 inrättande
675 1024 41 22 och
726 1024 112 22 underhäll
850 1024 48 21 icke
908 1026 23 18 är
941 1031 79 14 samma

193 1052 47 21 sak.
269 1052 52 22 Man
339 1053 40 21 kan
395 1053 85 28 mycket
496 1053 34 21 väl
545 1053 66 21 tänka
627 1054 38 27 sig,
680 1056 32 18 att
727 1056 31 18 ett
768 1052 50 22 dike
832 1052 100 28 anlägges
944 1060 76 20 genom

195 1081 149 29 entreprenad,
365 1082 137 28 hvarigenom
524 1082 54 21 hvar
596 1082 40 21 och
652 1089 26 14 en
694 1082 34 21 fär
744 1081 71 21 betala
830 1082 32 20 sin
879 1085 74 24 anpart
968 1081 53 21 kon-

194 1112 53 19 tant.
277 1110 51 21 Men
355 1110 111 22 underhäll
481 1111 21 20 in
518 1113 76 19 natura
609 1110 40 22 och
665 1110 150 28 fördelningen
831 1110 23 20 af
868 1110 153 21 naturaunder-

195 1137 66 22 hället
277 1140 22 19 är
314 1138 60 22 alltid
397 1146 26 14 en
447 1139 85 28 mycket
554 1139 75 27 kinkig
650 1139 69 28 fräga,
739 1138 89 22 emedan
845 1138 37 21 det
896 1140 24 19 är
934 1138 87 22 alldeles

193 1166 100 29 omöjligt
307 1170 32 18 att
354 1167 53 21 hvar
422 1167 40 22 och
478 1175 26 13 en
520 1168 41 20 kan
578 1168 23 20 få
617 1168 37 20 sitt
670 1167 152 28 naturastyeke
833 1166 68 22 under
911 1167 32 21 sin
956 1166 67 26 mark,

194 1194 45 22 lika
255 1196 47 21 litet
317 1203 45 14 som
375 1196 37 21 det
426 1198 24 19 är
465 1196 82 28 möjligt
568 1196 36 21 vid
620 1195 232 29 landsvägaunderhäll
867 1198 31 18 att
913 1195 52 21 hvar
981 1195 40 21 och

196 1231 27 13 en
238 1224 35 21 fär
287 1225 33 21 sin
335 1224 35 22 del
386 1224 35 22 vid
441 1226 33 20 sin
495 1228 53 24 port.
579 1225 66 21 Detta
668 1224 68 22 vällar
758 1224 110 28 praktiska
891 1224 132 28 svärigheter

196 1252 41 21 och
253 1252 70 28 nägon
339 1253 57 28 gäng
411 1253 165 28 förvecklingar.
606 1253 52 21 Man
675 1253 41 21 kan
733 1253 48 21 icke
797 1252 60 22 alltid
869 1252 23 21 fä
903 1253 31 21 sin
946 1255 75 25 anpart

196 1280 29 28 pä
240 1288 55 21 egna
310 1289 57 21 egor,
381 1284 51 19 utan
448 1284 23 18 är
487 1285 94 25 tvungen
597 1284 32 19 att
643 1281 127 22 underhälla
785 1281 27 29 pä
828 1280 77 22 andras
917 1288 51 20 egor
981 1280 41 22 och

197 1309 48 21 vice
267 1317 68 14 versa.
364 1310 76 22 Redan
464 1310 69 22 denna
560 1310 159 28 omständighet
741 1317 39 21 ger
802 1309 115 28 anledning
938 1310 31 20 till
992 1312 31 18 att

197 1338 56 21 rikta
275 1338 172 22 vederbörandes
470 1338 195 29 uppmärksamhet,
687 1338 71 22 såsom
782 1338 38 22 här
841 1338 132 25 framhållits,
996 1338 27 28 pä

196 1366 207 30 underhållsfrågan,
425 1367 48 21 med
494 1370 30 18 ett
539 1367 46 27 ord,
600 1367 28 29 på
643 1370 31 18 att
689 1374 52 14 vara
756 1366 112 29 framsynt,
883 1366 53 27 icke,
952 1366 71 22 såsom

196 1396 74 27 tyvärr
285 1396 45 21 ofta
346 1403 49 21 nog,
410 1396 76 21 endast
501 1396 104 28 kortsynt.

267 1423 84 23 Vidare
366 1424 38 22 har
418 1424 34 22 Hr
468 1424 89 22 Blåfield
580 1424 98 22 anmärkt
694 1432 34 14 om
746 1424 26 22 de
788 1423 82 22 dubbla
885 1425 138 20 sammanträ-

196 1452 63 22 dena.
288 1452 80 22 Derom
391 1453 38 21 har
449 1454 22 27 ju
493 1454 56 20 varit
563 1453 62 28 fråga
640 1454 57 20 inom
715 1452 119 27 Utskottet,
849 1452 71 22 såsom
936 1460 25 13 en
977 1452 47 21 vid-

197 1480 64 28 lyftig
276 1482 131 21 reservation
422 1482 72 28 gifver
509 1482 36 21 vid
561 1481 91 27 handen,
675 1481 41 22 och
732 1481 38 21 det
785 1481 42 21 kan
843 1481 48 21 icke
906 1481 72 25 nekas,
993 1483 31 19 att

195 1516 29 14 en
240 1510 35 21 del
290 1510 53 28 skäl,
358 1518 45 14 som
420 1510 22 22 af
457 1510 34 21 Hr
506 1510 89 22 Bläfield
616 1510 90 27 anförts,
721 1512 38 19 äro
773 1510 6 20 i
796 1510 44 21 viss
857 1510 47 21 mån
921 1509 103 28 vägande.
