1084 1792
359 112 251 34 Stämpelbevillningen.
829 114 41 22 T45

65 188 38 21 tisi
118 188 55 21 siinä
187 187 146 29 tapauksessa,
347 189 44 19 että
406 189 61 27 myös
480 190 70 19 otteet
572 187 195 25 kuntakokouksen
787 188 108 28 pöytäkir-

64 216 66 28 joista
152 216 86 21 olisivat
260 219 168 25 vapautettavat.
458 216 52 23 Kun
532 216 39 22 siis
594 216 92 22 minusta
707 218 57 20 tämä
786 216 65 28 lisäys
867 224 27 15 on

65 244 55 22 sekä
135 247 111 26 tarpeeton
270 246 43 20 että
335 244 286 29 epäjohdonmukaisuuteen
642 246 70 28 viepä,
727 245 45 21 niin
788 245 106 29 pyytäisin

66 273 84 26 esittää,
165 274 45 20 että
224 272 191 23 Korkeaarvoinen
432 273 65 29 Sääty
513 273 20 21 ei
548 274 42 21 sitä
605 273 133 29 hyväksyisi,
750 274 54 24 vaan
814 274 80 28 jättäisi

65 301 117 22 asetuksen
204 302 118 22 sellaiseksi
343 301 52 22 kuin
417 301 135 24 Valiokunta
574 310 38 14 sen
634 304 58 20 tässä
707 302 111 24 suhteessa
834 302 58 25 alku-

67 331 113 28 peräisesti
196 330 87 22 ehdotti.

137 387 35 22 Hr
194 388 30 21 M.
247 388 28 21 K.
295 388 35 21 W.
346 388 161 22 Schulman:
537 388 242 29 Bevillningsutskottet
794 388 38 25 har
847 388 48 22 icke

69 416 101 22 förbisett
190 419 32 19 att
244 416 61 22 dessa
326 417 275 29 kyrkostämmoprotokoll,
623 417 65 22 äfven
712 417 28 21 dä
762 417 27 21 de
814 417 81 22 lemnas

66 445 59 28 ånyo
139 445 33 22 till
187 445 93 22 domstol
291 445 52 22 eller
353 446 144 27 embetsverk,
505 446 56 21 efter
568 446 60 21 detta
638 446 83 28 förslag
731 446 69 23 skulle
810 446 85 21 komma

66 476 34 19 att
114 473 29 28 gä
158 474 46 27 fria,
221 481 47 14 men
283 474 26 21 de
325 474 72 27 hafva,
413 475 68 28 enligt
499 475 57 21 hvad
578 474 38 23 det
631 475 119 28 uppgifvits
766 475 34 21 för
813 474 82 24 Bevill-

67 503 176 27 ningsutskottet,
258 503 63 22 äfven
337 503 140 24 härförinnan
492 504 56 28 gjort
562 503 44 24 det.
655 503 42 22 Hvad
713 503 100 23 beträffar
828 503 67 25 sedan

68 531 78 21 sjelfva
162 531 134 28 karteringen
312 531 23 22 af
349 532 303 29 kyrkostämmoprotokollen,
674 532 38 22 har
727 532 168 27 Bevillningsut-

96 562 65 19 oltets
183 559 68 22 flertal
273 561 55 20 varit
343 561 23 20 af
380 560 42 22 den
437 561 64 28 äsigt,
515 563 33 19 att
562 561 27 21 de
605 560 107 29 egentliga
727 560 104 29 utdragen
847 560 48 22 från

68 588 294 29 kyrkostämmoprotokollen
377 589 66 22 hafva
457 589 79 29 jemväl
552 589 67 28 enligt
634 590 12 27 $
663 591 12 20 3
690 589 138 22 härförinnan
840 590 55 21 varit

68 617 48 26 fria,
131 617 136 22 alldenstund
283 617 158 29 kyrkostämma
460 618 49 21 icke
523 618 78 21 räknas
618 618 64 21 bland
698 618 28 21 de
741 617 154 29 myndigheter,

67 645 37 22 för
118 645 74 22 hvilka
207 645 108 29 kartering
329 648 24 19 är
367 646 152 22 föreskrifven.
549 647 45 21 Det
612 654 51 14 vore
679 646 76 22 endast
770 647 66 50 Hut
851 647 43 22 min

65 674 69 22 tanke
156 674 86 21 afskrift
262 675 47 21 frän
331 675 275 29 kyrkostämmoprotokoll,
628 675 88 22 hvilken
738 675 66 28 enligt
834 675 60 22 hittills

66 702 102 28 gällande
189 703 126 28 förordning
336 703 39 22 har
397 703 49 22 bort
468 704 102 25 karteras,
591 711 48 14 men
663 703 63 22 dessa
748 705 60 28 spela
829 712 26 15 en
870 704 25 24 sä

70 731 53 21 liten
137 731 47 26 roll,
200 735 31 18 att
246 735 30 18 ett
291 732 140 29 särskiljande
447 733 24 21 af
485 732 48 22 dem
552 733 68 27 enligt
642 733 252 28 Bevillningsutskottets

68 759 66 22 tanke
150 760 48 21 icke
214 760 65 21 borde
290 761 85 21 komma
390 762 7 20 i
412 761 68 28 fräga.
509 762 41 21 Att
572 761 241 28 Bevillningsutskottet
828 761 67 22 infört

68 788 82 29 förslag
164 789 33 20 till
212 789 117 27 föreskrift,
351 789 67 28 enligt
439 790 88 21 hvilken
550 789 64 22 dessa
629 790 107 29 protokoll
751 790 143 28 uttryckligen

68 817 74 21 blefve
158 817 119 27 frikallade,
291 817 44 27 har,
349 818 71 21 såsom
435 819 8 20 i
458 819 157 27 motiveringen
638 819 79 28 jemväl
733 819 110 28 påpekats,
858 818 37 23 be-

67 848 46 19 rott
127 845 71 29 derpä,
214 849 31 18 att
259 846 162 22 Presteständet
436 847 37 21 vid
489 847 105 22 särskilda
609 847 127 28 landtdagar
751 847 143 29 uttryckligen

66 874 66 28 yrkat
146 874 73 29 derpä,
235 875 40 21 och
291 875 62 22 dessa
368 875 112 29 yrkanden
502 876 85 21 komma
602 879 31 18 att
647 876 97 27 fortfara,
760 875 71 22 derest
846 883 48 15 man

69 902 49 23 icke
132 903 70 28 någon
218 904 56 28 gång
289 904 71 22 villfar
375 904 173 22 Presteständets
564 905 88 21 önskan.
682 905 11 21 I
705 905 113 28 praktiken
829 905 65 22 hafva

68 931 28 21 de
112 932 107 21 allaredan
243 933 54 21 varit
317 933 132 28 stämpelfria
469 933 42 22 och
527 933 95 21 kommer
639 934 151 28 förändringen
805 933 90 22 sålunda

68 960 50 21 icke
140 963 32 19 att
193 961 66 21 verka
281 961 28 29 på
331 962 251 28 Bevillningsutskottets
605 962 102 29 kalkyler.
736 962 43 28 Jag
800 962 95 21 anhåller

69 988 59 29 förty
143 989 109 22 vördsamt
267 993 30 18 att
312 990 25 21 R.
353 998 19 14 o.
387 991 27 21 A.
430 991 67 21 måtte
512 994 78 25 antaga
601 991 293 28 sammanjemkningsförsla-

67 1020 39 25 get
120 1018 8 20 i
143 1017 70 22 denna
228 1019 73 27 punkt.

138 1074 58 22 Frih.
212 1075 29 22 V.
256 1083 41 14 von
321 1076 120 22 Hellens:
471 1077 52 21 Kun
539 1077 85 21 arvoisa
640 1077 105 21 edellinen
761 1076 80 29 puhuja
857 1084 37 14 va-

69 1102 96 29 kuuttaa,
180 1106 44 18 että
239 1104 165 29 kysymyksessä
428 1105 72 21 olevat
515 1106 204 28 pöytäkirjanotteet
734 1106 48 20 aina
798 1108 50 19 ovat
863 1105 31 21 ol-

69 1131 43 21 leet
135 1133 86 27 vapaita
243 1133 220 27 leimasuostunnasta,
486 1134 45 21 niin
554 1141 23 14 se
600 1142 28 13 on
649 1134 97 28 erehdys,
758 1134 47 22 sillä
821 1134 72 22 minun

67 1160 129 22 tietääkseni
212 1162 224 28 pöytäkirjanotteihin
452 1162 127 22 virastoihin
600 1163 124 27 jätettäessä
739 1170 27 14 on
782 1163 48 21 aina
846 1170 49 14 vaa-

70 1188 57 22 dittu
148 1189 156 27 leimamerkki;
327 1190 48 22 olen
398 1198 38 14 sen
459 1191 81 28 nähnyt
558 1191 97 21 sadoissa
670 1192 225 28 pöytäkirjanotteissa

67 1217 55 21 sekä
144 1218 268 22 kuvernöörinvirastoissa
431 1222 44 18 että
498 1220 222 28 tuomiokapituleissa
734 1220 20 28 ja
770 1220 125 26 senaatissa,

70 1248 68 19 mutta
161 1246 94 22 koskaan
277 1255 25 13 en
325 1248 55 20 vielä
402 1249 77 21 muista
502 1248 105 21 nähneeni
629 1249 121 21 semmoisia
769 1248 126 22 virastoihin

67 1275 100 28 jätettyjä
182 1276 215 28 pöytäkirjanotteita,
411 1277 59 28 jotka
488 1277 86 21 olisivat
582 1277 65 21 olleet
656 1277 63 21 ilman
730 1277 165 25 leimamerkkiä,

69 1303 83 21 milloin
167 1304 105 21 nimittäin
287 1305 144 28 asiakirjoihin
454 1309 87 17 muuten
563 1305 113 21 vaaditaan
692 1306 82 21 leimaa.
802 1305 92 28 Tietysti

67 1332 35 27 jos
118 1332 45 21 asia
178 1340 28 13 on
222 1334 40 20 sitä
276 1333 76 27 laatua,
368 1336 43 19 että
427 1342 23 13 se
466 1342 27 13 on
509 1334 122 22 alistettava
646 1334 106 28 ylemmän
768 1334 127 22 viranomai-

68 1367 41 14 sen
132 1360 159 28 harkittavaksi,
314 1369 28 14 on
365 1362 98 29 asiakirja
485 1370 69 21 vapaa
571 1362 222 22 leimasuostunnasta.
823 1362 70 22 Mutta

68 1396 26 13 se
110 1396 27 14 on
153 1389 58 29 kyllä
226 1390 75 27 oikein,
317 1392 44 19 että
380 1392 45 20 tätä
447 1391 72 28 nykyä
541 1391 211 29 pöytäkirjanotteita
768 1392 19 20 ei
803 1392 34 20 ole
853 1392 42 20 kir-

66 1417 89 28 joitettu
177 1418 164 29 leimapaperille
357 1420 48 20 eikä
420 1420 84 28 papisto
520 1420 34 20 ole
569 1420 53 20 niitä
637 1423 125 18 varustanut
777 1420 118 21 leimamer-

71 1446 70 26 keillä,
157 1454 55 14 vaan
227 1451 60 17 vasta
301 1455 23 13 se
339 1448 166 27 asianomainen,
515 1448 50 28 joka
577 1449 53 20 niitä
641 1456 26 14 on
678 1449 109 21 virastoon
798 1449 97 27 jättänyt.

69 1474 91 29 Pyydän
182 1475 117 22 uudestaan
322 1476 144 27 huomauttaa,
489 1478 50 25 että,
553 1477 32 28 jos
601 1476 203 23 kirkonkokouksen
819 1478 76 27 pöytä-

69 1503 65 28 kirjat
149 1507 141 25 vapautetaan
305 1505 221 27 leimasuostunnasta,
544 1506 45 21 niin
604 1506 81 28 tietysti
701 1505 193 22 kuntakokouksen
