1031 1700
193 79 41 21 382

162 141 106 29 derdänig
284 142 160 28 framställning
460 150 35 14 om
511 141 134 23 tillsättande
660 142 25 22 af
697 141 94 23 särskild
803 143 113 29 jernvägs-

163 176 92 28 styrelse
270 176 48 21 med
333 176 280 29 redovisningsskyldighet
628 176 35 22 för
678 176 129 22 ständerne?

231 209 168 29 Propositionen
423 211 129 21 besvarades
574 210 49 22 med
647 210 104 22 blandadt
770 212 23 27 ja
815 211 40 21 och
875 212 41 27 nej;

162 244 101 21 hvarföre
286 244 77 22 skreds
381 245 33 21 till
434 245 106 28 votering,
560 252 47 14 som
622 245 64 21 utföll
701 245 48 21 med
765 246 14 20 8
791 246 24 28 ja
829 248 45 18 mot
889 246 27 20 19

162 280 45 27 nej;
230 279 32 21 till
283 279 54 29 följd
355 279 81 21 hvaraf
452 279 84 21 ståndet
551 279 85 21 således
651 280 71 28 afböjt
737 280 156 28 inbjudningen
908 280 8 20 i

163 313 70 21 denna
248 313 42 21 del.

231 348 42 20 2:0.
302 347 46 21 Vill
365 348 91 26 ståndet,
468 348 68 28 enligt
548 347 42 21 den
602 347 83 22 skedda
696 348 163 28 inbjudningen,
873 348 42 21 förs

163 389 40 13 ena
217 382 34 27 sig
267 382 47 21 med
330 381 150 29 ridderskapet
494 382 41 21 och
548 382 63 22 adeln
623 382 30 21 uti
666 389 26 14 en
705 382 134 29 underdänig
851 383 63 20 fram-

163 416 104 28 ställning
288 423 35 13 om
347 416 165 28 hydrografiska
535 416 87 21 arbeten
645 416 34 21 för
698 417 156 28 sjömätningar
872 416 42 22 och

163 450 164 29 beskrifningar
342 450 25 21 af
378 450 70 22 finska
463 450 103 21 kusterna
581 450 37 22 vid
632 450 118 22 Bottniska
765 450 77 22 viken?

230 483 79 23 Denna
331 485 136 27 proposition
489 484 131 22 besvarades
640 484 49 22 med
708 484 105 30 enhälligt
827 486 24 27 ja
873 484 41 22 och

163 518 134 22 förklarades
313 519 59 28 förty
387 526 51 14 vara
454 520 24 20 af
490 519 86 21 ständet
591 522 99 25 antagen.

231 553 40 21 3:0.
305 552 44 22 Vill
364 553 92 28 ståndet,
471 552 48 23 med
535 553 122 29 antagande
673 554 24 21 af
709 552 150 29 ridderskanet
872 552 41 22 och

163 587 74 22 adelns
253 587 129 29 inbjudning
397 585 79 29 dertill,
495 588 75 21 förena
585 585 34 31 sig
635 587 49 22 med
699 587 92 22 nämnda
805 587 61 22 ständ
882 587 32 21 uti

163 629 26 14 en
216 621 133 29 underdänig
375 622 160 28 framställning
557 629 35 14 om
614 619 132 24 inrättandet
768 621 24 22 af
811 621 103 33 tidsenlig

163 656 195 29 vinterpostföring
373 656 91 21 emellan
480 655 94 22 Finland
589 656 41 21 och
646 655 92 30 Sverige
753 656 61 21 öfver
828 655 86 22 Älands

163 689 52 22 haf?

230 719 73 27 Äfven
320 724 70 21 denna
405 725 135 28 proposition
556 727 78 26 antogs
649 723 106 30 enhälligt
769 724 24 21 af
805 723 93 22 ständet.

230 759 43 20 4:0.
303 757 46 22 Vill
365 759 92 27 ståndet,
472 759 7 21 i
494 759 96 28 enlighet
606 758 49 22 med
671 756 41 23 den
727 759 25 20 af
763 758 151 28 ridderskapet

162 792 41 21 och
222 793 63 21 adeln
300 793 73 21 dertill
389 793 133 22 framställda
537 793 130 29 inbjudning
681 793 41 21 och
738 793 47 21 med
801 793 113 28 frängäen-

161 826 28 21 de
207 828 25 20 af
244 827 37 21 sitt
298 828 57 20 förra
371 827 70 22 beslut
455 827 6 22 i
478 828 78 26 ämnet,
571 827 60 21 anslä
646 835 27 14 en
688 834 83 15 summa
785 827 25 20 af
822 827 91 20 tvähun-

161 861 222 22 drafemtiofemtnsen
403 861 213 29 fyrahundrafyratio
634 861 61 22 mark
714 861 33 21 till
765 860 149 29 kanalisering

161 896 25 21 af
199 895 154 22 Walkiakoski
370 895 59 22 fors?

228 929 79 22 Denna
326 930 135 28 proposition
481 929 129 22 besvarades
626 929 48 22 med
690 928 161 30 öfverväpande
866 929 47 28 nej;

161 963 6 22 i
183 963 55 29 följd
253 964 79 21 hvaraf
344 963 85 22 ståndet
444 963 134 22 förklarades
594 963 66 22 hafva
675 963 68 29 afböjt
757 963 155 29 inbjudningen

161 997 7 22 i
183 997 71 22 denna
268 997 42 22 del.

229 1031 44 23 Om
289 1033 27 21 de
331 1033 77 27 beslut,
423 1032 85 22 ståndet
522 1032 8 21 i
546 1031 136 22 förestående
697 1031 67 22 måtto
777 1032 64 21 fattat
851 1032 62 21 såväl

160 1067 7 21 i
186 1067 118 28 anledning
322 1067 24 21 af
358 1067 115 28 kejserliga
488 1067 162 28 propositionen
665 1073 35 15 om
715 1066 76 28 anslag
805 1066 34 21 för
855 1065 57 22 folk-

160 1101 81 27 skolor,
256 1109 45 21 nya
316 1101 303 22 kommunikationsanstalter
630 1100 42 22 och
685 1099 67 22 andra
763 1100 89 21 allmänt
863 1103 50 25 nyt

160 1136 45 28 tiga
224 1136 93 29 företag,
336 1143 47 14 som
398 1136 110 28 angående
523 1135 152 28 ridderskapet
689 1134 42 22 och
746 1134 74 22 adelns
837 1134 76 21 ofvan-

159 1170 94 22 nämnda
263 1170 137 28 inbjudning,
415 1170 70 21 skulle
499 1170 20 28 ej
534 1169 82 21 mindre
631 1168 125 29 respektiva
771 1168 141 22 medständen

159 1205 27 20 än
205 1204 244 28 expeditionsutskottet
466 1204 136 21 underrättas
621 1210 78 22 genom
714 1202 24 22 sä
752 1202 95 30 lydande
861 1209 52 21 pro-

159 1236 170 30 tokollsutdrag:

226 1272 204 28 ”Borgareständet,
452 1279 47 15 som
518 1271 71 22 denna
607 1271 44 29 dag
670 1270 33 22 till
722 1270 77 29 ätgärd
817 1268 96 24 förehaft

158 1306 232 22 ekonomieutskottets
414 1305 136 23 betänkande
568 1306 7 20 i
594 1305 118 29 anledning
730 1305 25 21 af
767 1304 80 28 nådiga
861 1311 52 21 pro-

157 1340 124 28 positionen
297 1339 45 22 N:o
357 1340 34 27 31,
410 1340 112 29 angäende
541 1340 77 28 anslag
633 1339 34 21 till
682 1338 121 22 inrättande
818 1338 25 21 af
855 1337 57 22 folk-

157 1374 82 27 skolor,
253 1374 36 22 till
304 1374 136 30 anläggande
456 1374 24 22 af
488 1382 43 20 nya
542 1372 303 23 kommunikationsanstalter
856 1375 56 18 samt

155 1408 34 21 till
207 1408 110 22 särskilda
332 1408 68 23 andra
415 1408 165 30 allmännyttiga
596 1408 91 28 företag,
703 1407 39 22 har
757 1406 76 23 dervid
849 1406 7 20 i
871 1406 41 22 allt
