<?xml version="1.0" encoding="UTF-8"?>
<alto xmlns="http://www.loc.gov/standards/alto/ns-v3#" xmlns:xlink="http://www.w3.org/1999/xlink" xmlns:xsi="http://www.w3.org/2001/XMLSchema-instance" xsi:schemaLocation="http://www.loc.gov/standards/alto/ns-v3# http://www.loc.gov/alto/v3/alto-3-0.xsd">
	<Description>
		<MeasurementUnit>pixel</MeasurementUnit>
		<sourceImageInformation>
			<fileName>/tmp/tess_4aetg774_input.PNG</fileName>
		</sourceImageInformation>
		<OCRProcessing ID="OCR_0">
			<ocrProcessingStep>
				<processingSoftware>
					<softwareName>tesseract 5.3.4</softwareName>
				</processingSoftware>
			</ocrProcessingStep>
		</OCRProcessing>
	</Description>
	<Layout>
		<Page WIDTH="1031" HEIGHT="1700" PHYSICAL_IMG_NR="0" ID="page_0">
			<PrintSpace HPOS="0" VPOS="0" WIDTH="1031" HEIGHT="1700">
				<ComposedBlock ID="cblock_0" HPOS="813" VPOS="126" WIDTH="40" HEIGHT="20">
					<TextBlock ID="block_0" HPOS="813" VPOS="126" WIDTH="40" HEIGHT="20">
						<TextLine ID="line_0" HPOS="813" VPOS="126" WIDTH="40" HEIGHT="20">
							<String ID="string_0" HPOS="813" VPOS="126" WIDTH="40" HEIGHT="20" WC="0.96" CONTENT="183"/>
						</TextLine>
					</TextBlock>
				</ComposedBlock>
				<ComposedBlock ID="cblock_1" HPOS="128" VPOS="187" WIDTH="757" HEIGHT="1265">
					<TextBlock ID="block_1" HPOS="128" VPOS="187" WIDTH="757" HEIGHT="986">
						<TextLine ID="line_1" HPOS="128" VPOS="187" WIDTH="753" HEIGHT="33">
							<String ID="string_1" HPOS="128" VPOS="188" WIDTH="164" HEIGHT="32" WC="0.92" CONTENT="jordbrukaren,"/><SP WIDTH="16" VPOS="188" HPOS="292"/>
							<String ID="string_2" HPOS="308" VPOS="195" WIDTH="77" HEIGHT="21" WC="0.95" CONTENT="genom"/><SP WIDTH="20" VPOS="195" HPOS="385"/>
							<String ID="string_3" HPOS="405" VPOS="190" WIDTH="31" HEIGHT="18" WC="0.95" CONTENT="att"/><SP WIDTH="18" VPOS="190" HPOS="436"/>
							<String ID="string_4" HPOS="454" VPOS="187" WIDTH="88" HEIGHT="27" WC="0.96" CONTENT="vidtaga"/><SP WIDTH="20" VPOS="187" HPOS="542"/>
							<String ID="string_5" HPOS="562" VPOS="187" WIDTH="136" HEIGHT="28" WC="0.96" CONTENT="bestämning"/><SP WIDTH="19" VPOS="187" HPOS="698"/>
							<String ID="string_6" HPOS="717" VPOS="195" WIDTH="34" HEIGHT="13" WC="0.96" CONTENT="om"/><SP WIDTH="14" VPOS="195" HPOS="751"/>
							<String ID="string_7" HPOS="765" VPOS="188" WIDTH="66" HEIGHT="21" WC="0.96" CONTENT="sättet"/><SP WIDTH="16" VPOS="188" HPOS="831"/>
							<String ID="string_8" HPOS="847" VPOS="188" WIDTH="34" HEIGHT="21" WC="0.96" CONTENT="för"/>
						</TextLine>
						<TextLine ID="line_2" HPOS="130" VPOS="221" WIDTH="751" HEIGHT="30">
							<String ID="string_9" HPOS="130" VPOS="222" WIDTH="298" HEIGHT="29" WC="0.87" CONTENT="skjutsningsskyldighetens"/><SP WIDTH="24" VPOS="222" HPOS="428"/>
							<String ID="string_10" HPOS="452" VPOS="221" WIDTH="166" HEIGHT="26" WC="0.95" CONTENT="verkställande,"/><SP WIDTH="27" VPOS="221" HPOS="618"/>
							<String ID="string_11" HPOS="645" VPOS="221" WIDTH="82" HEIGHT="21" WC="0.85" CONTENT="hvilket"/><SP WIDTH="19" VPOS="221" HPOS="727"/>
							<String ID="string_12" HPOS="746" VPOS="222" WIDTH="135" HEIGHT="21" WC="0.95" CONTENT="uteslutande"/>
						</TextLine>
						<TextLine ID="line_3" HPOS="132" VPOS="255" WIDTH="752" HEIGHT="31">
							<String ID="string_13" HPOS="132" VPOS="257" WIDTH="38" HEIGHT="22" WC="0.93" CONTENT="bör"/><SP WIDTH="19" VPOS="257" HPOS="170"/>
							<String ID="string_14" HPOS="189" VPOS="256" WIDTH="114" HEIGHT="23" WC="0.91" CONTENT="ankomma"/><SP WIDTH="15" VPOS="256" HPOS="303"/>
							<String ID="string_15" HPOS="318" VPOS="256" WIDTH="27" HEIGHT="30" WC="0.93" CONTENT="på"/><SP WIDTH="12" VPOS="256" HPOS="345"/>
							<String ID="string_16" HPOS="357" VPOS="256" WIDTH="137" HEIGHT="28" WC="0.91" CONTENT="jordegaren,"/><SP WIDTH="16" VPOS="256" HPOS="494"/>
							<String ID="string_17" HPOS="510" VPOS="255" WIDTH="76" HEIGHT="21" WC="0.96" CONTENT="endast"/><SP WIDTH="16" VPOS="255" HPOS="586"/>
							<String ID="string_18" HPOS="602" VPOS="256" WIDTH="47" HEIGHT="20" WC="0.96" CONTENT="med"/><SP WIDTH="16" VPOS="256" HPOS="649"/>
							<String ID="string_19" HPOS="665" VPOS="256" WIDTH="139" HEIGHT="27" WC="0.96" CONTENT="iakttagande"/><SP WIDTH="15" VPOS="256" HPOS="804"/>
							<String ID="string_20" HPOS="819" VPOS="256" WIDTH="65" HEIGHT="21" WC="0.96" CONTENT="deraf"/>
						</TextLine>
						<TextLine ID="line_4" HPOS="131" VPOS="288" WIDTH="750" HEIGHT="31">
							<String ID="string_21" HPOS="131" VPOS="294" WIDTH="32" HEIGHT="20" WC="0.96" CONTENT="att"/><SP WIDTH="14" VPOS="294" HPOS="163"/>
							<String ID="string_22" HPOS="177" VPOS="290" WIDTH="151" HEIGHT="29" WC="0.96" CONTENT="skyldigheten"/><SP WIDTH="17" VPOS="290" HPOS="328"/>
							<String ID="string_23" HPOS="345" VPOS="290" WIDTH="117" HEIGHT="28" WC="0.93" CONTENT="behörigen"/><SP WIDTH="17" VPOS="290" HPOS="462"/>
							<String ID="string_24" HPOS="479" VPOS="289" WIDTH="111" HEIGHT="27" WC="0.91" CONTENT="fullgöres,"/><SP WIDTH="30" VPOS="289" HPOS="590"/>
							<String ID="string_25" HPOS="620" VPOS="288" WIDTH="54" HEIGHT="22" WC="0.96" CONTENT="Man"/><SP WIDTH="16" VPOS="288" HPOS="674"/>
							<String ID="string_26" HPOS="690" VPOS="289" WIDTH="38" HEIGHT="23" WC="0.93" CONTENT="har"/><SP WIDTH="12" VPOS="289" HPOS="728"/>
							<String ID="string_27" HPOS="740" VPOS="290" WIDTH="97" HEIGHT="21" WC="0.96" CONTENT="anmärkt"/><SP WIDTH="12" VPOS="290" HPOS="837"/>
							<String ID="string_28" HPOS="849" VPOS="293" WIDTH="32" HEIGHT="18" WC="0.96" CONTENT="att"/>
						</TextLine>
						<TextLine ID="line_5" HPOS="130" VPOS="323" WIDTH="751" HEIGHT="30">
							<String ID="string_29" HPOS="130" VPOS="325" WIDTH="28" HEIGHT="21" WC="0.93" CONTENT="de"/><SP WIDTH="22" VPOS="325" HPOS="158"/>
							<String ID="string_30" HPOS="180" VPOS="324" WIDTH="137" HEIGHT="29" WC="0.90" CONTENT="skjutsandes"/><SP WIDTH="22" VPOS="324" HPOS="317"/>
							<String ID="string_31" HPOS="339" VPOS="324" WIDTH="99" HEIGHT="20" WC="0.92" CONTENT="vistande"/><SP WIDTH="18" VPOS="324" HPOS="438"/>
							<String ID="string_32" HPOS="456" VPOS="323" WIDTH="8" HEIGHT="21" WC="0.93" CONTENT="i"/><SP WIDTH="19" VPOS="323" HPOS="464"/>
							<String ID="string_33" HPOS="483" VPOS="323" WIDTH="148" HEIGHT="28" WC="0.89" CONTENT="hållstugorna"/><SP WIDTH="20" VPOS="323" HPOS="631"/>
							<String ID="string_34" HPOS="651" VPOS="323" WIDTH="66" HEIGHT="22" WC="0.93" CONTENT="under"/><SP WIDTH="20" VPOS="323" HPOS="717"/>
							<String ID="string_35" HPOS="737" VPOS="324" WIDTH="144" HEIGHT="28" WC="0.92" CONTENT="sysslolöshet"/>
						</TextLine>
						<TextLine ID="line_6" HPOS="130" VPOS="356" WIDTH="751" HEIGHT="30">
							<String ID="string_36" HPOS="130" VPOS="359" WIDTH="71" HEIGHT="23" WC="0.95" CONTENT="skulle"/><SP WIDTH="15" VPOS="359" HPOS="201"/>
							<String ID="string_37" HPOS="216" VPOS="359" WIDTH="28" HEIGHT="27" WC="0.96" CONTENT="på"/><SP WIDTH="14" VPOS="359" HPOS="244"/>
							<String ID="string_38" HPOS="258" VPOS="358" WIDTH="47" HEIGHT="22" WC="0.93" CONTENT="dem"/><SP WIDTH="16" VPOS="358" HPOS="305"/>
							<String ID="string_39" HPOS="321" VPOS="358" WIDTH="75" HEIGHT="20" WC="0.90" CONTENT="utöfva"/><SP WIDTH="15" VPOS="358" HPOS="396"/>
							<String ID="string_40" HPOS="411" VPOS="361" WIDTH="31" HEIGHT="19" WC="0.96" CONTENT="ett"/><SP WIDTH="15" VPOS="361" HPOS="442"/>
							<String ID="string_41" HPOS="457" VPOS="357" WIDTH="97" HEIGHT="28" WC="0.96" CONTENT="skadligt"/><SP WIDTH="14" VPOS="357" HPOS="554"/>
							<String ID="string_42" HPOS="568" VPOS="356" WIDTH="117" HEIGHT="29" WC="0.96" CONTENT="inflytande"/><SP WIDTH="12" VPOS="356" HPOS="685"/>
							<String ID="string_43" HPOS="697" VPOS="358" WIDTH="7" HEIGHT="21" WC="0.97" CONTENT="i"/><SP WIDTH="12" VPOS="358" HPOS="704"/>
							<String ID="string_44" HPOS="716" VPOS="358" WIDTH="112" HEIGHT="22" WC="0.96" CONTENT="moraliskt"/><SP WIDTH="11" VPOS="358" HPOS="828"/>
							<String ID="string_45" HPOS="839" VPOS="358" WIDTH="42" HEIGHT="21" WC="0.97" CONTENT="och"/>
						</TextLine>
						<TextLine ID="line_7" HPOS="131" VPOS="392" WIDTH="750" HEIGHT="28">
							<String ID="string_46" HPOS="131" VPOS="393" WIDTH="80" HEIGHT="27" WC="0.91" CONTENT="sedligt"/><SP WIDTH="19" VPOS="393" HPOS="211"/>
							<String ID="string_47" HPOS="230" VPOS="392" WIDTH="110" HEIGHT="25" WC="0.81" CONTENT="afseende;"/><SP WIDTH="24" VPOS="392" HPOS="340"/>
							<String ID="string_48" HPOS="364" VPOS="399" WIDTH="47" HEIGHT="13" WC="0.95" CONTENT="men"/><SP WIDTH="18" VPOS="399" HPOS="411"/>
							<String ID="string_49" HPOS="429" VPOS="392" WIDTH="39" HEIGHT="28" WC="0.93" CONTENT="jag"/><SP WIDTH="20" VPOS="392" HPOS="468"/>
							<String ID="string_50" HPOS="488" VPOS="392" WIDTH="76" HEIGHT="20" WC="0.91" CONTENT="tviflar"/><SP WIDTH="15" VPOS="392" HPOS="564"/>
							<String ID="string_51" HPOS="579" VPOS="395" WIDTH="31" HEIGHT="17" WC="0.96" CONTENT="att"/><SP WIDTH="15" VPOS="395" HPOS="610"/>
							<String ID="string_52" HPOS="625" VPOS="392" WIDTH="77" HEIGHT="22" WC="0.96" CONTENT="sådant"/><SP WIDTH="15" VPOS="392" HPOS="702"/>
							<String ID="string_53" HPOS="717" VPOS="392" WIDTH="71" HEIGHT="23" WC="0.96" CONTENT="kunde"/><SP WIDTH="15" VPOS="392" HPOS="788"/>
							<String ID="string_54" HPOS="803" VPOS="400" WIDTH="78" HEIGHT="20" WC="0.95" CONTENT="genom"/>
						</TextLine>
						<TextLine ID="line_8" HPOS="131" VPOS="425" WIDTH="750" HEIGHT="30">
							<String ID="string_55" HPOS="131" VPOS="427" WIDTH="160" HEIGHT="28" WC="0.92" CONTENT="skjutsningens"/><SP WIDTH="15" VPOS="427" HPOS="291"/>
							<String ID="string_56" HPOS="306" VPOS="426" WIDTH="106" HEIGHT="22" WC="0.96" CONTENT="ställande"/><SP WIDTH="16" VPOS="426" HPOS="412"/>
							<String ID="string_57" HPOS="428" VPOS="426" WIDTH="28" HEIGHT="28" WC="0.96" CONTENT="på"/><SP WIDTH="14" VPOS="426" HPOS="456"/>
							<String ID="string_58" HPOS="470" VPOS="425" WIDTH="141" HEIGHT="28" WC="0.92" CONTENT="entreprenad"/><SP WIDTH="13" VPOS="425" HPOS="611"/>
							<String ID="string_59" HPOS="624" VPOS="426" WIDTH="151" HEIGHT="24" WC="0.91" CONTENT="förekommas,"/><SP WIDTH="22" VPOS="426" HPOS="775"/>
							<String ID="string_60" HPOS="797" VPOS="426" WIDTH="36" HEIGHT="23" WC="0.93" CONTENT="En"/><SP WIDTH="12" VPOS="426" HPOS="833"/>
							<String ID="string_61" HPOS="845" VPOS="434" WIDTH="36" HEIGHT="14" WC="0.92" CONTENT="en-"/>
						</TextLine>
						<TextLine ID="line_9" HPOS="130" VPOS="460" WIDTH="751" HEIGHT="29">
							<String ID="string_62" HPOS="130" VPOS="462" WIDTH="114" HEIGHT="27" WC="0.92" CONTENT="treprenör"/><SP WIDTH="22" VPOS="462" HPOS="244"/>
							<String ID="string_63" HPOS="266" VPOS="462" WIDTH="23" HEIGHT="22" WC="0.96" CONTENT="är"/><SP WIDTH="21" VPOS="462" HPOS="289"/>
							<String ID="string_64" HPOS="310" VPOS="461" WIDTH="18" HEIGHT="27" WC="0.96" CONTENT="ej"/><SP WIDTH="21" VPOS="461" HPOS="328"/>
							<String ID="string_65" HPOS="349" VPOS="460" WIDTH="88" HEIGHT="28" WC="0.96" CONTENT="skyldig"/><SP WIDTH="20" VPOS="460" HPOS="437"/>
							<String ID="string_66" HPOS="457" VPOS="463" WIDTH="31" HEIGHT="17" WC="0.93" CONTENT="att"/><SP WIDTH="19" VPOS="463" HPOS="488"/>
							<String ID="string_67" HPOS="507" VPOS="460" WIDTH="145" HEIGHT="28" WC="0.92" CONTENT="ovilkorligen"/><SP WIDTH="16" VPOS="460" HPOS="652"/>
							<String ID="string_68" HPOS="668" VPOS="461" WIDTH="119" HEIGHT="23" WC="0.93" CONTENT="verkställa"/><SP WIDTH="14" VPOS="461" HPOS="787"/>
							<String ID="string_69" HPOS="801" VPOS="461" WIDTH="80" HEIGHT="28" WC="0.92" CONTENT="skjuts-"/>
						</TextLine>
						<TextLine ID="line_10" HPOS="131" VPOS="494" WIDTH="750" HEIGHT="30">
							<String ID="string_70" HPOS="131" VPOS="496" WIDTH="79" HEIGHT="28" WC="0.96" CONTENT="ningen"/><SP WIDTH="17" VPOS="496" HPOS="210"/>
							<String ID="string_71" HPOS="227" VPOS="494" WIDTH="47" HEIGHT="24" WC="0.96" CONTENT="med"/><SP WIDTH="15" VPOS="494" HPOS="274"/>
							<String ID="string_72" HPOS="289" VPOS="502" WIDTH="54" HEIGHT="21" WC="0.96" CONTENT="egna"/><SP WIDTH="16" VPOS="502" HPOS="343"/>
							<String ID="string_73" HPOS="359" VPOS="494" WIDTH="91" HEIGHT="28" WC="0.96" CONTENT="dragare"/><SP WIDTH="15" VPOS="494" HPOS="450"/>
							<String ID="string_74" HPOS="465" VPOS="494" WIDTH="40" HEIGHT="20" WC="0.96" CONTENT="och"/><SP WIDTH="17" VPOS="494" HPOS="505"/>
							<String ID="string_75" HPOS="522" VPOS="494" WIDTH="47" HEIGHT="21" WC="0.96" CONTENT="med"/><SP WIDTH="17" VPOS="494" HPOS="569"/>
							<String ID="string_76" HPOS="586" VPOS="498" WIDTH="48" HEIGHT="24" WC="0.96" CONTENT="eget"/><SP WIDTH="16" VPOS="498" HPOS="634"/>
							<String ID="string_77" HPOS="650" VPOS="494" WIDTH="53" HEIGHT="26" WC="0.96" CONTENT="folk,"/><SP WIDTH="15" VPOS="494" HPOS="703"/>
							<String ID="string_78" HPOS="718" VPOS="498" WIDTH="50" HEIGHT="19" WC="0.96" CONTENT="utan"/><SP WIDTH="16" VPOS="498" HPOS="768"/>
							<String ID="string_79" HPOS="784" VPOS="495" WIDTH="41" HEIGHT="22" WC="0.96" CONTENT="ban"/><SP WIDTH="13" VPOS="495" HPOS="825"/>
							<String ID="string_80" HPOS="838" VPOS="495" WIDTH="43" HEIGHT="21" WC="0.96" CONTENT="kan"/>
						</TextLine>
						<TextLine ID="line_11" HPOS="132" VPOS="528" WIDTH="749" HEIGHT="28">
							<String ID="string_81" HPOS="132" VPOS="530" WIDTH="33" HEIGHT="21" WC="0.96" CONTENT="för"/><SP WIDTH="22" VPOS="530" HPOS="165"/>
							<String ID="string_82" HPOS="187" VPOS="530" WIDTH="95" HEIGHT="23" WC="0.95" CONTENT="tillfället"/><SP WIDTH="22" VPOS="530" HPOS="282"/>
							<String ID="string_83" HPOS="304" VPOS="528" WIDTH="91" HEIGHT="22" WC="0.96" CONTENT="medelst"/><SP WIDTH="18" VPOS="528" HPOS="395"/>
							<String ID="string_84" HPOS="413" VPOS="528" WIDTH="49" HEIGHT="28" WC="0.93" CONTENT="lega"/><SP WIDTH="20" VPOS="528" HPOS="462"/>
							<String ID="string_85" HPOS="482" VPOS="528" WIDTH="104" HEIGHT="21" WC="0.92" CONTENT="förskaffa"/><SP WIDTH="19" VPOS="528" HPOS="586"/>
							<String ID="string_86" HPOS="605" VPOS="528" WIDTH="33" HEIGHT="28" WC="0.95" CONTENT="sig"/><SP WIDTH="16" VPOS="528" HPOS="638"/>
							<String ID="string_87" HPOS="654" VPOS="528" WIDTH="59" HEIGHT="21" WC="0.96" CONTENT="såväl"/><SP WIDTH="16" VPOS="528" HPOS="713"/>
							<String ID="string_88" HPOS="729" VPOS="528" WIDTH="36" HEIGHT="23" WC="0.96" CONTENT="det"/><SP WIDTH="15" VPOS="528" HPOS="765"/>
							<String ID="string_89" HPOS="780" VPOS="536" WIDTH="39" HEIGHT="14" WC="0.96" CONTENT="ena"/><SP WIDTH="14" VPOS="536" HPOS="819"/>
							<String ID="string_90" HPOS="833" VPOS="536" WIDTH="48" HEIGHT="14" WC="0.96" CONTENT="som"/>
						</TextLine>
						<TextLine ID="line_12" HPOS="131" VPOS="562" WIDTH="750" HEIGHT="27">
							<String ID="string_91" HPOS="131" VPOS="564" WIDTH="38" HEIGHT="21" WC="0.96" CONTENT="det"/><SP WIDTH="14" VPOS="564" HPOS="169"/>
							<String ID="string_92" HPOS="183" VPOS="563" WIDTH="66" HEIGHT="24" WC="0.96" CONTENT="andra"/><SP WIDTH="15" VPOS="563" HPOS="249"/>
							<String ID="string_93" HPOS="264" VPOS="564" WIDTH="46" HEIGHT="23" WC="0.96" CONTENT="från"/><SP WIDTH="16" VPOS="564" HPOS="310"/>
							<String ID="string_94" HPOS="326" VPOS="562" WIDTH="71" HEIGHT="23" WC="0.96" CONTENT="skilda"/><SP WIDTH="15" VPOS="562" HPOS="397"/>
							<String ID="string_95" HPOS="412" VPOS="562" WIDTH="59" HEIGHT="21" WC="0.96" CONTENT="delar"/><SP WIDTH="16" VPOS="562" HPOS="471"/>
							<String ID="string_96" HPOS="487" VPOS="563" WIDTH="24" HEIGHT="21" WC="0.92" CONTENT="af"/><SP WIDTH="13" VPOS="563" HPOS="511"/>
							<String ID="string_97" HPOS="524" VPOS="562" WIDTH="95" HEIGHT="23" WC="0.96" CONTENT="socknen"/><SP WIDTH="15" VPOS="562" HPOS="619"/>
							<String ID="string_98" HPOS="634" VPOS="562" WIDTH="51" HEIGHT="23" WC="0.96" CONTENT="eller"/><SP WIDTH="12" VPOS="562" HPOS="685"/>
							<String ID="string_99" HPOS="697" VPOS="562" WIDTH="131" HEIGHT="27" WC="0.96" CONTENT="landsorten,"/><SP WIDTH="11" VPOS="562" HPOS="828"/>
							<String ID="string_100" HPOS="839" VPOS="562" WIDTH="42" HEIGHT="22" WC="0.96" CONTENT="och"/>
						</TextLine>
						<TextLine ID="line_13" HPOS="130" VPOS="597" WIDTH="752" HEIGHT="28">
							<String ID="string_101" HPOS="130" VPOS="599" WIDTH="90" HEIGHT="23" WC="0.91" CONTENT="sålunda"/><SP WIDTH="23" VPOS="599" HPOS="220"/>
							<String ID="string_102" HPOS="243" VPOS="598" WIDTH="70" HEIGHT="23" WC="0.91" CONTENT="blefve"/><SP WIDTH="23" VPOS="598" HPOS="313"/>
							<String ID="string_103" HPOS="336" VPOS="597" WIDTH="144" HEIGHT="22" WC="0.95" CONTENT="förhållandet"/><SP WIDTH="18" VPOS="597" HPOS="480"/>
							<String ID="string_104" HPOS="498" VPOS="597" WIDTH="6" HEIGHT="21" WC="0.93" CONTENT="i"/><SP WIDTH="19" VPOS="597" HPOS="504"/>
							<String ID="string_105" HPOS="523" VPOS="597" WIDTH="126" HEIGHT="23" WC="0.75" CONTENT="omnämndt"/><SP WIDTH="22" VPOS="597" HPOS="649"/>
							<String ID="string_106" HPOS="671" VPOS="597" WIDTH="100" HEIGHT="22" WC="0.96" CONTENT="afseende"/><SP WIDTH="20" VPOS="597" HPOS="771"/>
							<String ID="string_107" HPOS="791" VPOS="598" WIDTH="91" HEIGHT="27" WC="0.96" CONTENT="ungefär"/>
						</TextLine>
						<TextLine ID="line_14" HPOS="131" VPOS="631" WIDTH="751" HEIGHT="28">
							<String ID="string_108" HPOS="131" VPOS="633" WIDTH="125" HEIGHT="22" WC="0.93" CONTENT="detsamma."/><SP WIDTH="37" VPOS="633" HPOS="256"/>
							<String ID="string_109" HPOS="293" VPOS="631" WIDTH="40" HEIGHT="21" WC="0.92" CONTENT="Att"/><SP WIDTH="19" VPOS="631" HPOS="333"/>
							<String ID="string_110" HPOS="352" VPOS="631" WIDTH="84" HEIGHT="28" WC="0.92" CONTENT="förhöja"/><SP WIDTH="18" VPOS="631" HPOS="436"/>
							<String ID="string_111" HPOS="454" VPOS="631" WIDTH="135" HEIGHT="28" WC="0.92" CONTENT="skjutslegan"/><SP WIDTH="16" VPOS="631" HPOS="589"/>
							<String ID="string_112" HPOS="605" VPOS="632" WIDTH="101" HEIGHT="21" WC="0.95" CONTENT="öfverallt"/><SP WIDTH="15" VPOS="632" HPOS="706"/>
							<String ID="string_113" HPOS="721" VPOS="631" WIDTH="37" HEIGHT="21" WC="0.93" CONTENT="der"/><SP WIDTH="15" VPOS="631" HPOS="758"/>
							<String ID="string_114" HPOS="773" VPOS="635" WIDTH="109" HEIGHT="24" WC="0.92" CONTENT="entrepre-"/>
						</TextLine>
						<TextLine ID="line_15" HPOS="131" VPOS="665" WIDTH="750" HEIGHT="28">
							<String ID="string_115" HPOS="131" VPOS="667" WIDTH="66" HEIGHT="20" WC="0.96" CONTENT="nader"/><SP WIDTH="23" VPOS="667" HPOS="197"/>
							<String ID="string_116" HPOS="220" VPOS="667" WIDTH="89" HEIGHT="22" WC="0.96" CONTENT="inrättas"/><SP WIDTH="22" VPOS="667" HPOS="309"/>
							<String ID="string_117" HPOS="331" VPOS="666" WIDTH="24" HEIGHT="20" WC="0.96" CONTENT="är"/><SP WIDTH="19" VPOS="666" HPOS="355"/>
							<String ID="string_118" HPOS="374" VPOS="665" WIDTH="122" HEIGHT="28" WC="0.95" CONTENT="betänkligt"/><SP WIDTH="18" VPOS="665" HPOS="496"/>
							<String ID="string_119" HPOS="514" VPOS="665" WIDTH="63" HEIGHT="22" WC="0.93" CONTENT="äfven"/><SP WIDTH="15" VPOS="665" HPOS="577"/>
							<String ID="string_120" HPOS="592" VPOS="665" WIDTH="85" HEIGHT="22" WC="0.92" CONTENT="derföre"/><SP WIDTH="16" VPOS="665" HPOS="677"/>
							<String ID="string_121" HPOS="693" VPOS="669" WIDTH="39" HEIGHT="23" WC="0.96" CONTENT="att,"/><SP WIDTH="13" VPOS="669" HPOS="732"/>
							<String ID="string_122" HPOS="745" VPOS="665" WIDTH="72" HEIGHT="23" WC="0.95" CONTENT="såsom"/><SP WIDTH="16" VPOS="665" HPOS="817"/>
							<String ID="string_123" HPOS="833" VPOS="665" WIDTH="48" HEIGHT="21" WC="0.95" CONTENT="herr"/>
						</TextLine>
						<TextLine ID="line_16" HPOS="132" VPOS="699" WIDTH="749" HEIGHT="31">
							<String ID="string_124" HPOS="132" VPOS="700" WIDTH="116" HEIGHT="27" WC="0.96" CONTENT="Grönberg"/><SP WIDTH="15" VPOS="700" HPOS="248"/>
							<String ID="string_125" HPOS="263" VPOS="699" WIDTH="104" HEIGHT="27" WC="0.95" CONTENT="anmärkt,"/><SP WIDTH="19" VPOS="699" HPOS="367"/>
							<String ID="string_126" HPOS="386" VPOS="699" WIDTH="58" HEIGHT="21" WC="0.96" CONTENT="detta"/><SP WIDTH="17" VPOS="699" HPOS="444"/>
							<String ID="string_127" HPOS="461" VPOS="700" WIDTH="84" HEIGHT="20" WC="0.96" CONTENT="komme"/><SP WIDTH="16" VPOS="700" HPOS="545"/>
							<String ID="string_128" HPOS="561" VPOS="702" WIDTH="31" HEIGHT="19" WC="0.96" CONTENT="att"/><SP WIDTH="15" VPOS="702" HPOS="592"/>
							<String ID="string_129" HPOS="607" VPOS="699" WIDTH="107" HEIGHT="31" WC="0.89" CONTENT="betydligt"/><SP WIDTH="15" VPOS="699" HPOS="714"/>
							<String ID="string_130" HPOS="729" VPOS="700" WIDTH="42" HEIGHT="21" WC="0.96" CONTENT="öka"/><SP WIDTH="16" VPOS="700" HPOS="771"/>
							<String ID="string_131" HPOS="787" VPOS="700" WIDTH="94" HEIGHT="21" WC="0.96" CONTENT="kronans"/>
						</TextLine>
						<TextLine ID="line_17" HPOS="131" VPOS="734" WIDTH="749" HEIGHT="29">
							<String ID="string_132" HPOS="131" VPOS="735" WIDTH="66" HEIGHT="28" WC="0.95" CONTENT="utgift"/><SP WIDTH="14" VPOS="735" HPOS="197"/>
							<String ID="string_133" HPOS="211" VPOS="735" WIDTH="7" HEIGHT="22" WC="0.93" CONTENT="i"/><SP WIDTH="15" VPOS="735" HPOS="218"/>
							<String ID="string_134" HPOS="233" VPOS="735" WIDTH="121" HEIGHT="27" WC="0.92" CONTENT="skjutslega"/><SP WIDTH="15" VPOS="735" HPOS="354"/>
							<String ID="string_135" HPOS="369" VPOS="734" WIDTH="33" HEIGHT="21" WC="0.93" CONTENT="till"/><SP WIDTH="17" VPOS="734" HPOS="402"/>
							<String ID="string_136" HPOS="419" VPOS="734" WIDTH="132" HEIGHT="22" WC="0.92" CONTENT="embetsmän"/><SP WIDTH="17" VPOS="734" HPOS="551"/>
							<String ID="string_137" HPOS="568" VPOS="735" WIDTH="32" HEIGHT="20" WC="0.96" CONTENT="för"/><SP WIDTH="16" VPOS="735" HPOS="600"/>
							<String ID="string_138" HPOS="616" VPOS="734" WIDTH="62" HEIGHT="23" WC="0.96" CONTENT="deras"/><SP WIDTH="15" VPOS="734" HPOS="678"/>
							<String ID="string_139" HPOS="693" VPOS="742" WIDTH="59" HEIGHT="14" WC="0.93" CONTENT="resor"/><SP WIDTH="11" VPOS="742" HPOS="752"/>
							<String ID="string_140" HPOS="763" VPOS="734" WIDTH="7" HEIGHT="21" WC="0.93" CONTENT="i"/><SP WIDTH="12" VPOS="734" HPOS="770"/>
							<String ID="string_141" HPOS="782" VPOS="735" WIDTH="98" HEIGHT="27" WC="0.92" CONTENT="tjensten."/>
						</TextLine>
						<TextLine ID="line_18" HPOS="131" VPOS="768" WIDTH="749" HEIGHT="29">
							<String ID="string_142" HPOS="131" VPOS="769" WIDTH="53" HEIGHT="22" WC="0.96" CONTENT="Men"/><SP WIDTH="19" VPOS="769" HPOS="184"/>
							<String ID="string_143" HPOS="203" VPOS="770" WIDTH="6" HEIGHT="20" WC="0.95" CONTENT="i"/><SP WIDTH="20" VPOS="770" HPOS="209"/>
							<String ID="string_144" HPOS="229" VPOS="769" WIDTH="26" HEIGHT="21" WC="0.95" CONTENT="de"/><SP WIDTH="19" VPOS="769" HPOS="255"/>
							<String ID="string_145" HPOS="274" VPOS="769" WIDTH="44" HEIGHT="20" WC="0.96" CONTENT="inre"/><SP WIDTH="16" VPOS="769" HPOS="318"/>
							<String ID="string_146" HPOS="334" VPOS="768" WIDTH="41" HEIGHT="21" WC="0.95" CONTENT="och"/><SP WIDTH="17" VPOS="768" HPOS="375"/>
							<String ID="string_147" HPOS="392" VPOS="768" WIDTH="100" HEIGHT="28" WC="0.93" CONTENT="nordliga"/><SP WIDTH="15" VPOS="768" HPOS="492"/>
							<String ID="string_148" HPOS="507" VPOS="768" WIDTH="87" HEIGHT="22" WC="0.92" CONTENT="delarne"/><SP WIDTH="16" VPOS="768" HPOS="594"/>
							<String ID="string_149" HPOS="610" VPOS="769" WIDTH="23" HEIGHT="22" WC="0.95" CONTENT="af"/><SP WIDTH="14" VPOS="769" HPOS="633"/>
							<String ID="string_150" HPOS="647" VPOS="769" WIDTH="72" HEIGHT="20" WC="0.95" CONTENT="landet"/><SP WIDTH="14" VPOS="769" HPOS="719"/>
							<String ID="string_151" HPOS="733" VPOS="776" WIDTH="65" HEIGHT="21" WC="0.96" CONTENT="synes"/><SP WIDTH="15" VPOS="776" HPOS="798"/>
							<String ID="string_152" HPOS="813" VPOS="768" WIDTH="67" HEIGHT="21" WC="0.95" CONTENT="sådan"/>
						</TextLine>
						<TextLine ID="line_19" HPOS="132" VPOS="802" WIDTH="749" HEIGHT="29">
							<String ID="string_153" HPOS="132" VPOS="803" WIDTH="124" HEIGHT="28" WC="0.96" CONTENT="förhöjning"/><SP WIDTH="18" VPOS="803" HPOS="256"/>
							<String ID="string_154" HPOS="274" VPOS="803" WIDTH="18" HEIGHT="28" WC="0.96" CONTENT="ej"/><SP WIDTH="19" VPOS="803" HPOS="292"/>
							<String ID="string_155" HPOS="311" VPOS="802" WIDTH="67" HEIGHT="24" WC="0.96" CONTENT="heller"/><SP WIDTH="16" VPOS="802" HPOS="378"/>
							<String ID="string_156" HPOS="394" VPOS="810" WIDTH="51" HEIGHT="14" WC="0.96" CONTENT="vara"/><SP WIDTH="15" VPOS="810" HPOS="445"/>
							<String ID="string_157" HPOS="460" VPOS="803" WIDTH="24" HEIGHT="20" WC="0.96" CONTENT="af"/><SP WIDTH="13" VPOS="803" HPOS="484"/>
							<String ID="string_158" HPOS="497" VPOS="802" WIDTH="78" HEIGHT="26" WC="0.88" CONTENT="nöden,"/><SP WIDTH="15" VPOS="802" HPOS="575"/>
							<String ID="string_159" HPOS="590" VPOS="803" WIDTH="89" HEIGHT="21" WC="0.96" CONTENT="emedan"/><SP WIDTH="16" VPOS="803" HPOS="679"/>
							<String ID="string_160" HPOS="695" VPOS="803" WIDTH="27" HEIGHT="21" WC="0.92" CONTENT="de"/><SP WIDTH="15" VPOS="803" HPOS="722"/>
							<String ID="string_161" HPOS="737" VPOS="803" WIDTH="144" HEIGHT="28" WC="0.92" CONTENT="skjutsnings-"/>
						</TextLine>
						<TextLine ID="line_20" HPOS="131" VPOS="836" WIDTH="752" HEIGHT="30">
							<String ID="string_162" HPOS="131" VPOS="838" WIDTH="101" HEIGHT="28" WC="0.96" CONTENT="skyldige"/><SP WIDTH="12" VPOS="838" HPOS="232"/>
							<String ID="string_163" HPOS="244" VPOS="837" WIDTH="6" HEIGHT="20" WC="0.96" CONTENT="i"/><SP WIDTH="12" VPOS="837" HPOS="250"/>
							<String ID="string_164" HPOS="262" VPOS="837" WIDTH="62" HEIGHT="21" WC="0.96" CONTENT="dessa"/><SP WIDTH="12" VPOS="837" HPOS="324"/>
							<String ID="string_165" HPOS="336" VPOS="837" WIDTH="88" HEIGHT="26" WC="0.93" CONTENT="trakter,"/><SP WIDTH="12" VPOS="837" HPOS="424"/>
							<String ID="string_166" HPOS="436" VPOS="836" WIDTH="72" HEIGHT="21" WC="0.91" CONTENT="såvidt"/><SP WIDTH="11" VPOS="836" HPOS="508"/>
							<String ID="string_167" HPOS="519" VPOS="837" WIDTH="39" HEIGHT="28" WC="0.96" CONTENT="jag"/><SP WIDTH="16" VPOS="837" HPOS="558"/>
							<String ID="string_168" HPOS="574" VPOS="837" WIDTH="38" HEIGHT="20" WC="0.96" CONTENT="bar"/><SP WIDTH="15" VPOS="837" HPOS="612"/>
							<String ID="string_169" HPOS="627" VPOS="837" WIDTH="44" HEIGHT="28" WC="0.96" CONTENT="mig"/><SP WIDTH="16" VPOS="837" HPOS="671"/>
							<String ID="string_170" HPOS="687" VPOS="837" WIDTH="85" HEIGHT="26" WC="0.96" CONTENT="bekant,"/><SP WIDTH="13" VPOS="837" HPOS="772"/>
							<String ID="string_171" HPOS="785" VPOS="837" WIDTH="36" HEIGHT="20" WC="0.96" CONTENT="äro"/><SP WIDTH="13" VPOS="837" HPOS="821"/>
							<String ID="string_172" HPOS="834" VPOS="837" WIDTH="49" HEIGHT="20" WC="0.96" CONTENT="fullt"/>
						</TextLine>
						<TextLine ID="line_21" HPOS="133" VPOS="871" WIDTH="749" HEIGHT="28">
							<String ID="string_173" HPOS="133" VPOS="872" WIDTH="84" HEIGHT="21" WC="0.92" CONTENT="belåtne"/><SP WIDTH="19" VPOS="872" HPOS="217"/>
							<String ID="string_174" HPOS="236" VPOS="871" WIDTH="48" HEIGHT="21" WC="0.96" CONTENT="med"/><SP WIDTH="19" VPOS="871" HPOS="284"/>
							<String ID="string_175" HPOS="303" VPOS="871" WIDTH="123" HEIGHT="22" WC="0.90" CONTENT="nuvarande"/><SP WIDTH="16" VPOS="871" HPOS="426"/>
							<String ID="string_176" HPOS="442" VPOS="871" WIDTH="126" HEIGHT="28" WC="0.91" CONTENT="skjutslega,"/><SP WIDTH="16" VPOS="871" HPOS="568"/>
							<String ID="string_177" HPOS="584" VPOS="879" WIDTH="26" HEIGHT="13" WC="0.96" CONTENT="en"/><SP WIDTH="16" VPOS="879" HPOS="610"/>
							<String ID="string_178" HPOS="626" VPOS="871" WIDTH="59" HEIGHT="21" WC="0.96" CONTENT="mark"/><SP WIDTH="16" VPOS="871" HPOS="685"/>
							<String ID="string_179" HPOS="701" VPOS="872" WIDTH="34" HEIGHT="21" WC="0.96" CONTENT="för"/><SP WIDTH="15" VPOS="872" HPOS="735"/>
							<String ID="string_180" HPOS="750" VPOS="871" WIDTH="64" HEIGHT="21" WC="0.96" CONTENT="milen"/><SP WIDTH="17" VPOS="871" HPOS="814"/>
							<String ID="string_181" HPOS="831" VPOS="871" WIDTH="51" HEIGHT="20" WC="0.96" CONTENT="eller"/>
						</TextLine>
						<TextLine ID="line_22" HPOS="131" VPOS="905" WIDTH="751" HEIGHT="29">
							<String ID="string_182" HPOS="131" VPOS="906" WIDTH="32" HEIGHT="21" WC="0.92" CONTENT="tio"/><SP WIDTH="23" VPOS="906" HPOS="163"/>
							<String ID="string_183" HPOS="186" VPOS="906" WIDTH="63" HEIGHT="28" WC="0.92" CONTENT="penni"/><SP WIDTH="19" VPOS="906" HPOS="249"/>
							<String ID="string_184" HPOS="268" VPOS="906" WIDTH="33" HEIGHT="21" WC="0.92" CONTENT="för"/><SP WIDTH="20" VPOS="906" HPOS="301"/>
							<String ID="string_185" HPOS="321" VPOS="909" WIDTH="92" HEIGHT="23" WC="0.92" CONTENT="versten,"/><SP WIDTH="19" VPOS="909" HPOS="413"/>
							<String ID="string_186" HPOS="432" VPOS="905" WIDTH="112" HEIGHT="22" WC="0.96" CONTENT="hvaremot"/><SP WIDTH="16" VPOS="905" HPOS="544"/>
							<String ID="string_187" HPOS="560" VPOS="906" WIDTH="107" HEIGHT="27" WC="0.95" CONTENT="allmogen"/><SP WIDTH="16" VPOS="906" HPOS="667"/>
							<String ID="string_188" HPOS="683" VPOS="905" WIDTH="41" HEIGHT="21" WC="0.93" CONTENT="och"/><SP WIDTH="16" VPOS="905" HPOS="724"/>
							<String ID="string_189" HPOS="740" VPOS="905" WIDTH="69" HEIGHT="28" WC="0.92" CONTENT="öfrige"/><SP WIDTH="13" VPOS="905" HPOS="809"/>
							<String ID="string_190" HPOS="822" VPOS="905" WIDTH="60" HEIGHT="28" WC="0.92" CONTENT="jord-"/>
						</TextLine>
						<TextLine ID="line_23" HPOS="132" VPOS="938" WIDTH="750" HEIGHT="30">
							<String ID="string_191" HPOS="132" VPOS="947" WIDTH="63" HEIGHT="21" WC="0.92" CONTENT="egare"/><SP WIDTH="23" VPOS="947" HPOS="195"/>
							<String ID="string_192" HPOS="218" VPOS="939" WIDTH="7" HEIGHT="21" WC="0.96" CONTENT="i"/><SP WIDTH="23" VPOS="939" HPOS="225"/>
							<String ID="string_193" HPOS="248" VPOS="939" WIDTH="64" HEIGHT="24" WC="0.96" CONTENT="södra"/><SP WIDTH="22" VPOS="939" HPOS="312"/>
							<String ID="string_194" HPOS="334" VPOS="939" WIDTH="63" HEIGHT="22" WC="0.96" CONTENT="delen"/><SP WIDTH="19" VPOS="939" HPOS="397"/>
							<String ID="string_195" HPOS="416" VPOS="941" WIDTH="21" HEIGHT="19" WC="0.96" CONTENT="at"/><SP WIDTH="20" VPOS="941" HPOS="437"/>
							<String ID="string_196" HPOS="457" VPOS="939" WIDTH="79" HEIGHT="27" WC="0.95" CONTENT="landet,"/><SP WIDTH="18" VPOS="939" HPOS="536"/>
							<String ID="string_197" HPOS="554" VPOS="939" WIDTH="68" HEIGHT="29" WC="0.96" CONTENT="enligt"/><SP WIDTH="15" VPOS="939" HPOS="622"/>
							<String ID="string_198" HPOS="637" VPOS="939" WIDTH="56" HEIGHT="22" WC="0.96" CONTENT="hvad"/><SP WIDTH="16" VPOS="939" HPOS="693"/>
							<String ID="string_199" HPOS="709" VPOS="940" WIDTH="46" HEIGHT="27" WC="0.90" CONTENT="från"/><SP WIDTH="16" VPOS="940" HPOS="755"/>
							<String ID="string_200" HPOS="771" VPOS="938" WIDTH="52" HEIGHT="22" WC="0.96" CONTENT="flere"/><SP WIDTH="15" VPOS="938" HPOS="823"/>
							<String ID="string_201" HPOS="838" VPOS="939" WIDTH="44" HEIGHT="21" WC="0.87" CONTENT="håll"/>
						</TextLine>
						<TextLine ID="line_24" HPOS="132" VPOS="973" WIDTH="749" HEIGHT="29">
							<String ID="string_202" HPOS="132" VPOS="975" WIDTH="115" HEIGHT="26" WC="0.92" CONTENT="försports,"/><SP WIDTH="22" VPOS="975" HPOS="247"/>
							<String ID="string_203" HPOS="269" VPOS="973" WIDTH="7" HEIGHT="21" WC="0.96" CONTENT="i"/><SP WIDTH="23" VPOS="973" HPOS="276"/>
							<String ID="string_204" HPOS="299" VPOS="974" WIDTH="44" HEIGHT="28" WC="0.96" CONTENT="bög"/><SP WIDTH="21" VPOS="974" HPOS="343"/>
							<String ID="string_205" HPOS="364" VPOS="973" WIDTH="53" HEIGHT="28" WC="0.96" CONTENT="grad"/><SP WIDTH="25" VPOS="973" HPOS="417"/>
							<String ID="string_206" HPOS="442" VPOS="973" WIDTH="66" HEIGHT="28" WC="0.96" CONTENT="klaga"/><SP WIDTH="18" VPOS="973" HPOS="508"/>
							<String ID="string_207" HPOS="526" VPOS="977" WIDTH="31" HEIGHT="17" WC="0.96" CONTENT="att"/><SP WIDTH="19" VPOS="977" HPOS="557"/>
							<String ID="string_208" HPOS="576" VPOS="973" WIDTH="26" HEIGHT="22" WC="0.96" CONTENT="de"/><SP WIDTH="20" VPOS="973" HPOS="602"/>
							<String ID="string_209" HPOS="622" VPOS="975" WIDTH="37" HEIGHT="20" WC="0.96" CONTENT="äro"/><SP WIDTH="19" VPOS="975" HPOS="659"/>
							<String ID="string_210" HPOS="678" VPOS="974" WIDTH="59" HEIGHT="21" WC="0.93" CONTENT="svårt"/><SP WIDTH="22" VPOS="974" HPOS="737"/>
							<String ID="string_211" HPOS="759" VPOS="973" WIDTH="122" HEIGHT="28" WC="0.89" CONTENT="betungade"/>
						</TextLine>
						<TextLine ID="line_25" HPOS="130" VPOS="1007" WIDTH="752" HEIGHT="30">
							<String ID="string_212" HPOS="130" VPOS="1016" WIDTH="78" HEIGHT="21" WC="0.93" CONTENT="genom"/><SP WIDTH="17" VPOS="1016" HPOS="208"/>
							<String ID="string_213" HPOS="225" VPOS="1007" WIDTH="287" HEIGHT="28" WC="0.92" CONTENT="skjutsningsskyldigheten"/><SP WIDTH="16" VPOS="1007" HPOS="512"/>
							<String ID="string_214" HPOS="528" VPOS="1011" WIDTH="56" HEIGHT="17" WC="0.96" CONTENT="samt"/><SP WIDTH="15" VPOS="1011" HPOS="584"/>
							<String ID="string_215" HPOS="599" VPOS="1011" WIDTH="31" HEIGHT="18" WC="0.96" CONTENT="att"/><SP WIDTH="15" VPOS="1011" HPOS="630"/>
							<String ID="string_216" HPOS="645" VPOS="1007" WIDTH="40" HEIGHT="22" WC="0.96" CONTENT="den"/><SP WIDTH="17" VPOS="1007" HPOS="685"/>
							<String ID="string_217" HPOS="702" VPOS="1007" WIDTH="128" HEIGHT="28" WC="0.93" CONTENT="ersättning,"/><SP WIDTH="15" VPOS="1007" HPOS="830"/>
							<String ID="string_218" HPOS="845" VPOS="1015" WIDTH="37" HEIGHT="14" WC="0.92" CONTENT="nu-"/>
						</TextLine>
						<TextLine ID="line_26" HPOS="130" VPOS="1041" WIDTH="752" HEIGHT="30">
							<String ID="string_219" HPOS="130" VPOS="1042" WIDTH="95" HEIGHT="22" WC="0.93" CONTENT="varande"/><SP WIDTH="15" VPOS="1042" HPOS="225"/>
							<String ID="string_220" HPOS="240" VPOS="1042" WIDTH="117" HEIGHT="28" WC="0.92" CONTENT="skjutslega"/><SP WIDTH="15" VPOS="1042" HPOS="357"/>
							<String ID="string_221" HPOS="372" VPOS="1042" WIDTH="82" HEIGHT="22" WC="0.92" CONTENT="lemnar"/><SP WIDTH="14" VPOS="1042" HPOS="454"/>
							<String ID="string_222" HPOS="468" VPOS="1041" WIDTH="57" HEIGHT="27" WC="0.96" CONTENT="dem,"/><SP WIDTH="17" VPOS="1041" HPOS="525"/>
							<String ID="string_223" HPOS="542" VPOS="1043" WIDTH="22" HEIGHT="20" WC="0.96" CONTENT="är"/><SP WIDTH="16" VPOS="1043" HPOS="564"/>
							<String ID="string_224" HPOS="580" VPOS="1042" WIDTH="74" HEIGHT="21" WC="0.96" CONTENT="alltför"/><SP WIDTH="15" VPOS="1042" HPOS="654"/>
							<String ID="string_225" HPOS="669" VPOS="1043" WIDTH="68" HEIGHT="28" WC="0.95" CONTENT="ringa."/><SP WIDTH="22" VPOS="1043" HPOS="737"/>
							<String ID="string_226" HPOS="759" VPOS="1041" WIDTH="44" HEIGHT="29" WC="0.96" CONTENT="Jag"/><SP WIDTH="10" VPOS="1041" HPOS="803"/>
							<String ID="string_227" HPOS="813" VPOS="1042" WIDTH="69" HEIGHT="21" WC="0.96" CONTENT="finner"/>
						</TextLine>
						<TextLine ID="line_27" HPOS="130" VPOS="1076" WIDTH="753" HEIGHT="29">
							<String ID="string_228" HPOS="130" VPOS="1077" WIDTH="45" HEIGHT="26" WC="0.91" CONTENT="mig"/><SP WIDTH="22" VPOS="1077" HPOS="175"/>
							<String ID="string_229" HPOS="197" VPOS="1076" WIDTH="86" HEIGHT="21" WC="0.91" CONTENT="derföre"/><SP WIDTH="22" VPOS="1076" HPOS="283"/>
							<String ID="string_230" HPOS="305" VPOS="1076" WIDTH="47" HEIGHT="23" WC="0.93" CONTENT="icke"/><SP WIDTH="23" VPOS="1076" HPOS="352"/>
							<String ID="string_231" HPOS="375" VPOS="1083" WIDTH="41" HEIGHT="21" WC="0.92" CONTENT="ega"/><SP WIDTH="19" VPOS="1083" HPOS="416"/>
							<String ID="string_232" HPOS="435" VPOS="1076" WIDTH="47" HEIGHT="21" WC="0.96" CONTENT="skäl"/><SP WIDTH="21" VPOS="1076" HPOS="482"/>
							<String ID="string_233" HPOS="503" VPOS="1080" WIDTH="31" HEIGHT="17" WC="0.96" CONTENT="att"/><SP WIDTH="18" VPOS="1080" HPOS="534"/>
							<String ID="string_234" HPOS="552" VPOS="1077" WIDTH="105" HEIGHT="20" WC="0.96" CONTENT="återkalla"/><SP WIDTH="19" VPOS="1077" HPOS="657"/>
							<String ID="string_235" HPOS="676" VPOS="1076" WIDTH="56" HEIGHT="21" WC="0.96" CONTENT="hvad"/><SP WIDTH="17" VPOS="1076" HPOS="732"/>
							<String ID="string_236" HPOS="749" VPOS="1077" WIDTH="38" HEIGHT="28" WC="0.96" CONTENT="jag"/><SP WIDTH="16" VPOS="1077" HPOS="787"/>
							<String ID="string_237" HPOS="803" VPOS="1076" WIDTH="80" HEIGHT="22" WC="0.96" CONTENT="förut"/><SP WIDTH="-11" VPOS="1076" HPOS="883"/>
							<String ID="string_238" HPOS="872" VPOS="1072" WIDTH="15" HEIGHT="37" WC="0.96" CONTENT="i"/>
						</TextLine>
						<TextLine ID="line_28" HPOS="131" VPOS="1110" WIDTH="754" HEIGHT="29">
							<String ID="string_239" HPOS="131" VPOS="1112" WIDTH="72" HEIGHT="20" WC="0.96" CONTENT="ämnet"/><SP WIDTH="18" VPOS="1112" HPOS="203"/>
							<String ID="string_240" HPOS="221" VPOS="1113" WIDTH="73" HEIGHT="26" WC="0.95" CONTENT="yttrat,"/><SP WIDTH="19" VPOS="1113" HPOS="294"/>
							<String ID="string_241" HPOS="313" VPOS="1113" WIDTH="50" HEIGHT="19" WC="0.93" CONTENT="utan"/><SP WIDTH="16" VPOS="1113" HPOS="363"/>
							<String ID="string_242" HPOS="379" VPOS="1110" WIDTH="80" HEIGHT="21" WC="0.92" CONTENT="vidblir"/><SP WIDTH="16" VPOS="1110" HPOS="459"/>
							<String ID="string_243" HPOS="475" VPOS="1110" WIDTH="133" HEIGHT="21" WC="0.96" CONTENT="fortfarande"/><SP WIDTH="15" VPOS="1110" HPOS="608"/>
							<String ID="string_244" HPOS="623" VPOS="1111" WIDTH="43" HEIGHT="20" WC="0.93" CONTENT="min"/><SP WIDTH="16" VPOS="1111" HPOS="666"/>
							<String ID="string_245" HPOS="682" VPOS="1111" WIDTH="131" HEIGHT="22" WC="0.89" CONTENT="härutinnan"/><SP WIDTH="14" VPOS="1111" HPOS="813"/>
							<String ID="string_246" HPOS="827" VPOS="1113" WIDTH="58" HEIGHT="18" WC="0.84" CONTENT="utta-"/>
						</TextLine>
						<TextLine ID="line_29" HPOS="130" VPOS="1146" WIDTH="127" HEIGHT="27">
							<String ID="string_247" HPOS="130" VPOS="1146" WIDTH="49" HEIGHT="22" WC="0.93" CONTENT="lade"/><SP WIDTH="15" VPOS="1146" HPOS="179"/>
							<String ID="string_248" HPOS="194" VPOS="1146" WIDTH="63" HEIGHT="27" WC="0.91" CONTENT="åsigt."/>
						</TextLine>
					</TextBlock>
					<TextBlock ID="block_2" HPOS="130" VPOS="1183" WIDTH="755" HEIGHT="269">
						<TextLine ID="line_30" HPOS="200" VPOS="1183" WIDTH="685" HEIGHT="29">
							<String ID="string_249" HPOS="200" VPOS="1184" WIDTH="57" HEIGHT="23" WC="0.96" CONTENT="Herr"/><SP WIDTH="14" VPOS="1184" HPOS="257"/>
							<String ID="string_250" HPOS="271" VPOS="1184" WIDTH="169" HEIGHT="28" WC="0.96" CONTENT="Tengström:"/><SP WIDTH="34" VPOS="1184" HPOS="440"/>
							<String ID="string_251" HPOS="474" VPOS="1184" WIDTH="76" HEIGHT="22" WC="0.39" CONTENT="Såsom"/><SP WIDTH="20" VPOS="1184" HPOS="550"/>
							<String ID="string_252" HPOS="570" VPOS="1184" WIDTH="48" HEIGHT="22" WC="0.95" CONTENT="herr"/><SP WIDTH="16" VPOS="1184" HPOS="618"/>
							<String ID="string_253" HPOS="634" VPOS="1184" WIDTH="116" HEIGHT="28" WC="0.94" CONTENT="Grönberg"/><SP WIDTH="15" VPOS="1184" HPOS="750"/>
							<String ID="string_254" HPOS="765" VPOS="1183" WIDTH="67" HEIGHT="22" WC="0.93" CONTENT="redan"/><SP WIDTH="14" VPOS="1183" HPOS="832"/>
							<String ID="string_255" HPOS="846" VPOS="1191" WIDTH="39" HEIGHT="13" WC="0.91" CONTENT="an-"/>
						</TextLine>
						<TextLine ID="line_31" HPOS="130" VPOS="1218" WIDTH="754" HEIGHT="30">
							<String ID="string_256" HPOS="130" VPOS="1219" WIDTH="57" HEIGHT="29" WC="0.92" CONTENT="tydt,"/><SP WIDTH="22" VPOS="1219" HPOS="187"/>
							<String ID="string_257" HPOS="209" VPOS="1220" WIDTH="39" HEIGHT="20" WC="0.96" CONTENT="bör"/><SP WIDTH="18" VPOS="1220" HPOS="248"/>
							<String ID="string_258" HPOS="266" VPOS="1226" WIDTH="24" HEIGHT="13" WC="0.93" CONTENT="ur"/><SP WIDTH="18" VPOS="1226" HPOS="290"/>
							<String ID="string_259" HPOS="308" VPOS="1219" WIDTH="103" HEIGHT="21" WC="0.92" CONTENT="moralisk"/><SP WIDTH="19" VPOS="1219" HPOS="411"/>
							<String ID="string_260" HPOS="430" VPOS="1219" WIDTH="112" HEIGHT="27" WC="0.92" CONTENT="synpunkt"/><SP WIDTH="16" VPOS="1219" HPOS="542"/>
							<String ID="string_261" HPOS="558" VPOS="1219" WIDTH="123" HEIGHT="21" WC="0.88" CONTENT="framhällas"/><SP WIDTH="16" VPOS="1219" HPOS="681"/>
							<String ID="string_262" HPOS="697" VPOS="1218" WIDTH="187" HEIGHT="28" WC="0.89" CONTENT="angelägenheten"/>
						</TextLine>
						<TextLine ID="line_32" HPOS="130" VPOS="1251" WIDTH="753" HEIGHT="30">
							<String ID="string_263" HPOS="130" VPOS="1254" WIDTH="64" HEIGHT="20" WC="0.96" CONTENT="deraf"/><SP WIDTH="17" VPOS="1254" HPOS="194"/>
							<String ID="string_264" HPOS="211" VPOS="1257" WIDTH="30" HEIGHT="18" WC="0.96" CONTENT="att"/><SP WIDTH="18" VPOS="1257" HPOS="241"/>
							<String ID="string_265" HPOS="259" VPOS="1253" WIDTH="53" HEIGHT="23" WC="0.93" CONTENT="söka"/><SP WIDTH="19" VPOS="1253" HPOS="312"/>
							<String ID="string_266" HPOS="331" VPOS="1253" WIDTH="120" HEIGHT="28" WC="0.95" CONTENT="förebygga"/><SP WIDTH="15" VPOS="1253" HPOS="451"/>
							<String ID="string_267" HPOS="466" VPOS="1253" WIDTH="38" HEIGHT="21" WC="0.93" CONTENT="det"/><SP WIDTH="14" VPOS="1253" HPOS="504"/>
							<String ID="string_268" HPOS="518" VPOS="1252" WIDTH="162" HEIGHT="28" WC="0.91" CONTENT="depraverande"/><SP WIDTH="15" VPOS="1252" HPOS="680"/>
							<String ID="string_269" HPOS="695" VPOS="1251" WIDTH="120" HEIGHT="29" WC="0.93" CONTENT="inflytande"/><SP WIDTH="15" VPOS="1251" HPOS="815"/>
							<String ID="string_270" HPOS="830" VPOS="1251" WIDTH="53" HEIGHT="21" WC="0.92" CONTENT="häll-"/>
						</TextLine>
						<TextLine ID="line_33" HPOS="130" VPOS="1285" WIDTH="753" HEIGHT="31">
							<String ID="string_271" HPOS="130" VPOS="1288" WIDTH="151" HEIGHT="28" WC="0.92" CONTENT="skjutsningen"/><SP WIDTH="23" VPOS="1288" HPOS="281"/>
							<String ID="string_272" HPOS="304" VPOS="1288" WIDTH="92" HEIGHT="25" WC="0.92" CONTENT="utöfvar,"/><SP WIDTH="24" VPOS="1288" HPOS="396"/>
							<String ID="string_273" HPOS="420" VPOS="1287" WIDTH="83" HEIGHT="21" WC="0.96" CONTENT="hvilket"/><SP WIDTH="17" VPOS="1287" HPOS="503"/>
							<String ID="string_274" HPOS="520" VPOS="1286" WIDTH="119" HEIGHT="29" WC="0.96" CONTENT="inflytande"/><SP WIDTH="19" VPOS="1286" HPOS="639"/>
							<String ID="string_275" HPOS="658" VPOS="1288" WIDTH="23" HEIGHT="20" WC="0.93" CONTENT="är"/><SP WIDTH="15" VPOS="1288" HPOS="681"/>
							<String ID="string_276" HPOS="696" VPOS="1287" WIDTH="63" HEIGHT="21" WC="0.91" CONTENT="desto"/><SP WIDTH="16" VPOS="1287" HPOS="759"/>
							<String ID="string_277" HPOS="775" VPOS="1285" WIDTH="108" HEIGHT="22" WC="0.92" CONTENT="förderfli-"/>
						</TextLine>
						<TextLine ID="line_34" HPOS="130" VPOS="1320" WIDTH="752" HEIGHT="30">
							<String ID="string_278" HPOS="130" VPOS="1330" WIDTH="59" HEIGHT="20" WC="0.96" CONTENT="gare,"/><SP WIDTH="19" VPOS="1330" HPOS="189"/>
							<String ID="string_279" HPOS="208" VPOS="1322" WIDTH="27" HEIGHT="21" WC="0.96" CONTENT="dä"/><SP WIDTH="18" VPOS="1322" HPOS="235"/>
							<String ID="string_280" HPOS="253" VPOS="1322" WIDTH="37" HEIGHT="20" WC="0.93" CONTENT="det"/><SP WIDTH="18" VPOS="1322" HPOS="290"/>
							<String ID="string_281" HPOS="308" VPOS="1322" WIDTH="98" HEIGHT="22" WC="0.96" CONTENT="sträcker"/><SP WIDTH="19" VPOS="1322" HPOS="406"/>
							<String ID="string_282" HPOS="425" VPOS="1322" WIDTH="33" HEIGHT="27" WC="0.97" CONTENT="sig"/><SP WIDTH="16" VPOS="1322" HPOS="458"/>
							<String ID="string_283" HPOS="474" VPOS="1322" WIDTH="64" HEIGHT="28" WC="0.96" CONTENT="kring"/><SP WIDTH="16" VPOS="1322" HPOS="538"/>
							<String ID="string_284" HPOS="554" VPOS="1322" WIDTH="48" HEIGHT="20" WC="0.93" CONTENT="hela"/><SP WIDTH="15" VPOS="1322" HPOS="602"/>
							<String ID="string_285" HPOS="617" VPOS="1322" WIDTH="94" HEIGHT="21" WC="0.96" CONTENT="socknen"/><SP WIDTH="17" VPOS="1322" HPOS="711"/>
							<String ID="string_286" HPOS="728" VPOS="1320" WIDTH="39" HEIGHT="21" WC="0.93" CONTENT="och"/><SP WIDTH="17" VPOS="1320" HPOS="767"/>
							<String ID="string_287" HPOS="784" VPOS="1320" WIDTH="48" HEIGHT="21" WC="0.92" CONTENT="icke"/><SP WIDTH="15" VPOS="1320" HPOS="832"/>
							<String ID="string_288" HPOS="847" VPOS="1328" WIDTH="35" HEIGHT="14" WC="0.63" CONTENT="cn-"/>
						</TextLine>
						<TextLine ID="line_35" HPOS="130" VPOS="1355" WIDTH="753" HEIGHT="29">
							<String ID="string_289" HPOS="130" VPOS="1357" WIDTH="56" HEIGHT="21" WC="0.90" CONTENT="dast&#39;"/><SP WIDTH="15" VPOS="1357" HPOS="186"/>
							<String ID="string_290" HPOS="201" VPOS="1356" WIDTH="32" HEIGHT="21" WC="0.93" CONTENT="till"/><SP WIDTH="23" VPOS="1356" HPOS="233"/>
							<String ID="string_291" HPOS="256" VPOS="1356" WIDTH="67" HEIGHT="27" WC="0.95" CONTENT="några"/><SP WIDTH="19" VPOS="1356" HPOS="323"/>
							<String ID="string_292" HPOS="342" VPOS="1356" WIDTH="21" HEIGHT="20" WC="0.93" CONTENT="få"/><SP WIDTH="19" VPOS="1356" HPOS="363"/>
							<String ID="string_293" HPOS="382" VPOS="1356" WIDTH="171" HEIGHT="27" WC="0.76" CONTENT="hällskjutsande"/><SP WIDTH="16" VPOS="1356" HPOS="553"/>
							<String ID="string_294" HPOS="569" VPOS="1356" WIDTH="96" HEIGHT="28" WC="0.96" CONTENT="drängar"/><SP WIDTH="13" VPOS="1356" HPOS="665"/>
							<String ID="string_295" HPOS="678" VPOS="1355" WIDTH="41" HEIGHT="21" WC="0.96" CONTENT="hos"/><SP WIDTH="14" VPOS="1355" HPOS="719"/>
							<String ID="string_296" HPOS="733" VPOS="1362" WIDTH="28" HEIGHT="13" WC="0.92" CONTENT="en"/><SP WIDTH="13" VPOS="1362" HPOS="761"/>
							<String ID="string_297" HPOS="774" VPOS="1358" WIDTH="109" HEIGHT="24" WC="0.92" CONTENT="entrepre-"/>
						</TextLine>
						<TextLine ID="line_36" HPOS="130" VPOS="1390" WIDTH="754" HEIGHT="26">
							<String ID="string_298" HPOS="130" VPOS="1392" WIDTH="47" HEIGHT="20" WC="0.88" CONTENT="nör."/><SP WIDTH="37" VPOS="1392" HPOS="177"/>
							<String ID="string_299" HPOS="214" VPOS="1390" WIDTH="65" HEIGHT="22" WC="0.90" CONTENT="Detta"/><SP WIDTH="24" VPOS="1390" HPOS="279"/>
							<String ID="string_300" HPOS="303" VPOS="1390" WIDTH="135" HEIGHT="21" WC="0.92" CONTENT="förhällande"/><SP WIDTH="19" VPOS="1390" HPOS="438"/>
							<String ID="string_301" HPOS="457" VPOS="1390" WIDTH="39" HEIGHT="22" WC="0.93" CONTENT="har"/><SP WIDTH="18" VPOS="1390" HPOS="496"/>
							<String ID="string_302" HPOS="514" VPOS="1390" WIDTH="124" HEIGHT="22" WC="0.92" CONTENT="framkallat"/><SP WIDTH="18" VPOS="1390" HPOS="638"/>
							<String ID="string_303" HPOS="656" VPOS="1390" WIDTH="82" HEIGHT="26" WC="0.91" CONTENT="äsigten"/><SP WIDTH="17" VPOS="1390" HPOS="738"/>
							<String ID="string_304" HPOS="755" VPOS="1396" WIDTH="34" HEIGHT="14" WC="0.93" CONTENT="om"/><SP WIDTH="18" VPOS="1396" HPOS="789"/>
							<String ID="string_305" HPOS="807" VPOS="1393" WIDTH="77" HEIGHT="23" WC="0.88" CONTENT="nyttän"/>
						</TextLine>
						<TextLine ID="line_37" HPOS="130" VPOS="1422" WIDTH="754" HEIGHT="30">
							<String ID="string_306" HPOS="130" VPOS="1426" WIDTH="25" HEIGHT="20" WC="0.90" CONTENT="af"/><SP WIDTH="12" VPOS="1426" HPOS="155"/>
							<String ID="string_307" HPOS="167" VPOS="1424" WIDTH="161" HEIGHT="28" WC="0.25" CONTENT="skjutsnihngens"/><SP WIDTH="15" VPOS="1424" HPOS="328"/>
							<String ID="string_308" HPOS="343" VPOS="1424" WIDTH="108" HEIGHT="21" WC="0.95" CONTENT="ställande"/><SP WIDTH="15" VPOS="1424" HPOS="451"/>
							<String ID="string_309" HPOS="466" VPOS="1424" WIDTH="28" HEIGHT="28" WC="0.93" CONTENT="pä"/><SP WIDTH="16" VPOS="1424" HPOS="494"/>
							<String ID="string_310" HPOS="510" VPOS="1424" WIDTH="147" HEIGHT="28" WC="0.95" CONTENT="entreprenad."/><SP WIDTH="30" VPOS="1424" HPOS="657"/>
							<String ID="string_311" HPOS="687" VPOS="1422" WIDTH="79" HEIGHT="23" WC="0.90" CONTENT="Såsom"/><SP WIDTH="16" VPOS="1422" HPOS="766"/>
							<String ID="string_312" HPOS="782" VPOS="1423" WIDTH="49" HEIGHT="21" WC="0.93" CONTENT="herr"/><SP WIDTH="11" VPOS="1423" HPOS="831"/>
							<String ID="string_313" HPOS="842" VPOS="1423" WIDTH="42" HEIGHT="21" WC="0.92" CONTENT="Ju-"/>
						</TextLine>
					</TextBlock>
				</ComposedBlock>
			</PrintSpace>
		</Page>
	</Layout>
</alto>
