1031 1700
812 137 38 21 261

127 206 75 20 förena
217 206 51 27 mig.
297 204 52 22 Man
365 205 71 21 skulle
448 212 78 20 genom
538 204 135 21 densammas
685 205 121 27 antagande
817 206 60 20 kom-

128 247 35 13 ma
185 243 31 17 att
233 240 7 20 i
259 239 72 21 landet
350 239 109 21 bibehålla
479 246 25 13 en
524 239 79 27 mängd
622 238 130 27 donatarier,
767 247 48 14 men
831 240 48 21 icke

127 274 58 21 fästa
199 273 114 28 tillbörligt
328 273 101 21 afseende
444 272 13 21 å
472 272 41 21 den
529 273 128 27 eganderätt
669 273 160 22 landbönderne
841 274 38 21 allt

127 308 58 21 ännu
207 308 38 31 äro
264 308 49 20 fallt
331 307 143 28 öfvertygade
494 314 34 14 om
548 310 31 18 att
594 307 65 21 hafva
673 307 33 21 till
722 303 157 47 donationsjor-

127 341 47 22 den.
196 330 8 44 —
212 334 145 29 Äterinsätter
380 349 48 13 man
451 340 27 22 de
501 341 153 38 ursprunglige
672 349 91 20 egarene
782 342 6 20 i
809 342 70 21 denna

128 376 63 21 deras
206 376 49 26 rätt,
271 376 23 20 sä
311 376 37 20 bör
361 375 83 27 sädant,
456 376 55 20 efter
523 375 43 21 min
578 375 64 29 äsigt,
655 359 42 37 ske
704 379 50 18 utan
765 376 114 22 inskränk-

128 410 53 28 ning
199 410 7 20 i
225 410 99 21 afseende
341 410 14 20 å
373 416 130 22 egomassan
521 412 56 18 samt
591 409 23 21 ät
630 409 108 22 bönderne
754 410 77 28 sjelfve
847 411 32 20 öf-

128 444 121 22 verlemnas
268 448 31 17 att
314 444 6 20 i
336 444 48 20 män
400 444 25 20 af
438 444 155 20 besutenheten
609 443 89 29 vidtaga
713 444 26 22 de
754 441 125 32 klyfningar

128 478 125 22 hemmanen
273 478 71 21 kunna
362 477 118 29 medgifva.
529 478 46 21 Folk
590 478 34 21 till
637 478 88 28 jordens
742 479 137 28 uppodlande

128 512 77 22 brister
224 513 7 21 i
249 512 64 22 dessa
331 512 82 21 trakter
428 512 56 25 icke,
500 512 40 21 och
554 512 38 28 jag
608 512 118 28 tillstyrker
741 513 85 21 derföre
841 516 38 23 att,

128 547 29 28 pä
172 547 55 21 hvad
243 548 42 20 sätt
300 547 83 21 inlösen
399 547 26 19 än
442 546 34 21 mä
491 546 87 21 komma
594 550 31 17 att
636 547 185 28 tillvägabringas,
832 547 48 22 hela

128 581 190 29 donationsjorden
340 581 108 21 derunder
470 581 67 21 mätte
559 581 130 28 inbegripas.
725 581 45 28 Jag
794 581 36 21 ber
848 585 31 17 att

128 616 103 21 särskildt
255 616 20 21 få
297 615 113 21 framhålla
434 618 37 23 att,
494 616 51 20 enär
567 615 226 22 donationsbönderne
812 616 67 21 under

128 650 201 28 amorteringstiden
348 650 48 21 icke
415 649 70 21 skulle
506 649 86 21 komma
608 653 31 17 att
655 649 70 22 betala
739 649 68 29 högre
822 650 58 21 skatt

129 687 27 19 än
175 685 27 21 de
217 693 28 12 nu
261 685 96 28 erlägga,
373 684 63 21 deras
454 684 135 28 benägenhet
604 687 32 18 att
651 684 72 21 tillösa
739 685 33 28 sig
787 685 47 20 sina
849 685 31 21 lä-

127 719 106 29 genheter
247 719 47 21 icke
309 718 61 21 torde
387 718 93 21 behöfva
496 718 146 28 ifrågasättas.

197 759 57 21 Herr
269 759 169 28 Tengström:
472 758 35 21 Då
522 759 63 28 fråga
600 758 36 21 vid
650 758 141 29 landtdagens
804 757 76 30 början

128 794 86 21 förevar
233 801 34 13 om
287 793 98 21 ärendets
407 793 151 21 remitterande
576 793 34 20 till
626 793 98 28 behörigt
740 793 90 27 utskott,
845 801 35 20 yr-

128 827 68 22 kades
218 827 6 21 i
248 827 177 28 borgareståndet
447 830 31 17 att
502 827 33 20 för
558 827 107 21 utskottet
686 827 103 21 särskildt
811 827 69 22 skulle

128 861 131 27 framhållas,
276 861 51 21 huru
346 861 76 28 nödigt
438 861 36 21 det
489 868 53 14 vore
553 865 31 16 att
596 861 76 21 utreda
683 861 151 28 rättsgrunden
847 862 33 21 för

127 896 162 21 donatariernes
310 896 117 28 besittning
446 895 40 21 och
504 895 62 21 deras
582 895 95 21 åtkomst
692 896 23 20 af
728 895 152 28 lägenheterne

128 934 57 17 samt
203 931 101 20 hurusom
324 930 26 21 de
370 938 77 20 genom
469 930 53 20 1826
538 930 34 20 års
590 930 128 27 författning
733 929 56 22 hade
804 930 13 21 å
831 930 49 21 dem

128 964 86 22 erbållit
236 965 38 20 full
298 965 113 20 frälserätt.
450 963 67 22 Emot
535 964 59 21 detta
613 964 121 21 anmärktes
754 964 27 21 då
801 965 23 20 af
837 965 44 27 mig

128 1002 39 23 att,
189 998 90 21 oaktadt
297 999 40 20 den
357 998 122 21 tidsförlust
494 1005 26 14 en
537 998 66 21 sådan
619 998 116 28 utredning
750 998 84 21 komme
849 1002 32 17 att

127 1033 114 20 förorsaka
263 1033 110 26 utskottet,
397 1033 70 20 skulle
490 1032 85 21 ändock
599 1032 67 21 under
688 1032 70 21 denna
777 1033 104 27 landtdag

128 1067 72 28 någon
223 1066 200 21 tillfredsställande
446 1066 88 29 lösning
554 1067 24 20 af
594 1067 75 27 frågan
685 1067 47 20 icke
747 1067 72 20 kunna
835 1067 46 20 vin-

127 1108 46 14 nas.
213 1100 77 21 Dertill
313 1101 69 20 skulle
402 1101 110 21 erfordras
532 1101 48 20 icke
600 1101 56 21 blott
675 1101 101 20 månader
794 1101 40 20 och
851 1101 30 25 är,

127 1139 51 17 utan
198 1134 120 22 decennier.
350 1136 77 20 Denna
448 1136 144 28 förutsägelse
612 1136 39 20 har
665 1135 68 28 gått
726 1130 13 38 i
750 1135 131 27 fullbordan,

127 1170 7 20 i
151 1169 36 21 det
205 1169 106 21 utskottet
325 1170 13 20 å
353 1177 49 20 pag.
419 1170 12 20 6
448 1170 24 20 af
487 1169 151 27 betänkandet,
652 1170 66 28 jemte
733 1170 148 28 tillkännagit-

126 1203 71 21 vande
215 1207 32 17 att
266 1204 105 20 utskottet
386 1204 48 20 icke
450 1204 56 20 varit
521 1204 6 20 i
543 1204 88 21 tillfälle
647 1207 31 17 att
693 1204 95 20 inhemta
803 1204 40 20 den
860 1205 24 20 af

127 1237 179 29 borgareståndet
321 1238 66 28 nödig
405 1238 96 21 ansedda
516 1238 143 28 utredningen
672 1237 111 29 angående
795 1238 86 28 frågans

126 1272 101 28 rättsliga
247 1272 53 28 sida,
316 1276 80 24 yttrar:
427 1272 128 21 ”Utskottet
571 1272 64 29 hyser
651 1273 63 20 äfven
730 1272 41 20 den
788 1272 94 28 öfverty-

125 1306 68 28 gelse,
208 1309 31 17 att
257 1314 35 13 om
311 1307 41 21 ock
372 1306 70 22 denna
459 1307 118 27 rättsiräga
592 1307 87 27 gjordes
695 1306 32 21 till
744 1306 88 21 föremål
848 1308 34 20 för

125 1340 171 28 undersökning,
319 1340 71 21 kunde
410 1340 95 27 dermed,
524 1341 86 21 oafsedt
629 1348 25 13 en
671 1340 143 28 oberäknelig
829 1341 53 21 tids-

126 1374 85 27 förlust,
227 1374 66 21 likväl
309 1375 36 21 det
361 1375 96 21 rubbade
472 1374 202 22 rättsförhållandet
689 1375 48 21 icke
753 1382 59 14 mera
827 1375 54 21 åter-

126 1409 95 21 ställas.”
259 1409 66 21 Detta
344 1409 101 29 yttrande
465 1409 72 21 kunde
558 1410 133 25 förutsättas,
711 1417 47 13 men
775 1408 55 22 hvad
844 1410 38 27 jag

127 1443 97 21 deremot
247 1443 115 28 omöjligen
385 1443 73 22 kunde
481 1444 117 21 förutsätta
621 1443 51 21 eller
693 1444 65 20 tänka
776 1443 52 28 mig,
844 1451 38 14 var
