1031 1700
197 95 41 21 348

169 158 63 21 förda
247 157 197 29 omständigheten,
459 159 32 19 att
505 156 89 22 Päijäne
611 159 155 27 vattensystem
782 156 95 23 kommer
893 160 31 18 att

167 191 48 23 med
229 192 120 28 jernvägen
365 191 75 21 förena
455 194 31 18 ett
501 191 158 21 vidsträcktare
671 191 88 21 område
771 192 25 20 af
805 192 66 28 några
882 192 41 21 och

169 226 73 22 trettio
258 226 101 21 socknar.
389 224 45 22 Det
449 225 39 22 har
503 226 117 26 anmärkts,
636 228 33 18 att
683 224 90 29 Päijäne
789 233 24 14 en
829 230 46 16 stor
889 226 34 21 del

167 262 26 21 af
212 260 46 22 året
276 261 24 21 är
318 259 106 29 isbelagd,
443 267 49 13 men
510 260 49 21 icke
575 260 24 21 är
614 259 41 22 den
671 259 38 22 det
724 260 76 28 längre
815 261 27 20 än
858 260 66 21 Näsi-

165 295 64 29 järvi,
253 302 47 14 som
323 295 18 27 ej
365 294 42 21 blir
426 294 71 28 öppen
516 294 73 21 förrän
608 294 8 20 i
631 294 67 21 slutet
713 294 24 21 af
750 295 49 27 maj.
830 294 50 22 Isen
895 294 28 27 på

167 330 91 28 Päijäne
273 328 62 22 torde
350 328 6 21 i
373 328 118 22 allmänhet
505 328 28 29 gå
549 336 43 20 upp
609 328 33 21 till
659 328 41 21 och
716 328 48 22 med
777 328 67 28 några
856 328 67 28 dagar

167 364 100 28 tidigare,
297 362 84 22 Vidare
397 363 23 20 är
435 362 207 22 Riibimäki-Laktis
659 362 70 22 banan
745 363 67 28 några
823 363 37 21 mil
875 362 48 22 kor-

167 401 46 20 tare
236 399 27 21 än
286 397 65 23 linien
375 396 294 22 Tavastehus-Tammerfors
694 396 40 22 och
758 396 61 22 torde
838 397 83 21 således

167 433 74 23 kunna
260 431 107 22 fulländas
387 430 28 28 på
430 431 85 22 kortare
530 431 38 21 tid.
603 432 133 28 Derigenom
752 431 70 21 skulle
838 432 25 20 de
881 432 40 20 fem

168 467 100 27 miljoner
279 465 265 23 åttahundrasextiotusen
554 466 67 27 mark,
634 465 42 21 den
689 466 24 20 är
725 466 108 20 beräknad
845 469 30 17 att
885 466 37 20 ko-

169 504 40 24 sta,
218 501 73 21 kunna
299 501 64 28 göras
373 499 153 22 fruktbärande
535 500 83 21 kanske
627 500 67 28 något
701 500 24 22 år
734 500 44 21 förr
786 501 25 20 än
821 500 40 21 den
871 500 51 21 nära

169 535 82 22 dubbla
266 542 97 16 summan
379 534 36 22 nio
431 534 97 28 miljoner
541 534 316 28 tvähundrafyratiofyratusen
869 535 53 20 åtta-

169 569 186 22 hundranittiotvä
366 568 68 27 mark,
443 575 46 14 som
497 568 85 22 komme
592 572 30 18 att
630 569 51 28 ätgä
691 569 31 20 till
733 569 114 28 byggande
857 569 22 21 af
887 569 35 21 ba-

168 611 43 15 nan
222 603 33 24 till
264 603 153 22 Tammerfors.
440 602 48 21 Blir
500 603 84 28 engång
596 603 71 21 denna
679 603 132 22 sistnämnda
823 603 54 21 bana
889 606 32 17 ut-

168 638 57 27 förd,
241 638 24 21 så
279 639 24 20 är
318 637 37 22 det
369 637 44 21 min
429 637 145 29 öfvertygelse
590 640 32 18 att
637 637 59 23 inom
711 637 68 28 några
795 637 22 21 år
829 637 93 22 derefter

167 671 127 30 isynnerhet
315 671 228 22 Tammerforsboerne
566 671 87 21 komma
672 673 31 18 att
723 671 124 28 ytterligare
867 671 55 28 yrka

167 707 29 28 på
217 706 42 21 den
282 705 131 22 omnämnda
434 705 134 29 segelledens
589 705 150 28 upprensning
758 705 41 22 och
815 705 106 21 kanalise-

167 741 57 28 ring.
254 739 54 22 Med
323 739 118 29 anledning
456 740 23 21 af
493 739 56 23 hvad
563 740 39 27 jag
618 747 28 13 nu
663 739 46 21 haft
724 740 51 21 äran
791 739 82 26 anföra,
885 747 37 13 an-

168 775 69 21 håller
256 775 39 27 jag
314 777 31 18 att
363 773 69 21 banan
453 773 206 23 Riihimäki-Lahtis
675 773 66 22 måtte
757 773 80 22 erhålla
853 774 69 22 första

168 809 40 21 och
226 809 69 20 banan
312 807 298 28 Tavastehus-Tammerfors,
626 815 34 14 om
677 807 41 22 den
734 807 75 23 vinner
825 808 96 21 ståndets

168 843 68 26 bifall,
253 842 76 22 endast
344 842 67 21 andra
426 845 96 18 rummet.
554 841 143 23 Sistnämnda
712 841 55 24 bana
782 841 38 23 har
835 843 24 20 af
868 843 53 20 bon-

167 877 116 22 deståndet
298 877 33 22 till
347 876 41 22 och
404 876 48 22 med
467 878 81 20 ansetts
564 875 138 29 öfverflödig.

236 916 58 22 Herr
310 915 168 29 Tengström:
508 915 53 22 Man
576 915 56 22 hade
649 915 47 22 haft
711 915 117 29 anledning
841 916 79 22 förmo-

167 951 72 27 moda,
255 954 31 18 att
298 951 71 28 någon
381 950 97 29 egentlig
488 949 253 29 meningsskiljaktighet
753 951 18 26 ej
784 950 69 21 skulle
867 957 53 21 upp-

168 986 34 22 stå
220 985 6 21 i
246 985 76 28 frågan
338 992 35 14 om
389 984 26 21 de
431 984 124 28 föreslagna
568 985 151 28 jernvägarne,
736 984 65 21 minst
816 984 39 23 hos
871 985 49 22 bor-

167 1015 146 37 gareståndet,
331 1013 35 27 för
386 1018 84 21 hvilket
487 1018 146 29 fördelaktiga
649 1018 41 22 och
705 1018 104 29 lämpliga
824 1018 96 22 kommu-

167 1054 123 22 nikationer
305 1054 38 21 äro
358 1053 25 21 af
395 1053 24 21 så
434 1055 46 19 stor
494 1052 56 29 vigt;
566 1056 32 17 att
614 1055 31 18 ett
661 1053 24 20 af
698 1052 48 21 hela
761 1052 40 22 den
818 1053 102 28 upplysta

167 1088 116 28 meningen
298 1088 7 20 i
320 1087 74 22 landet
408 1086 92 23 erkändt
515 1086 136 23 förhållande
663 1087 64 21 äfven
740 1086 37 21 här
789 1087 70 21 skulle
871 1087 49 21 blif-

167 1130 27 15 va
213 1121 116 27 obestridt;
352 1125 31 18 att
402 1121 292 22 Tavastehus-Tammerfors
714 1122 81 21 banans
812 1122 107 21 företräde

166 1158 91 21 framför
275 1157 42 21 den
332 1156 48 22 från
395 1155 118 23 Riihimäki
528 1156 33 21 till
576 1156 79 21 Lahtis
671 1156 70 21 skulle
756 1164 61 13 anses
833 1156 87 28 odispu-

166 1192 74 22 tabelt,
271 1190 43 22 Om
329 1190 72 28 någon
418 1190 77 21 tvekan
511 1190 70 21 skulle
597 1190 80 28 uppstå
689 1190 7 21 i
708 1190 71 22 denna
791 1190 67 29 fråga,
870 1198 50 20 syn-

166 1230 33 17 tes
218 1226 37 21 det
274 1232 87 14 snarare
380 1224 72 22 kunna
468 1224 58 28 gälla
542 1224 143 22 hvilkendera
701 1224 23 21 af
737 1224 26 21 de
779 1224 70 28 bägge
864 1224 56 22 före-

165 1260 77 28 slagna
261 1260 96 20 banorna
377 1258 33 22 till
428 1258 77 21 Lahtis
524 1258 41 21 och
582 1252 50 28 Åbo
650 1258 66 22 borde
732 1258 87 22 dernäst
834 1259 86 21 komma

166 1294 6 21 i
192 1293 69 29 fråga.
296 1293 35 21 Då
346 1292 67 23 likväl
430 1300 34 19 nu,
481 1293 115 21 tvärtemot
611 1292 29 21 all
656 1292 123 27 förmodan,
795 1292 125 27 företrädet,

163 1329 22 27 ja
202 1327 32 21 till
251 1327 40 21 och
308 1326 47 22 med
372 1326 163 29 behöfligheten
548 1327 24 20 af
583 1326 70 22 banan
666 1326 255 22 Tavastehus-Tammer-

166 1364 44 20 fors
234 1361 73 21 blifvit
329 1361 143 28 ifrågaställd,
490 1361 24 21 sä
532 1360 62 22 utber
611 1362 40 26 jag
667 1360 43 29 mix
727 1361 21 21 få
763 1361 75 21 anföra
854 1361 66 28 några

166 1397 24 21 af
203 1396 26 22 de
245 1395 99 26 motiver,
360 1402 45 14 som
423 1395 39 21 hos
477 1394 222 23 ekonomieutskottet
715 1396 59 27 gjort
789 1395 34 27 sig
838 1395 82 28 gällan-
