1031 1700
812 127 39 21 531

199 190 113 22 Anmältes
333 190 40 22 och
392 192 108 26 emottogs
520 196 25 14 en
565 189 127 28 deputation
711 189 24 21 af
751 190 130 29 prestestån-

131 222 44 30 det,
193 224 76 22 anförd
289 225 24 20 af
326 224 49 21 herr
391 224 203 28 kontraktsprosten
611 223 86 28 Hellén,
713 230 45 16 som
773 224 108 22 meddela-

130 258 38 22 de:
192 259 40 27 1:0,
255 262 31 18 att
305 258 169 28 presteståndet,
498 257 132 22 beträffande
649 257 40 21 den
708 258 79 21 väckta
805 259 76 28 frågan

131 293 54 21 huru
208 293 91 21 förfatas
322 293 77 26 skulle,
418 292 6 21 i
444 292 103 21 händelse
563 291 232 29 justeringsutskottet,
814 293 67 20 sedan

131 326 115 22 ständerne
261 327 101 28 åtskiljts,
378 326 65 21 fanne
460 326 46 21 skäl
522 326 34 20 till
572 326 167 28 anmärkningar
753 324 37 23 vid
805 326 26 21 de
843 334 38 13 un-

131 360 119 29 derdäniga
268 368 50 14 svar
337 360 39 22 och
396 359 132 27 utlåtanden,
548 359 74 21 hvilka
639 360 7 20 i
661 360 220 28 expeditionsutskot+

131 398 32 18 tet
182 394 71 22 blifvit
268 393 149 28 formulerade,
433 392 7 23 i
456 394 69 21 likhet
539 394 49 21 med
603 393 27 22 de
645 394 72 28 öfriga
731 393 98 29 stånden,
845 394 35 21 be=

132 428 60 22 slutit
211 432 31 18 att
259 428 64 22 dessa
339 429 70 28 bägge
425 428 83 21 utskott
523 428 7 21 i
546 427 38 22 fall
600 427 24 22 af
636 425 82 31 antydd
734 428 146 22 beskaffenliet

132 463 77 27 skulle,
225 460 32 24 för
273 460 210 32 tillvägabringande
499 464 24 20 af
535 460 222 24 öfverensstämmelse
772 463 7 21 i
794 462 27 23 de
832 463 49 21 stri-

132 496 51 29 diga
194 497 115 28 äsigterna,
317 496 160 22 sammanträda
488 497 70 21 såsom
571 499 140 18 sammansätt
722 496 93 27 utskott;
826 499 55 19 samt

133 531 46 26 2:0,
201 535 32 17 att
254 531 160 28 presteständet
436 530 83 22 förenat
542 529 33 30 sig
598 530 47 22 med
668 530 149 28 ridderskapet
839 531 41 21 och

133 565 62 22 adeln
211 566 31 21 uti
257 565 40 22 den
314 565 24 22 af
350 565 92 22 nämnda
458 565 62 22 stånd
536 563 60 23 förut
610 568 93 26 antagna
715 563 118 31 petitionen
845 573 37 14 an=

133 599 82 29 gående
237 600 142 21 nedsättande
402 601 25 20 af
446 607 26 13 en
492 599 80 22 komite
592 600 34 20 för
641 597 162 31 undersökning
818 599 24 22 af
854 600 27 21 de

132 632 173 23 kolonisationen
325 635 6 20 i
350 634 178 28 kronoskogarne
550 633 92 22 rörande
662 632 148 23 förhållanden
825 637 56 18 samt

133 668 141 29 uppgörande
289 669 24 20 af
327 669 81 28 förslag
423 666 33 23 till
472 665 110 24 ordnande
599 668 25 21 af
636 667 129 22 densamma.

201 707 64 23 Efter
283 709 36 21 det
338 709 160 28 deputationen,
517 715 46 14 som
579 708 25 21 af
617 708 48 21 herr
681 707 149 23 talmannen
846 708 36 22 bea

133 742 111 26 tackades,
264 743 45 21 äter
328 743 87 26 afträdt,
435 742 113 29 föredrogs
564 742 74 21 vidare
653 749 24 14 en
694 742 45 21 frän
755 742 126 22 ständernes

133 777 108 20 allmänna
263 777 173 21 besvärsutskott
454 776 128 21 ankommen
601 774 114 23 skrifvelse
735 777 24 20 af
774 776 41 21 den
833 776 25 21 13
874 777 7 20 i

133 811 69 21 denne
217 811 84 26 månad,
317 811 60 20 hvari
394 811 111 25 utskottet,
522 810 47 21 med
584 810 115 28 bifogande
711 811 24 20 af
745 811 136 28 förteckning

133 845 62 21 öfver
210 845 181 21 omkostoaderna
407 846 33 20 för
455 845 118 21 detsamma
588 844 36 21 vid
640 852 27 13 nu
684 842 115 30 påstående
810 845 72 21 landte

133 878 53 29 dag,
205 878 99 21 slutande
321 879 33 28 sig
369 879 12 20 å
396 882 83 18 ettusen
495 878 236 21 tvähundraättatiotvä
745 878 61 21 mark
821 879 60 28 tjugu

133 913 71 28 penni,
224 914 65 26 jemte
308 913 73 21 dertill
402 913 94 21 hörande
516 913 167 26 verifikationer,
698 912 96 21 anhäller
809 916 32 18 att
855 920 26 14 en

134 946 103 29 fjerdedel
253 946 24 21 af
289 947 93 21 nämnda
397 954 83 14 summa
495 946 48 21 med
560 946 178 29 trehundratjugu
755 947 59 20 mark
830 947 52 21 fem

133 981 74 21 tiofem
227 981 65 28 penni
311 981 64 21 mätte
394 981 25 21 af
436 981 176 28 borgareständet
627 981 74 21 ställas
717 981 32 20 till
765 981 116 21 utskottets

134 1014 139 29 förfogande;
296 1015 40 20 och
360 1014 159 22 utanordnades
542 1015 64 20 dessa
624 1014 176 29 trehundratjugu
820 1015 61 21 mark

134 1049 117 21 femtiofem
267 1047 65 30 penni
348 1057 27 13 nu
392 1053 30 17 att
438 1057 24 12 ur
477 1049 98 21 ständets
591 1049 63 21 kassa
670 1049 111 21 utbetalas.

202 1088 101 21 Härefter
319 1089 123 27 öfvergicks
458 1088 34 21 till
508 1087 159 29 behandlingen
682 1089 24 20 af
716 1088 165 23 bondeständets

134 1122 36 22 vid
193 1122 121 29 gärdagens
337 1123 83 21 session
442 1123 86 21 ständet
547 1122 134 27 meddelade,
698 1130 48 14 men
765 1123 28 29 pä
808 1123 73 22 vidare

135 1157 162 28 handläggning
320 1157 106 21 beroende
448 1156 98 22 lemnade
565 1157 129 28 inbjudning
712 1160 31 18 att
758 1158 75 20 förena
847 1159 34 27 sig

133 1191 31 21 uti
180 1190 92 22 nämnda
287 1191 74 21 ständs
376 1199 81 13 samma
472 1191 43 28 dag
530 1191 81 21 fattade
627 1191 76 27 beslut,
716 1191 109 28 angäende
836 1192 45 21 sär-

133 1224 72 22 skilda
227 1224 173 22 modifikationer
418 1226 7 20 i
444 1225 26 21 de
490 1226 24 20 af
527 1224 152 29 ridderskapet
693 1225 41 21 och
749 1224 61 22 adeln
826 1230 55 16 samt

134 1263 79 24 preste-
229 1259 40 21 och
286 1260 180 28 borgareständen
483 1260 83 28 afgifna
581 1259 114 29 yttranden
710 1259 7 21 i
733 1258 116 30 anledning
860 1260 24 21 af

133 1293 80 28 nädiga
228 1294 170 27 propositionen,
416 1293 112 29 angäende
543 1293 140 29 tillverkning
698 1293 40 21 och
754 1292 127 30 försäljning

133 1328 24 20 af
171 1327 88 21 bränvin
275 1328 6 20 i
297 1327 80 22 landet.

200 1361 11 21 I
231 1361 73 28 frågan
323 1362 86 28 yttrade
424 1362 33 28 sig
473 1361 95 29 följande
584 1361 24 21 af
620 1361 97 21 ständets
733 1360 148 23 medlemmar:

201 1392 58 24 Herr
274 1394 165 23 Dahlström:
469 1395 45 21 För
530 1396 42 20 min
588 1395 34 21 del
639 1396 67 20 finner
718 1396 39 28 jag
771 1395 46 21 skäl
833 1395 48 21 icke

133 1430 133 21 förekomma
290 1430 33 20 för
341 1430 85 21 ståndet
445 1433 31 18 att
496 1430 74 28 frångå
590 1430 38 20 sitt
642 1430 65 21 redan
723 1430 6 20 i
745 1429 58 22 detta
819 1430 62 20 ämne
