1031 1700
799 146 41 21 437

120 208 107 28 vidgning
245 208 46 21 åter
308 208 73 21 inlöst.
420 208 50 21 Och
486 207 96 22 anhälles
598 208 140 28 fördenskull,
751 210 66 27 jemte
832 217 37 13 an-

120 243 72 21 mälan
209 246 30 17 att
254 242 205 22 donationsbrefven
474 242 41 21 och
531 242 87 22 stadens
634 242 60 22 arkiv
710 242 67 22 under
791 244 77 28 krigen

122 277 71 21 blitvit
209 277 114 27 förstörda,
338 280 56 17 samt
409 276 48 22 med
473 276 105 22 förbehåll
594 280 31 18 att
636 277 114 22 framdeles
762 278 22 21 få
795 278 73 21 bevisa

122 312 79 20 vidden
221 312 24 20 af
257 311 40 21 den
312 310 170 29 donationsjord,
497 318 47 14 som
560 310 70 22 skulle
644 311 83 21 tillhört
741 312 82 26 staden,
838 315 31 18 att

122 345 179 28 borgareståndet
323 345 50 21 ville
392 345 117 21 medverka
528 345 71 21 dertill
615 348 31 18 att
661 346 119 27 ersättning
795 346 24 21 af
831 346 38 20 all-

121 381 80 20 männa
216 380 68 21 medel
299 379 71 21 kunde
385 378 92 30 Nyslott
492 379 48 21 stad
556 379 90 28 beviljas
662 380 33 20 för
706 379 163 29 ifrågavarande

121 414 114 29 egendom,
255 413 87 22 hvilken
362 421 52 13 vore
429 414 33 20 för
477 414 76 20 staden
569 413 99 29 behöflig
683 414 33 21 för
731 414 138 29 uppehällan-

121 449 38 21 det
173 449 24 21 af
210 448 49 22 dess
275 448 170 22 administration
460 448 42 21 och
518 448 146 28 lagskipning.

191 488 54 23 Med
267 488 88 28 ledning
377 488 25 20 af
421 487 237 29 petitionsmemorialet
677 488 40 21 och
736 488 27 22 de
780 489 7 21 i
803 489 66 28 öfrigt

122 522 84 29 ingifna
221 522 154 28 handlingarne
391 522 38 20 har
444 522 105 21 utskottet
563 522 75 21 vidare
653 522 110 28 inhemtat,
777 526 32 18 att
823 523 48 28 Ny-

122 558 53 20 slott
194 557 47 21 stad
261 557 79 21 anmält
358 557 34 28 sig
408 556 36 21 vid
459 564 26 14 en
501 556 25 21 af
538 556 106 22 melerade
660 557 209 28 egodelningsrätten

122 592 7 21 i
150 590 116 30 Sääminge
288 592 40 21 och
347 591 113 21 Kerimäki
480 591 92 21 socknar
591 591 118 22 verkställd
723 599 147 21 egosamman-

123 626 109 29 dragning
247 626 6 21 i
270 625 99 22 afseende
384 625 13 21 å
412 625 163 28 skattläggning
586 625 40 21 och
638 626 109 21 storskifte
759 626 58 21 inom
828 625 42 22 den

122 660 148 29 samfällighet
287 659 86 22 stadens
392 659 163 28 donationsjord
575 659 74 29 tillydt
664 660 39 21 och
719 660 63 29 yrkat
797 663 31 18 att
842 660 28 28 på

124 694 71 27 grund
211 695 24 20 af
248 693 92 22 företedt
352 693 304 29 jordransakningsprotokoll
672 695 34 20 för
720 695 24 20 år
760 695 54 20 1664
829 694 42 21 till-

124 729 78 20 skiftas
217 727 63 22 andel
295 728 7 21 i
317 727 184 29 samfällighetens
513 728 60 28 jord;
589 736 47 14 men
651 736 46 13 som
712 726 74 24 staden
798 729 73 21 samti-

124 763 49 28 digt
187 762 40 21 hos
243 762 114 28 kejserliga
372 765 88 18 senaten
475 763 59 27 gjort
548 763 123 28 ansökning
685 766 31 18 att
730 763 34 21 till
779 764 33 20 sin
827 763 44 21 dis-

123 797 95 28 position
241 797 68 21 återfå
331 797 26 21 de
376 796 98 21 hemman
492 796 41 21 och
553 796 131 29 lägenheter,
702 804 46 14 som
763 797 108 21 tillförene

124 831 72 22 skulle
216 831 56 22 varit
291 831 73 21 staden
380 830 115 27 donerade,
510 831 25 20 så
550 831 122 22 förklarade
687 831 184 28 egodelningsrät-

124 869 36 18 ten
184 873 77 20 genom
283 865 49 21 dom
355 865 24 20 af
398 865 42 21 den
459 865 27 20 26
502 865 55 28 april
574 865 60 26 1820,
654 868 31 17 att
705 865 112 28 bevisning
836 865 35 20 väl

124 900 73 21 blifvit
219 899 111 21 föreställd
353 899 73 22 derom
446 902 31 18 att
496 899 28 21 då
543 899 149 28 ifrågakomna
710 907 53 20 egor
777 899 23 21 år
817 899 54 21 1664

124 938 49 25 egts
195 934 25 21 af
240 933 81 28 staden,
343 941 49 13 men
414 933 89 22 emedan
522 933 64 21 dessa
605 933 93 21 derefter
716 933 108 28 öfvergått
838 933 34 21 till

124 969 69 21 andra
208 968 65 21 åboer
287 971 54 18 samt
356 968 122 27 ansökning
493 967 117 21 emellertid
627 968 72 21 blifvit
709 967 62 29 gjord
784 975 34 14 om
829 971 43 18 sta-

124 1003 55 21 dens
197 1001 168 22 återinsättande
383 1002 7 21 i
406 1001 48 22 dess
470 1003 58 20 förra
544 1002 104 27 åboerätt,
663 1005 23 26 ty
701 1002 107 22 lemnades
823 1002 49 23 med

125 1037 75 22 vidare
215 1036 76 29 åtgärd
306 1036 7 21 i
328 1036 66 21 saken
410 1035 107 22 beroende
532 1036 106 21 intilldess
654 1036 26 21 de
696 1037 23 20 af
732 1036 75 21 staden
821 1036 7 23 i
840 1037 32 20 fö-

124 1071 112 22 restående
251 1070 66 22 måtto
328 1070 78 21 väckta
417 1070 95 28 anspråk
523 1070 71 21 blifvit
605 1071 105 28 afgjorda.
732 1070 67 23 Detta
808 1070 65 22 sked-

126 1105 27 22 de
173 1105 27 22 då
218 1105 40 20 den
277 1105 7 21 i
301 1104 116 29 kejserliga
434 1108 90 17 senaten
539 1104 78 29 gjorda
632 1105 147 28 ansökningen
795 1112 77 21 genom

125 1140 119 21 resolution
260 1140 24 20 af
295 1139 42 21 den
352 1139 26 21 21
395 1139 86 28 augusti
497 1139 55 21 1822
568 1139 142 21 förkastades.
739 1139 62 23 Efter
817 1140 56 21 hvad

127 1175 26 20 af
164 1173 133 21 memorialet
311 1173 101 28 framgår,
427 1173 39 21 har
480 1172 77 22 staden
573 1173 92 21 derefter
680 1174 47 20 icke
742 1174 58 28 gjort
814 1174 59 20 vida-

126 1215 24 14 re
170 1207 74 21 försök
259 1210 31 18 att
305 1207 111 21 återvinna
430 1206 42 22 den
488 1207 105 21 förmenta
608 1206 196 29 donationsjorden,
819 1207 55 21 hvil-

128 1242 43 21 ken
194 1248 87 14 numera
303 1241 72 21 blifvit
393 1241 12 21 ä
423 1241 125 21 hemmanen
567 1241 68 21 indelt
653 1242 40 20 och
709 1242 7 20 i
731 1241 61 21 deras
807 1241 68 21 skatt-

126 1276 106 28 läggning
251 1275 70 29 ingått
339 1278 55 18 samt
412 1276 64 20 äfven
491 1276 55 20 efter
560 1276 108 28 sistsagde
683 1275 31 21 tid
729 1274 50 22 flere
794 1275 81 29 gånger

127 1310 86 28 ombytt
227 1317 70 20 egare.

197 1350 44 21 Det
256 1349 38 21 har
309 1349 47 21 icke
371 1349 73 21 blifvit
458 1349 108 29 påyrkadt
581 1350 41 20 och
638 1349 69 21 skulle
719 1350 17 28 ej
750 1349 66 22 heller
827 1357 47 20 ger-

128 1392 27 13 na
174 1384 73 20 kunna
265 1383 163 28 ifrågakomma,
448 1387 31 17 att
497 1384 27 21 de
542 1384 124 21 nuvarande
681 1391 89 21 egarene
785 1384 32 20 till
833 1384 42 21 den

127 1417 155 29 pretenderade
294 1418 77 27 jorden
387 1418 67 20 borde
470 1418 57 21 afstå
541 1418 124 21 densamma
680 1418 32 20 till
728 1418 81 26 staden,
825 1421 49 17 utan

128 1452 39 21 har
183 1451 157 29 framställning
356 1451 71 22 blifvit
442 1452 64 28 gjord
522 1452 81 27 derom,
615 1455 31 18 att
657 1452 119 28 ersättning
788 1452 33 21 för
834 1452 41 22 den
