1031 1700
799 141 40 23 217

114 205 25 23 af
153 204 83 21 hvilket
251 204 78 28 nådiga
344 204 108 26 manifest,
467 203 88 23 hvartill
571 203 116 29 originalet
699 204 70 21 blifvit
780 206 32 20 till
825 205 43 21 rid-

114 238 117 28 derskapet
243 238 40 22 och
295 238 61 21 adeln
369 238 167 25 öfverlemnadt,
548 245 25 13 en
590 237 99 29 bestyrkt
705 238 86 23 afskrift
805 247 28 13 nu
846 240 24 22 af

115 273 50 21 herr
181 272 164 28 geheimerädet,
361 272 90 20 friherre
460 270 108 22 Sackleen
584 272 33 20 till
633 272 96 22 ståndets
744 272 80 22 talman
837 274 31 20 af-

114 306 116 22 lemnades.
254 306 79 21 Vidare
349 306 148 28 tillkännagaf
510 306 48 21 herr
574 306 165 28 geheimerädet,
755 310 32 17 att
803 307 62 21 Hans

114 340 125 29 Kejserliga
257 340 109 30 Majestät,
385 340 48 22 med
449 340 162 28 godkännande
626 341 25 20 af
663 340 124 24 ständernes
803 341 65 29 afgifr

114 382 28 13 na
158 375 146 27 underdäniga
319 374 115 29 yttranden
450 374 40 21 och
507 374 82 28 förslag
605 375 6 20 i
626 374 117 30 anledning
755 376 24 20 af
788 376 79 21 nedan-

115 408 92 24 nämnde
229 409 79 28 nådiga
331 408 165 28 propositioner,
516 416 78 20 genom
614 409 107 23 särskilda
741 409 80 29 nådiga
835 418 32 13 re-

115 443 94 28 skripter
221 443 104 21 anbefallt
340 442 128 22 utfärdande
484 443 24 21 af
521 443 109 21 allmänna
645 444 153 28 författningar
813 444 6 21 i
835 444 32 21 öf-

115 477 199 23 verensstämmelse
337 476 87 22 dermed
444 476 7 21 i
471 476 95 29 följande
585 478 86 20 ämnen:
697 479 39 25 1:0,
755 478 112 28 angående

115 511 154 28 upphäfvande
285 512 24 20 af
320 510 151 28 ridderskapet
486 510 42 22 och
543 511 75 21 adelns
634 511 134 22 uteslutande
783 514 43 19 rätt
837 515 31 21 att

115 553 42 21 ega
173 546 112 31 frälsejord
301 545 46 21 med
364 545 142 26 säterifrihet;
522 546 41 26 2:0,
580 553 34 13 om
630 545 153 31 upphäfvande
799 546 24 21 af
835 546 32 21 in-

116 580 169 29 digenatsrätten
302 581 33 20 för
350 579 132 21 läroständet
497 579 58 22 inom
571 579 84 26 landet;
671 580 39 21 och
726 580 42 26 3:o,
784 588 34 13 om
830 582 37 20 än-

116 615 65 28 dring
200 615 6 21 i
221 615 58 20 vissa
293 615 59 21 delar
367 614 25 21 af
404 613 108 22 allmänna
527 614 75 28 lagens
618 614 118 29 stadgande
752 615 6 20 i
774 615 27 20 24
817 615 49 28 kap.

116 649 26 21 B.
159 649 38 26 B.;
212 653 55 17 samt
281 650 42 25 4:0,
340 648 56 21 hvad
412 643 118 38 beträffade
541 648 82 28 frågan
639 656 34 13 om
689 649 83 28 garanti
785 649 34 20 för
830 649 37 21 det

116 684 35 21 län
171 683 251 29 hypotheksföreningen
440 682 7 21 i
466 682 94 21 Finland
580 684 24 20 är
619 683 76 21 sinnad
711 686 30 17 att
757 683 12 21 å
784 683 82 22 utrikes

116 721 35 17 ort
166 721 101 25 upptaga,
284 717 134 21 föreskrifvit
433 716 37 21 det
484 717 78 26 skulle,
578 717 67 21 under
661 717 40 21 den
713 718 154 28 förutsättning

116 752 42 21 den
178 752 24 20 af
215 751 114 21 ständerne
344 755 94 24 antagna
452 751 80 28 nådiga
548 752 163 27 propositionen
728 752 5 20 i
749 752 71 20 ämnet
835 752 32 21 in-

116 786 103 26 nehäller,
242 785 66 22 sädan
330 785 84 29 garanti
437 785 24 22 af
477 785 117 29 kejserliga
613 789 88 19 senaten
721 786 32 23 för
772 785 93 22 Finland

115 820 105 21 utfärdas.

185 860 70 22 Sedan
275 859 95 22 ståndets
386 859 49 22 herr
450 859 98 22 talman
564 860 70 21 tolkat
650 860 95 21 ståndets
761 860 106 21 tacksam-

116 894 37 23 het
173 895 32 20 för
224 893 64 22 dessa
306 901 42 22 nya
366 893 136 24 vedermälen
518 894 24 21 af
555 893 62 24 Hans
632 893 103 29 Majestät
749 893 117 28 Kejsarens

116 928 42 25 nåd
175 929 41 20 och
232 935 87 21 omsorg
333 929 33 20 för
382 928 79 26 landet,
477 927 100 22 afträdde
592 927 50 22 herr
653 928 164 31 geheimerädet,
830 929 37 20 fri-

116 963 61 20 herre
201 961 105 22 Sackleen
327 963 65 27 jemte
415 962 48 21 herr
485 962 292 22 referendariesekreteraren
797 961 70 22 Snell-

116 1004 57 19 man,
193 995 141 29 beledsagade
353 996 91 21 likasom
464 996 36 22 vid
519 996 128 21 ankomsten
663 997 24 20 af
700 1004 25 13 en
741 992 125 39 deputation

116 1031 26 22 af
154 1031 91 21 ståndet.

185 1069 36 24 Då
235 1070 86 22 ståndet
336 1069 40 24 den
395 1071 8 20 1
420 1070 7 23 i
443 1070 69 21 denne
528 1070 76 21 månad
621 1074 72 19 senast
709 1070 92 22 förehaft
812 1078 55 14 sam,

116 1108 107 21 mansatta
242 1105 121 20 ekonomie-
381 1104 41 21 och
442 1104 248 29 bevillningsutskottets
711 1105 156 24 betänkande
856 1100 15 37 i

116 1139 117 29 anledning
249 1140 24 21 af
285 1139 79 28 nådiga
376 1139 162 28 propositionen
552 1139 111 28 angående
674 1140 140 28 tillverkning
826 1140 40 24 och

116 1174 129 28 försäljning
259 1174 25 20 af
296 1173 90 21 bränvin
403 1173 6 21 i
426 1172 79 28 landet,
522 1174 38 21 bar
576 1174 74 28 frågan
667 1181 34 13 om
717 1174 150 22 användandet

116 1209 24 21 af
159 1208 42 23 den
220 1208 155 26 statsinkomst,
394 1214 46 14 som
460 1208 24 20 af
496 1208 40 21 den
554 1208 109 20 blifvande
680 1208 187 24 bränvinsskatten

116 1242 114 29 påräknas,
246 1242 91 21 lemnats
354 1241 106 21 beroende
475 1242 56 21 intill
547 1242 49 20 dess
612 1242 161 21 vederbörande
785 1242 83 22 utskott

115 1277 115 24 inkommit
252 1276 48 21 med
323 1276 151 21 betänkanden
498 1276 62 21 öfver
580 1276 80 28 nådiga
679 1275 188 30 propositionerna

115 1310 111 30 angående
245 1310 76 29 anslag
337 1310 32 21 till
385 1306 121 26 inrättande
522 1310 24 23 af
559 1310 128 26 folkskolor,
703 1310 32 24 till
751 1310 117 28 anläggan-

115 1346 27 21 de
161 1346 24 20 af
198 1352 42 21 nya
255 1344 303 24 kommunikationsanstalter
574 1344 40 21 och
630 1344 33 21 till
679 1343 107 25 särskilda
801 1344 67 24 andra

115 1380 90 23 allmänt
226 1379 85 28 nyttiga
334 1379 84 27 företag
440 1381 55 19 samt
518 1386 35 14 om
572 1378 139 29 upptagande
730 1378 24 22 af
770 1378 99 27 statslån,

115 1416 33 20 för
165 1417 30 17 att
211 1413 78 22 bereda
304 1413 27 21 de
345 1413 12 21 å
372 1413 199 27 donationsgodsen
591 1413 3 21 i
606 1407 111 33 Wiborgs
733 1412 34 20 län
784 1412 85 22 bosatte

115 1448 82 22 bönder
219 1448 66 27 utväg
305 1450 31 18 att
355 1447 71 21 tillösa
445 1447 33 28 sig
494 1447 48 21 sina
556 1446 97 22 åboende
669 1446 135 29 lägenheter;
827 1447 40 23 och
