1031 1700
189 91 42 22 520

161 153 87 28 ställas,
267 154 87 24 såsnart
372 155 207 29 stapelstadsfartyg
598 155 48 22 från
662 154 83 24 utrikes
761 155 82 28 sjöresa
858 154 58 22 hem-

160 188 99 22 kommer
278 188 42 22 och
338 189 66 21 innan
423 190 101 28 lossning
543 190 25 21 af
582 190 71 21 lasten
669 190 34 22 får
721 189 96 29 vidtaga.
846 188 70 26 Utom

160 222 39 22 det
215 226 33 18 att
265 222 66 23 dessa
349 224 121 28 omgångar
488 225 37 20 äro
544 223 50 22 med
608 223 121 25 kostnader
744 224 35 21 för
793 222 124 26 rederierna

160 256 115 28 förenade,
290 257 99 23 medföra
400 258 26 22 de
441 258 67 21 bland
523 261 67 18 annat
604 258 65 20 äfven
685 257 41 23 den
743 256 126 30 olägenhet,
885 259 31 21 att

161 290 29 22 då
204 292 142 28 magistraten
365 292 79 24 endast
461 292 61 22 vissa
536 292 68 28 dagar
620 292 177 27 sammanträder,
813 290 103 30 uppehåll

161 324 44 22 och
223 325 134 29 tidsutdrägt
375 326 39 21 vid
432 326 113 29 fartygens
560 326 111 28 klarering
687 333 79 21 genom
780 326 33 21 in-
829 326 41 24 och
885 325 32 21 af-

161 360 177 28 mönstringarne
357 360 135 22 förorsakas.
524 360 189 28 Borgareståndet
732 360 71 23 håller
822 360 47 23 före
884 362 33 18 att

161 392 66 23 dessa
245 394 158 28 förrättningar
421 394 71 22 likaså
509 394 37 22 väl
560 394 75 22 kunna
653 394 100 29 försiggå
767 394 77 22 endast
858 394 59 23 inför

162 427 282 31 skeppsombudsmännen,
456 428 75 22 hvilka
542 428 64 22 äfven
614 429 35 21 för
658 428 136 24 närvarande
801 428 48 22 föra
857 428 60 24 mön-

162 461 116 22 sterrullor
296 462 63 22 öfver
376 463 275 28 fartygsbesättningarne,
674 465 57 19 samt
749 470 62 14 anser
829 462 89 23 förden-

162 495 59 24 skull
237 499 32 18 att
284 496 94 22 nämnda
393 497 115 29 sysslande
523 497 118 28 lämpligen
657 496 84 28 kunde,
759 496 50 22 med
824 496 94 28 upphäf-

162 530 71 21 vande
252 530 25 21 af
291 531 293 29 mönstringsskyldigheten
602 531 60 21 inför
679 530 116 30 magistrat
813 533 56 22 samt
883 530 35 21 till

163 564 56 29 följd
233 564 64 26 deraf
313 565 42 21 ock
371 566 24 25 af
411 566 189 28 magistratspass,
619 565 13 22 å
647 564 270 32 skeppsombudsmännen

163 606 111 17 ensamme
289 599 145 29 öfverflyttas.

232 639 24 28 b)
271 638 161 31 Skyldigheten
446 640 35 21 för
495 639 114 26 inhemske
624 640 96 28 sjömän,
739 647 48 16 som
802 639 47 22 från
865 638 53 22 utri-

163 673 40 22 kes
219 676 35 18 ort
269 673 34 22 till
317 673 87 23 landets
420 674 75 22 städer
510 674 94 29 sjöledes
617 674 144 27 återkomma,
777 677 32 21 att
820 673 98 28 undergå

163 707 210 33 läkarebesigtning.
408 707 156 30 Stadgandena
582 708 78 25 härom
675 707 118 25 återfinnas
811 707 8 21 i
837 707 81 29 kejser-

163 741 46 28 liga
227 741 91 22 brefven
337 742 42 21 den
396 742 26 21 12
442 743 94 24 februari
556 743 65 26 1811,
640 742 42 21 den
699 743 12 20 9
727 742 56 28 april
802 741 54 22 1839
876 741 42 22 och

165 775 26 21 15
207 775 114 22 december
337 776 54 21 1847
408 777 74 21 samt
472 771 15 38 i
496 777 144 28 reglementet
654 777 35 20 för
704 776 214 29 tulltjenstemännen

163 809 8 26 i
186 809 94 25 Finland
296 810 24 21 af
332 810 42 22 den
390 811 27 20 28
430 812 41 27 maj
485 811 60 22 1839,
575 810 169 25 Bibehållandet
754 811 24 20 af
786 810 64 24 dessa
861 809 58 25 stad-

165 843 96 29 ganden,
277 844 76 25 hvilka
368 845 111 30 påbjudits
491 845 34 25 för
537 848 32 19 att
580 845 80 23 hindra
672 845 122 23 smittosam
806 843 112 31 sjukdoms

165 878 115 21 införande
299 879 7 21 i
325 879 84 28 landet,
433 887 66 21 synes
520 887 52 14 vara
594 879 139 28 temmeligen
752 877 167 29 ändamålslöst,

165 913 53 23 enär
236 913 48 21 icke
303 913 93 22 allenast
417 914 179 29 besättningarne
614 913 14 22 å
646 913 119 24 utländska
785 913 74 28 fartyg
877 912 42 23 och

164 946 107 29 ångbåtar
286 950 56 19 samt
356 947 69 22 andra
440 948 226 32 passagerarefartyg,
682 947 114 24 äfvensom
808 947 13 21 å
835 946 43 21 alla
892 946 28 21 de

164 981 118 27 farkoster,
298 989 47 14 som
359 982 76 28 inlöpa
450 982 7 21 i
472 982 158 27 landthamnar,
650 983 38 20 äro
704 981 48 21 från
768 980 152 29 undergående

165 1015 23 21 af
203 1015 68 25 sådan
286 1015 128 30 besigtning
428 1016 124 27 frikallade,
568 1020 51 20 utan
632 1016 43 22 ock
685 1015 29 25 all
726 1015 87 27 militär,
828 1023 48 16 som
888 1015 33 21 hit

165 1049 111 28 anländer,
295 1049 93 26 likasom
408 1051 64 24 äfven
492 1051 70 28 öfriga
580 1057 113 22 personer,
708 1049 76 25 hvilka
797 1049 35 21 till
847 1049 74 23 landet

165 1083 122 25 ankomma,
320 1083 84 29 BSjelfva
422 1085 160 28 förrättningen
601 1085 25 20 är
644 1083 92 25 likväl
728 1079 13 38 i
753 1083 118 21 allmänhet
885 1083 35 21 för

165 1118 28 22 de
207 1118 71 22 finske
297 1119 129 29 sjömännen
444 1119 73 29 vidrig
535 1119 42 22 och
592 1117 157 30 motbjudande
766 1120 56 22 samt
838 1112 83 40 medför

166 1152 112 22 dessutom
294 1153 35 21 för
344 1152 50 26 dem
408 1161 27 16 en
451 1154 75 28 utgift,
545 1161 47 14 som
604 1153 37 21 vid
653 1152 68 25 ofvan
732 1151 97 29 antydda
840 1151 81 23 förhål-

165 1186 81 27 landen
261 1188 44 21 kan
320 1187 112 22 betraktas
448 1188 72 21 såsom
536 1187 46 22 helt
596 1187 42 21 och
653 1187 69 23 hållet
737 1186 93 31 onyttig.

235 1228 22 27 c)
272 1227 37 25 Nu
325 1226 103 30 gällande
442 1227 73 29 påbud
531 1235 35 17 om
582 1226 112 29 förnyelse
709 1226 24 25 af
741 1225 108 23 certifikat
860 1225 62 24 öfver

166 1261 156 29 äganderätten
345 1262 34 24 till
398 1262 80 28 fartyg.
497 1274 28 4 —
544 1260 118 25 Oertifikat
683 1260 54 24 eller
759 1259 166 25 helfrihetsbref

165 1295 82 27 skulle,
267 1296 70 28 enligt
357 1296 40 24 133
417 1296 12 32 &
448 1296 8 22 i
476 1295 123 33 åberopade
618 1294 227 30 seglationsordning,
864 1294 58 28 gälla

162 1329 74 26 under
254 1330 84 25 utrikes
357 1331 85 27 sjöresa
459 1330 35 22 för
513 1332 31 19 ett
558 1330 24 22 år
601 1329 41 21 och
663 1328 69 26 under
747 1336 59 20 resa,
822 1335 47 16 som
884 1336 38 14 va-

165 1363 52 25 rade
233 1364 62 21 öfver
310 1367 31 18 ett
355 1364 24 24 år
391 1364 67 22 innan
470 1364 94 28 fartyget
576 1363 33 21 till
621 1363 114 22 hemorten
747 1362 110 27 återkom,
869 1361 53 25 eller

166 1405 48 19 som
229 1398 100 28 företogs
344 1398 59 26 inom
419 1402 31 22 ett
462 1398 23 22 år
497 1398 55 26 efter
563 1397 143 23 certifikatets
719 1396 138 28 utfärdande;
873 1404 48 18 men
