1031 1700
795 133 41 21 325

114 196 38 20 ber
164 196 39 27 jag
219 195 20 21 få
255 195 75 27 erinra,
347 198 30 18 att
392 194 152 28 ridderskapet
560 194 41 22 och
616 194 70 28 adeln,
698 203 47 14 som
756 196 67 23 redan
833 196 33 22 in-

115 228 70 28 bjudit
204 229 176 28 borgareståndet
396 230 32 20 till
444 229 131 29 deltagande
591 229 6 21 i
613 237 26 13 en
656 229 90 28 petition
761 230 7 22 i
783 238 84 14 samma

114 263 69 26 ämne,
205 262 55 28 icke,
278 262 71 22 såvidt
365 264 39 28 jag
422 264 40 20 har
477 263 44 27 mig
538 263 86 27 bekant,
639 264 71 21 tillika
725 264 89 29 beviljat
829 265 37 21 nå-

114 300 40 25 got
169 297 103 21 särskildt
287 297 75 28 auslag
377 297 33 23 för
426 297 130 27 ändamålet,
572 297 101 22 hvarföre
688 298 178 28 borgareståndet

114 332 19 27 ej
150 331 69 22 heller
233 331 61 21 torde
309 331 71 22 kunna
396 335 58 25 yttra
469 331 34 28 sig
518 338 35 14 om
570 331 52 21 eller
636 332 35 20 för
682 332 33 20 sin
726 332 35 24 del
773 333 92 21 bestäm-

114 372 36 14 ma
164 369 32 18 ett
210 365 77 22 sådant
302 365 81 28 anslag,
399 365 24 21 så
438 365 98 29 önskligt
550 365 37 21 det
602 366 26 20 än
644 373 58 14 vore.

184 406 57 21 Herr
257 404 26 22 C.
298 405 21 21 J.
337 404 149 30 Grönberg:
524 405 86 23 Ilittills
632 405 65 23 hafva
720 406 51 21 våra
792 406 73 29 fartyg

115 440 57 21 varit
187 444 96 24 tvungna
299 443 30 17 att
346 440 97 28 begagna
459 439 115 23 utländska
590 439 83 29 sjökort
687 440 62 22 öfver
764 440 52 22 våra
827 440 39 21 ku-

115 479 45 16 ster
182 474 41 21 och
242 476 37 19 äro
298 474 37 21 det
348 474 56 21 ännu
421 474 6 21 i
444 474 71 22 denna
530 474 70 22 stund.
631 473 60 22 Huru
709 474 78 22 osäkra
801 474 65 22 dessa

115 509 86 27 sjökort
215 509 63 21 äfven
293 508 8 21 i
315 508 66 22 andra
396 508 185 28 omständigheter
596 508 27 21 än
638 508 27 21 de
677 508 64 21 redan
753 509 113 21 anmärkta

116 544 47 26 äro,
177 542 42 22 kan
235 550 48 14 man
298 543 56 22 sluta
369 542 67 27 deraf,
452 545 32 18 att
498 545 32 18 ett
544 542 90 28 sjökort,
650 543 93 28 utgifvet
761 543 3 21 i
775 542 91 29 Köpen-

117 578 64 21 hamn
205 577 66 21 under
289 577 97 21 sistlidne
404 576 32 28 år,
454 577 28 27 på
500 577 44 21 sätt
557 577 39 28 jag
610 577 49 21 med
674 585 54 20 egna
743 578 58 27 ögon
817 580 48 24 sett,

117 615 107 25 upptager
240 611 101 28 fyrbåkar
356 611 54 21 både
426 611 28 28 på
466 610 112 23 Säbbskär
590 611 41 21 och
644 611 155 28 Skälgrundet.
822 611 44 22 Om

116 653 29 14 nu
165 649 31 18 ett
213 645 77 22 sådant
304 645 82 28 sjökort
401 645 117 30 begagnas,
534 645 124 28 isynnerhet
672 646 25 21 af
709 649 31 18 ett
754 645 113 22 utländskt

117 681 81 27 fartyg,
217 679 24 22 så
255 680 42 21 kan
312 679 37 22 det
363 680 19 27 ej
399 683 65 19 annat
479 680 27 20 än
522 679 49 22 leda
587 679 32 21 till
635 680 148 28 skeppsbrott.
812 680 54 21 Det-

116 719 24 16 ta
161 721 65 22 synes
249 714 44 28 mig
315 721 52 15 vara
384 716 32 18 ett
433 713 47 22 skäl
499 714 34 21 till
549 714 34 21 för
598 721 34 14 oss
649 717 30 18 att
694 714 54 21 söka
762 713 104 24 förskaffa

116 756 38 13 oss
169 755 62 22 egna,
247 748 6 21 i
268 747 73 22 landet
356 747 126 23 utarbetade
497 747 85 28 sjökort
596 748 61 21 öfver
672 749 51 21 våra
737 749 81 22 kuster,

186 788 58 21 Herr
259 787 167 29 Tengström:
462 788 50 21 Den
528 795 46 14 som
591 788 55 21 helst
661 787 48 22 med
725 788 71 29 någon
812 795 54 21 upp-

117 822 146 21 märksamhet
277 822 6 21 i
299 826 30 17 ett
343 821 53 22 eller
411 825 65 18 annat
490 822 63 21 tiotal
568 822 24 21 är
607 822 48 28 följt
669 822 199 29 sjöfartsunderrät-

117 857 94 21 telserna
233 856 41 21 och
293 856 27 21 de
339 856 97 28 olyckor,
452 863 46 14 som
514 857 7 20 i
538 857 121 23 farvattnen
675 857 37 21 vid
727 857 52 21 våra
793 857 74 21 kuster

118 891 70 26 timat,
203 891 55 20 skall
273 890 70 29 aldrig
357 891 57 28 stiga
430 891 54 20 fram
500 890 41 21 och
557 891 53 28 säga
624 894 33 20 att
671 891 18 28 ej
705 891 26 21 de
747 891 24 21 af
784 891 83 21 utskot-

118 928 31 18 tet
164 925 7 21 i
187 925 88 21 främsta
290 928 89 17 rummet
395 928 111 25 upptagna
521 925 87 28 fyrarne
623 925 64 22 hafva
702 925 69 22 större
782 925 47 28 vigt
840 925 27 22 än

118 959 27 21 de
165 959 72 21 lokala
253 959 183 28 fyrinrättningar,
452 966 46 13 som
514 959 133 22 förekomma
662 959 7 21 i
683 967 75 14 senare
773 966 95 14 momen-

118 996 33 17 ter
169 993 26 20 af
209 992 115 21 utskottets
340 992 142 27 betänkande,
499 993 42 22 den
557 993 33 21 för
604 993 143 29 Björneborg,
763 1001 46 13 som
825 993 43 22 för-

118 1027 75 21 ordats
212 1027 24 20 af
248 1026 146 29 Björneborgs
410 1026 42 23 och
467 1026 96 23 Raumos
578 1031 177 24 representanter,
771 1029 41 20 och
827 1027 41 22 den
882 1027 3 2 '

118 1061 35 21 för
168 1060 127 27 Brahestad,
311 1061 34 20 för
359 1061 89 23 hvilken
462 1061 72 21 denna
549 1061 59 22 stads
624 1064 148 25 representant
787 1061 39 22 har
837 1065 32 18 ta-

118 1095 39 27 lat,
175 1097 55 18 samt
247 1095 43 22 alla
307 1095 27 21 de
353 1095 77 28 öfriga.
468 1094 118 23 Sannolikt
600 1095 70 22 skulle
684 1103 49 14 man
749 1097 63 20 äfven
828 1096 41 21 fått

119 1129 54 21 höra
187 1127 137 29 Marjaniemi
339 1129 35 30 fyr
389 1129 105 22 särskildt
509 1129 131 28 framhållas,
655 1130 72 21 derest
738 1130 48 22 icke
797 1137 72 21 repre-

118 1166 137 18 sentanterne
271 1163 34 22 för
321 1162 111 30 Uleåborg
447 1171 51 13 vore
514 1164 148 21 frånvarande.
691 1164 46 23 Det
747 1164 39 23 har
797 1164 72 22 förun-

120 1198 49 21 drat
184 1197 51 29 mig,
255 1200 31 18 att
297 1197 20 21 vi
329 1198 19 28 ej
361 1198 41 21 fått
412 1197 54 21 höra
478 1198 54 21 talas
545 1205 35 14 om
592 1198 106 28 fyrbåken
710 1198 27 32 på
749 1197 120 29 Skälgrun-

119 1232 45 27 det,
187 1232 67 21 ehuru
277 1235 174 25 representanten
474 1232 35 21 för
530 1231 77 23 Kaskö
630 1235 67 27 yttrat
719 1233 33 27 sig
769 1232 8 20 i
795 1231 74 22 saken.

118 1266 83 21 Finnes
216 1265 39 21 här
269 1266 35 21 väl
319 1266 71 28 någon
405 1269 149 25 representant
568 1266 113 28 tillstädes,
698 1274 46 16 som
759 1266 19 27 ej
794 1265 76 22 ätmin-

119 1303 63 18 stone
205 1299 148 23 berättelsevis
376 1300 81 22 känner
480 1300 27 22 de
526 1300 82 29 otaliga
626 1301 56 23 offer
700 1300 25 21 af
740 1300 74 30 fartyg
829 1300 41 21 och

119 1334 51 27 last,
185 1334 25 21 af
222 1334 144 27 menniskolif,
381 1342 48 14 som
444 1334 47 28 gått
507 1334 107 24 förlorade
630 1334 36 22 vid
677 1334 66 21 södra
753 1334 118 24 Skälskär?

119 1368 37 21 En
179 1368 78 29 fyrbåk
279 1368 69 22 skulle
366 1368 132 29 längesedan
518 1368 111 24 derstädes
649 1368 55 21 varit
720 1368 101 30 uppförd,
837 1376 34 14 om

119 1402 49 22 icke
187 1410 25 13 en
232 1402 122 28 olycksalig
369 1403 53 23 tvist
437 1404 98 28 uppstått
550 1410 35 14 om
601 1403 55 22 rätta
671 1402 84 28 platsen
771 1403 34 21 för
820 1402 51 21 den-

120 1444 89 20 samma,
224 1436 7 21 i
246 1436 37 22 det
297 1439 37 25 att,
349 1436 72 24 såsom
434 1437 38 30 jag
488 1440 52 24 tror,
555 1436 76 22 chefen
647 1436 34 23 för
693 1436 120 24 lotsverket
823 1436 48 21 icke
