1031 1700
795 138 40 22 157

114 205 49 15 rens
182 199 64 22 stånd
266 199 40 21 och
322 199 78 21 vilkor.
440 198 73 24 Sådan
529 199 24 21 är
568 199 43 21 min
627 199 57 29 åsigt
698 199 7 21 i
721 199 60 23 detta
797 202 68 21 ämne.

114 234 44 21 Det
173 234 62 21 torde
249 234 111 21 dessutom
375 234 48 20 icke
439 234 72 20 kunna
526 234 28 28 på
567 233 98 28 förhand,
677 234 128 22 åtminstone
818 235 49 22 med

114 268 107 28 säkerhet,
237 268 104 22 beräknas
357 268 88 20 hvilken
461 268 83 28 utgång
560 268 64 21 saken
640 268 97 22 kommer
751 271 31 19 att
797 270 70 20 erhål-

115 302 20 21 la
155 303 39 21 hos
213 302 149 28 ridderskapet
378 302 40 20 och
434 301 69 27 adeln,
519 302 41 21 och
576 310 34 13 om
626 302 48 22 icke
689 302 98 22 bemälde
802 303 64 21 stånd

114 336 57 22 skall
193 337 85 21 ansluta
299 337 34 27 sig
355 336 33 21 till
412 336 41 21 den
476 336 80 28 nådiga
577 337 163 27 propositionen
764 336 53 28 deri,
836 340 31 18 att

115 371 236 28 skjutsningsbesväret
370 370 38 22 bör
424 370 89 28 åläggas
530 371 64 21 äfven
608 371 165 28 ifrågavarande
786 371 81 29 jordlä-

116 405 109 27 genheter,
242 404 73 21 hvilka
331 404 84 22 härtills
431 405 56 20 varit
503 405 47 21 från
566 412 26 14 en
607 405 66 21 sådan
689 405 126 29 skyldighet
830 406 36 21 be-

115 439 79 25 friade;
209 447 47 13 men
273 439 63 21 äfven
353 446 34 14 om
404 446 26 14 en
445 438 67 22 sådan
528 439 57 28 åsigt
600 439 48 21 icke
663 439 70 22 skulle
747 440 25 21 af
783 440 84 21 ridder-

114 473 77 27 skapet
207 473 40 21 och
263 473 62 21 adeln
341 473 85 26 uttalas,
441 473 70 21 finner
524 474 38 27 jag
577 473 45 28 mig
637 473 63 28 dock,
716 474 28 28 på
759 474 70 28 grund
844 474 25 21 af

114 508 90 20 rättvisa
227 507 40 21 och
291 507 105 28 billighet,
419 507 78 21 manad
516 510 32 18 att
567 507 83 29 påyrka
665 507 36 21 det
716 508 151 28 ridderskapet

115 541 40 21 och
179 541 74 21 adelns
274 540 107 22 motstånd
400 541 48 21 icke
467 541 34 21 må
519 548 63 14 anses
602 542 77 28 utgöra
693 541 76 22 hinder
784 542 34 21 för
833 549 34 14 sa-

115 576 53 21 kens
185 576 166 27 genomförande
366 576 8 21 i
390 575 37 22 det
442 576 24 21 af
478 576 45 28 mig
538 575 96 29 antydda
649 577 64 27 syfte.

184 615 56 22 Herr
255 611 151 33 Öhrnberg:
440 615 45 21 För
500 616 43 21 min
559 615 35 22 del
610 616 42 21 kan
665 617 38 27 jag
719 617 18 27 ej
753 616 114 21 instämma

114 651 7 20 i
145 650 40 21 den
208 650 52 21 siste
283 651 92 20 talarens
395 650 140 28 uppfattning
554 650 25 21 af
595 650 86 28 frågans
697 653 62 18 natur
774 650 41 21 och
831 650 36 21 be-

114 684 128 22 skaffenhet.
273 684 43 21 Det
331 692 63 20 synes
410 684 45 28 mig
471 684 107 28 nemligen
590 691 52 14 vara
655 684 168 29 otvifvelaktigt,
835 687 32 18 att

114 726 27 13 en
164 718 85 28 ätgärd,
272 718 138 29 hvarigenom
433 718 26 21 de
482 718 165 28 ifrägavarande
664 718 202 29 jordlägenheterne

114 753 71 20 skulle
201 753 111 20 ähvälfvas
329 760 25 13 en
370 756 73 25 tunga,
459 752 95 21 deriträn
570 752 26 21 de
611 753 67 28 enligt
689 753 68 28 tredje
770 753 97 28 purkten

114 787 7 20 i
142 787 54 20 1789
216 787 34 20 ärs
274 785 120 30 förenings-
416 786 40 21 och
478 786 150 21 säkerhetsakt
647 787 36 21 äro
699 787 103 27 befriade,
817 787 49 22 icke

115 820 42 21 kan
173 821 157 28 ävägabringas
346 821 27 27 pä
389 824 64 17 annat
468 821 43 20 sätt
526 821 53 20 eller
594 820 27 28 pä
636 828 68 13 annan
720 822 43 26 väg
778 821 27 21 än
817 821 50 27 den,

115 861 45 14 som
185 855 38 20 bör
246 855 63 28 följas
332 855 35 21 vid
392 855 168 28 genomförande
584 855 24 21 af
625 855 72 28 hvarje
717 855 149 28 förändring
852 851 18 36 i

114 889 91 20 nämnde
224 889 253 28 grundlagsförordning.
514 889 12 20 I
542 889 69 21 denna
626 889 160 28 omständighet
801 889 66 22 biträ-

114 923 39 20 der
165 923 38 28 jag
219 923 83 21 således
319 923 133 28 fullkomligt
467 923 40 21 den
524 923 24 21 af
562 923 103 21 utskottet
680 923 95 21 uttalade
791 923 41 21 och
845 923 25 22 af

115 957 49 20 herr
184 957 127 27 Tengström
335 965 26 13 nu
383 957 66 21 under
468 957 153 21 diskussionen
640 957 147 21 understödda
802 957 64 28 äsigt,

112 991 66 28 jemte
197 991 36 21 det
245 992 38 27 jag
298 991 103 21 särskildt
416 991 38 21 vill
471 991 119 28 framhälla,
606 995 31 18 att
652 992 126 28 regeringen
794 991 73 22 säker-

114 1025 58 28 ligen
195 1027 17 26 ej
236 1025 67 22 heller
327 1026 46 21 haft
396 1026 33 21 för
453 1026 66 28 afsigt
537 1029 31 18 att
586 1026 148 21 åstadkomma
753 1033 26 14 en
799 1026 67 21 sådan

115 1059 126 28 förändring
257 1060 6 21 i
279 1060 100 28 gällande
395 1059 115 29 grundlag,
526 1061 52 20 enär
593 1060 40 21 den
651 1060 140 21 förevarande
805 1060 60 21 nädi-

114 1101 29 20 ga
161 1095 162 26 propositionen
343 1095 6 20 i
368 1094 102 21 rubriken
490 1094 73 21 derom
583 1095 54 20 intet
655 1094 90 29 antyder
764 1097 56 18 samt
834 1102 33 13 re-

115 1128 102 28 geringen
238 1129 6 19 i
265 1132 64 17 annat
345 1129 36 20 fall
398 1131 50 18 utan
464 1129 77 20 tvifvel
558 1129 69 20 skulle
644 1129 93 27 förelagt
752 1128 115 22 ständerne

94 1185 2 4 ,
114 1166 31 17 ett
167 1162 6 20 i
196 1162 112 22 bestämda
327 1162 89 29 ordalag
435 1162 99 22 affattadt
554 1164 81 27 förslag
655 1163 32 21 till
704 1162 126 29 förändring
845 1164 24 20 af

114 1196 92 21 nämnde
226 1196 67 28 tredje
312 1196 68 28 punkt
395 1196 7 21 i
418 1197 122 27 förenings-
554 1196 40 22 och
610 1196 185 24 säkerhetsakten.
830 1196 37 22 Då

114 1230 118 22 emellertid
253 1230 76 22 sädant
347 1231 18 27 ej
385 1230 64 27 skett,
466 1231 48 26 kan,
530 1231 69 28 enligt
615 1231 42 21 min
673 1231 71 26 tanke,
759 1230 41 21 den
815 1230 52 22 ifrä-

114 1264 123 28 gavarande
260 1264 102 29 ätgärden
385 1265 35 21 för
442 1265 135 21 närvarande
600 1265 17 27 ej
637 1265 144 28 genomföras,
801 1264 65 22 äfven

114 1306 34 14 om
172 1298 42 22 alla
237 1299 90 21 ständen
349 1299 72 21 dertill
444 1299 82 26 bifölle,
549 1299 89 21 säframt
657 1299 107 27 nemligen
784 1298 82 30 lagliga

113 1333 80 21 former
215 1333 34 21 för
272 1333 128 21 ärendernas
424 1333 132 29 behandling
580 1333 62 21 skola
665 1333 114 27 iakttagas.
823 1332 44 23 Till

113 1367 50 21 stöd
185 1367 33 21 för
241 1367 104 29 yrkandet
367 1367 29 28 pä
418 1367 165 29 förändringens
607 1366 196 29 ävägabringande,
826 1367 41 22 har

112 1409 51 13 man
177 1401 104 28 äberopat
296 1401 105 29 billighet,
417 1401 40 21 och
474 1401 60 22 detta
549 1402 23 20 är
584 1401 111 28 verkligen
710 1402 31 20 ett
752 1400 54 28 skäl,
818 1408 48 15 som

113 1435 37 21 vid
173 1435 190 22 ästadkommande
386 1436 26 20 af
427 1442 27 14 en
472 1434 228 30 lagstiftningsätgärd
719 1434 40 22 bör
777 1438 62 26 tagas
858 1435 9 24 i
