1031 1700
795 132 40 22 271

111 194 28 24 de
151 196 34 21 del
199 195 155 22 oförändradt?
369 195 53 22 eller
444 195 74 21 Anser
530 194 90 22 ståndet
628 197 33 19 att
673 195 74 29 frågan
760 196 39 21 bör
811 197 55 21 först

112 231 98 21 närmare
229 230 141 26 undersökas,
386 230 28 28 på
429 230 43 20 sätt
487 230 7 20 i
510 229 41 21 den
567 229 22 21 af
604 229 85 21 ståndet
705 232 93 26 antagna
813 231 54 21 kon-

111 265 198 27 trapropositionen
325 264 151 21 omförmäles?

182 299 33 21 De
231 298 74 21 hvilka
320 298 69 21 önska
404 298 37 22 det
456 298 64 27 förra,
536 305 64 15 svara
611 298 31 28 ja,
657 298 42 22 och
713 298 28 22 de
756 306 46 14 som
814 300 52 28 vilja

111 333 38 21 det
163 333 97 26 sednare,
275 340 63 13 svara
353 332 42 28 nej.

182 366 85 22 Genom
289 366 57 28 ånyo
369 366 94 22 anställd
487 367 101 28 votering
609 366 97 22 uttalade
729 367 33 29 sig
780 367 87 22 ståndet

112 401 49 21 med
179 402 25 20 15
220 399 69 23 töster
307 404 57 18 emot
380 402 26 20 14
422 402 34 21 för
475 401 133 28 antagandet
622 402 25 20 af
659 401 117 23 utskottets
792 402 74 22 betän-

112 435 79 22 kande.

181 475 84 22 Härvid
281 475 104 21 anmältes
401 475 40 21 och
460 478 109 26 emottogs
582 483 26 14 en
620 476 127 28 deputation
759 477 47 22 från
818 484 49 21 pre-

112 510 125 27 steständet,
253 510 68 21 under
336 509 118 21 anförande
470 510 24 20 af
507 509 49 22 herr
572 513 86 25 prosten
675 510 121 28 Ehrström,
812 511 55 21 hvil-

112 544 43 22 ken
173 545 40 28 gaf
230 545 115 21 tillkänna:
363 546 41 25 1:0,
423 547 32 18 att
470 544 158 28 presteständet
642 544 69 22 under
726 545 81 29 dagens
822 552 45 14 ses-

112 579 48 21 sion
177 579 92 22 beslutat
285 583 30 16 att
331 579 32 20 till
379 579 107 20 allmänna
503 579 196 21 besvärsutskottet
713 579 154 22 äterremittera

112 613 43 22 den
177 614 99 27 petition,
299 620 45 14 som
367 613 63 28 afsäg
452 613 171 28 reorganisation
643 614 25 21 af
683 613 84 22 landets
788 613 79 28 högsta

112 648 145 28 styrelseverk
281 647 48 21 med
351 655 65 18 mera,
437 647 33 20 för
489 651 31 17 att
536 647 141 22 underkastas
693 646 41 23 det
750 648 117 21 omformu-

112 682 78 29 lering,
213 689 46 14 som
279 681 70 22 blefve
367 689 27 13 en
414 681 54 28 följd
484 683 24 20 af
521 681 27 21 de
564 681 130 22 förändrade
709 682 157 27 förhållanden,

112 716 75 21 hvilka
202 715 95 22 inträffat
312 715 126 28 derigenom
454 719 38 23 att,
507 715 73 22 säsom
592 715 68 22 kändt
672 723 59 20 vore,
743 716 64 21 Hans
818 715 49 22 Ma-

110 751 68 28 jestät
196 751 7 20 i
221 750 66 21 nåder
306 750 70 21 funnit
396 749 54 28 godt
464 749 110 22 anbefalla
589 750 145 21 tillsättandet
749 751 24 20 af
785 757 27 15 en
827 750 40 21 ko-

112 785 52 21 mite
183 785 8 20 i
209 792 80 13 samma
309 785 68 27 syfte;
400 785 41 26 %:o,
460 787 31 18 att
510 785 158 26 presteständet
682 783 48 23 icke
746 787 70 18 ansett
831 785 35 28 sig

112 818 75 22 kunna
208 823 78 24 antaga
308 818 42 21 den
373 819 25 20 af
418 818 157 21 bondeständet
593 818 77 29 gjorda
689 818 129 29 inbjudning
836 821 31 18 att

113 854 77 20 förena
209 853 34 28 sig
259 853 30 20 uti
305 853 37 21 det
357 853 24 20 af
393 850 99 23 bemälda
508 853 62 21 ständ
587 853 80 21 fattade
683 853 71 21 beslut
768 853 7 21 i
791 853 76 28 frägan

113 894 34 13 om
171 887 140 28 tillverkning
334 886 40 21 och
394 887 130 28 försäljning
544 887 24 20 af
585 886 101 27 bränvin;
709 890 55 18 samt
779 887 42 27 3:o,
835 890 32 18 att

112 921 161 28 presteständet
288 921 97 28 godkänt
400 921 172 21 statsutskottets
585 921 135 22 betänkande
731 922 8 20 i
750 921 117 29 anledning

113 955 24 21 af
151 955 78 28 nädiga
245 955 162 28 propositionen
423 955 45 21 N:o
483 955 35 26 33,
534 963 35 13 om
585 955 138 29 upptagande
739 956 24 21 af
775 955 92 22 statslän

113 989 34 22 för
163 993 31 18 att
210 989 77 22 bereda
302 990 26 20 de
344 989 11 21 ä
371 989 200 29 donationsgodsen
587 990 7 20 i
610 989 107 28 Wiborgs
731 989 36 21 län
783 989 84 22 bosatte

114 1024 82 21 bönder
218 1025 67 27 utväg
303 1027 32 17 att
353 1024 72 21 tillösa
441 1025 33 26 sig
490 1024 47 21 sina
553 1023 130 28 lägenheter,
699 1023 49 22 med
763 1023 42 22 den
821 1031 45 14 mo-

115 1058 113 21 difikation
246 1056 66 23 likväl
329 1061 36 23 att,
381 1058 7 21 i
404 1058 104 21 händelse
520 1058 26 21 de
560 1058 24 21 af
593 1058 105 21 utskottet
709 1058 116 21 förordade
836 1059 31 20 ät-

112 1092 79 28 gärder
206 1090 32 23 till
254 1092 140 21 anskaffande
410 1093 24 20 af
448 1093 108 20 inhemskt
571 1092 36 21 län
623 1091 103 22 befunnes
739 1092 128 21 otillräekli-

112 1134 35 21 ga,
163 1127 106 28 styrelsen
285 1127 69 21 skulle
371 1127 176 28 befullmäktigas
563 1130 32 18 att
610 1126 12 22 ä
637 1134 70 14 annan
723 1127 42 28 väg
781 1126 87 22 anskaf-

112 1162 23 20 fa
149 1161 27 21 de
191 1161 82 28 nödiga
288 1161 90 21 medlen.

182 1200 57 22 Herr
254 1200 151 22 talmannen
426 1200 118 22 betackade
559 1201 164 29 deputationen;
743 1200 41 22 och
799 1200 67 22 sedan

112 1235 125 21 densamma
253 1235 86 26 afträdt,
357 1235 105 28 begärdes
478 1236 63 20 ordet
556 1235 24 21 af

183 1269 56 21 Herr
255 1268 144 28 Sundman,
418 1276 46 14 som
480 1269 98 29 yttrade:
608 1269 45 29 Jag
668 1269 38 22 ber
721 1271 32 19 att
767 1269 57 21 ännu
839 1276 27 14 en

113 1304 58 28 gäng
187 1304 21 20 fä
224 1305 55 19 fästa
294 1303 96 21 ständets
407 1304 191 27 uppmärksamhet
610 1304 36 20 vid
659 1304 48 21 mitt
719 1304 58 20 förra
791 1302 76 22 andra-

114 1338 71 28 gande
204 1338 110 27 angäende
334 1338 112 28 omfänget
464 1338 24 20 af
500 1337 27 22 de
543 1345 59 21 egor,
618 1345 47 14 som
681 1338 52 20 böra
746 1337 66 27 jemte
827 1336 40 22 do-

112 1372 240 28 nationslägenheterne
368 1372 88 20 inlösas.
486 1371 67 22 Detta
569 1372 49 20 mitt
632 1371 83 29 förslag
727 1370 95 29 grundar
833 1371 35 28 sig

112 1406 59 26 derä,
193 1409 30 17 att
242 1406 137 20 hemmanens
398 1406 83 20 inlösen
501 1406 123 28 egentligen
643 1406 58 21 afser
716 1408 32 18 att
763 1405 22 21 ät
801 1405 66 21 dona-

113 1440 169 21 tionsbönderne
301 1440 152 22 äterförskaffa
468 1440 155 29 eganderätten
638 1440 33 21 till
686 1440 64 22 deras
765 1438 102 30 lägenhe-

537 1477 13 15 N
