1031 1700
197 77 42 21 212

172 141 86 21 korthet
277 141 47 21 icke
343 141 82 21 kunnat
441 142 51 28 ingå
506 142 6 21 i
529 141 133 29 granskning
678 141 24 21 af
714 141 35 21 det
765 141 6 21 i
787 141 41 21 den
845 141 78 28 nådiga

172 174 163 30 propositionen
357 176 90 28 intagna
470 176 253 28 författningsförslaget,
746 176 82 21 hvilket
846 176 76 28 tillägg

171 210 92 21 sålnnda
281 210 69 21 skulle
369 210 93 28 upplysa
478 218 34 13 om
528 210 90 22 orsaken
635 210 72 21 dertill
723 213 31 18 att
769 210 96 22 ståndets
881 210 42 20 till-

171 244 96 28 görande
289 245 6 20 i
318 244 141 22 förevarande
482 244 78 21 ärende
579 244 7 21 i
604 244 24 21 så
651 244 66 22 måtto
737 251 51 14 vore
807 244 115 22 afvikande

173 279 45 21 från
236 279 157 28 behandlingen
410 280 24 19 af
447 278 75 29 frågan
538 286 34 14 om
588 279 97 28 egofred.

241 316 57 23 Herr
314 312 152 34 Öhrnberg:
501 318 13 22 I
535 318 118 28 anledning
675 319 24 21 af
715 318 56 22 hvad
792 318 49 22 herr
855 318 67 21 Ther-

171 353 48 21 men
238 360 28 13 nu
286 352 120 29 föreslagit,
424 354 67 20 måste
507 354 39 27 jag
561 354 110 25 anmärka,
687 356 30 18 att
729 354 46 28 jag,
790 354 6 20 i
813 354 109 20 öfverens-

172 386 122 22 stämmelse
313 386 48 22 med
381 386 57 22 hvad
454 388 38 27 jag
510 387 6 21 i
532 387 112 21 enahanda
660 386 101 22 afseende
777 391 67 25 yttrat
858 388 7 20 i
881 387 42 21 frå-

171 429 42 20 gan
233 428 35 14 om
283 421 97 28 egofred,
395 421 49 21 icke
459 421 41 21 kan:
516 421 48 21 dela
580 422 48 20 berr
644 420 117 22 Therméns
777 422 56 28 äsigt
848 421 74 22 derom

172 459 32 17 att
221 456 38 21 det
277 456 70 21 skulle
366 455 61 29 ligga
442 455 56 21 inom
515 455 125 22 ständernes
657 456 131 28 befogenhet
803 459 31 18 att
849 456 50 28 ingå
914 455 8 22 i

172 490 135 28 granskning
329 490 24 21 af
369 490 37 20 det
424 490 6 20 i
449 490 41 21 den
505 489 79 29 nådiga
599 490 164 28 propositionen
779 490 85 21 införda
880 491 43 20 för-

172 524 218 28 fattningsförslaget,
405 524 89 21 emedan
510 524 124 25 detsamma,
650 524 68 28 enligt
730 524 55 21 hvad
800 524 59 21 Hans
871 524 52 28 Kej-

172 558 80 29 serliga
274 556 104 31 Majestät
401 558 47 21 med
472 558 83 29 tydliga
575 558 38 21 ord
632 558 31 21 uti
679 559 164 27 propositionen
857 558 66 29 gifvit

171 593 112 26 tillkänna,
307 593 38 21 bör
367 593 109 20 betraktas
498 592 76 21 endast
592 593 71 20 såsom
682 600 25 13 en
728 593 72 27 bilaga
818 593 39 21 och
874 592 49 21 icke

172 627 73 21 blifvit
263 627 6 21 i
288 627 111 29 egenskap
415 628 24 20 af
452 627 118 28 lagförslag
585 627 126 21 ständernes
728 627 102 29 pröfning
845 626 78 22 under-

172 661 93 21 kastadt.

240 700 83 22 Herrar
342 700 100 26 Mölsä,
460 700 147 29 Bergstedt
626 701 42 21 och
688 699 164 29 Lindegvist
867 701 56 20 före-

172 735 55 21 nade
243 736 34 27 sig
292 735 6 21 i
315 735 48 21 herr
379 729 128 34 Öbrnbergs
522 735 99 21 sednaste
637 735 108 28 yttrande.

241 768 72 22 Sedan
333 769 117 21 utskottets
466 769 134 22 betänkande
615 769 92 22 rörande
723 769 140 21 förevarande
879 777 45 12 mo-

173 807 64 23 ment,
253 804 54 20 efter
322 804 135 27 proposition
473 804 23 20 af
510 804 48 21 herr
574 802 161 28 talmannen,
752 803 71 21 blifvit
835 804 24 20 af
867 804 57 20 stån-

173 838 37 21 det
231 838 105 28 enhälligt
355 838 84 28 gilladt,
459 837 133 22 framställde
611 837 50 22 herr
680 837 151 22 talmannen
850 837 74 21 vidare

173 872 95 29 följande
284 872 146 28 proposition:

240 907 73 20 Anser
334 906 87 21 ståndet
440 909 31 18 att
488 906 31 21 uti
538 906 127 21 ständernes
684 905 147 29 underdåniga
847 913 50 14 svar
912 905 13 21 å

173 941 41 20 den
233 941 80 28 nådiga
333 941 163 27 propositionen
517 941 39 20 bör
570 940 76 29 inflyta
662 940 121 28 förklaring
797 940 73 21 derom
886 943 39 22 att,

173 976 6 20 i
196 975 107 22 anseende
321 975 33 21 till
370 975 143 28 landtdagens
528 978 60 17 snart
603 974 137 22 förestående
756 974 127 26 afslutande,
899 974 27 21 ti-

173 1009 42 22 den
234 1009 48 22 icke
302 1009 114 28 medgifvit
435 1013 32 17 att
485 1009 49 28 ingå
550 1009 7 20 i
573 1009 103 28 pröfning
691 1009 24 20 af
728 1008 37 21 det
781 1009 29 20 uti
826 1009 100 28 proposi-

173 1044 72 20 tionen
262 1043 87 28 intagna
365 1043 82 28 förslag
462 1043 32 21 till
510 1043 129 28 förordning
654 1051 35 12 om
705 1043 200 28 vattenledningar?

241 1077 64 22 Efter
327 1077 93 21 anställd
441 1078 98 28 votering
559 1077 69 21 beslöt
646 1077 86 21 ståndet
751 1077 48 21 med
817 1077 24 20 16
857 1077 69 21 röster

174 1114 58 19 emot
252 1111 26 21 10
296 1115 31 17 att
346 1111 145 28 nyssnämnde
510 1111 78 29 tillägg
604 1111 89 21 borde'
683 1107 12 37 i
708 1111 126 21 ständernes
850 1111 77 21 under-

174 1146 80 28 dåniga
277 1153 49 14 svar
347 1146 62 28 ingå;
432 1146 41 21 och
492 1146 85 20 komme
596 1146 34 21 för
649 1146 74 28 öfrigt,
742 1146 67 21 sedan
827 1146 100 21 ärendets

176 1180 131 29 behandling
329 1180 85 21 således
437 1180 71 21 blifvit
526 1180 101 25 slutförd,
647 1179 156 21 underrättelse
818 1188 34 12 om
868 1180 60 20 stån-

175 1215 47 21 dets
241 1214 132 29 tillgörande
387 1214 8 22 i
410 1214 67 22 saken
493 1218 31 17 att
538 1214 109 22 meddelas
663 1214 60 21 såväl
738 1214 139 21 medstånden
894 1214 34 21 till

175 1248 122 22 kännedom
319 1256 47 14 som
388 1248 252 28 expeditionsutskottet,
662 1248 35 21 för
719 1248 41 21 den
783 1249 28 27 på
830 1248 98 22 bemälde

176 1282 84 22 utskott
277 1282 159 22 ankommande
456 1282 72 22 vidare
547 1282 77 28 åtgärd
642 1282 7 21 i
665 1282 96 27 ärendet,
776 1282 7 21 i
798 1282 84 22 hvilket
896 1283 32 20 af-

175 1316 78 22 seende
269 1316 33 21 till
316 1316 49 22 dem
381 1317 71 21 skulle
467 1316 125 29 expedieras
607 1319 31 25 ett
652 1317 25 21 så
691 1316 94 29 lydande
797 1317 132 27 protokolle-

175 1350 90 29 utdrag:

244 1384 139 30 ”Föredrogs
402 1388 154 20 sammansatta
575 1385 45 29 lag-
638 1385 44 22 och
697 1384 231 23 ekonomicutskottets
