1031 1700
795 137 40 22 107

108 203 29 21 da
153 203 63 22 huset
231 204 66 21 borde
313 204 32 21 till
361 204 130 22 ständerhus
508 204 80 22 inlösas
604 204 53 22 eller
672 204 57 28 icke,
742 208 51 20 utan
806 201 59 27 skul-

108 237 21 22 le
149 238 58 21 detta
227 239 90 20 tvärtom
337 238 51 22 bero
405 240 24 20 af
442 238 36 21 det
495 239 99 27 resultat,
609 239 88 21 hvartill
714 240 99 22 ärendets
830 241 35 21 be-

109 272 106 28 handling
233 272 7 22 i
260 274 104 20 utskottet
383 272 73 22 kunde
471 272 56 22 leda.
565 272 115 22 Utskottet
695 275 170 22 sammanträder

109 306 47 22 åter
170 307 7 21 i
193 307 42 28 dag
251 306 28 28 på
294 307 178 27 eftermiddagen,
489 307 35 21 för
539 310 31 18 att
586 307 127 29 öfverlägga
729 316 34 13 om
779 309 86 28 möjlig-

110 340 63 22 heten
190 344 31 18 att
237 341 72 21 inreda
326 341 138 21 riddarbuset
480 341 32 21 till
528 341 162 29 beqvämlighet
706 343 33 20 för
751 343 44 21 alla
806 344 58 20 stån-

109 376 53 26 den,
185 376 41 20 och
245 375 26 21 de
292 376 79 25 beslut,
395 382 46 14 som
461 375 73 21 derom
552 376 84 21 komme
653 379 30 18 att
699 376 76 28 fattas;
793 377 71 21 skulle

110 409 169 21 sedermera.
246 405 39 38 för
293 409 89 21 stånden
400 410 102 26 anmälas,
518 410 101 21 hvarföre
631 410 40 28 jag
685 410 131 29 hemställer,
828 419 35 14 om

109 444 50 22 icke
181 443 48 22 med
252 443 73 22 vidare
344 444 76 28 åtgärd
441 444 6 20 i
464 444 89 21 ärendet
568 444 58 28 finge
642 445 61 21 anstå
718 446 33 20 till
766 446 51 21 dess
833 446 32 21 of-

110 478 135 21 vannämnde
264 478 136 28 preliminära
419 478 70 28 fråga,
506 478 67 21 hvarå
588 478 97 22 ståndets
702 478 73 22 vidare
791 480 74 28 tillgö-

110 512 67 21 rande
193 512 6 21 i
216 512 151 22 hufvudsaken
387 512 68 22 måste
472 513 62 27 bero,
551 512 72 22 blifvit
638 513 25 21 af
675 513 106 22 utskottet
795 514 71 22 slutli-

110 554 43 22 gen
169 546 93 29 afgjord.

179 586 58 22 Herr
248 586 164 22 Dahlström:
435 585 11 23 I
459 586 117 29 anledning
588 587 25 21 af
622 587 56 21 hvad
691 587 49 22 herr
752 586 113 24 Sundman

110 629 29 14 nu
155 624 77 26 yttrat,
252 621 96 21 anhåller
360 622 39 27 jag
414 624 31 18 att
461 621 21 21 få
499 621 33 22 för
547 621 87 22 ståndet
649 621 119 22 framställa
784 622 82 28 förlop-

110 659 39 26 pet
167 656 36 21 vid
222 655 100 22 ärendets
341 655 133 28 behandling
489 655 7 21 i
512 655 112 22 utskottet.
661 655 45 22 Vid
721 656 42 21 den
778 656 89 22 diskus-

111 690 59 27 sion,
185 697 46 14 som
247 689 107 22 derunder
369 689 85 26 fördes,
470 689 94 22 uttalade
580 690 69 21 större
665 689 62 22 delen
743 690 24 21 af
780 690 85 22 utskot-

112 727 43 19 tets
174 724 138 21 medlemmar
330 724 47 21 sina
392 724 80 28 åsigter
488 723 92 22 rörande
597 724 75 28 frågan
687 731 35 15 om
738 724 63 22 huset
816 725 49 21 bor-

111 758 28 22 de
161 759 7 20 i
191 758 114 29 uppgifvet
327 757 102 23 afseende
448 758 80 21 inlösas
548 758 52 21 eller
616 758 58 27 icke,
690 758 48 21 med
754 759 112 28 undantag

112 793 67 21 likväl
199 793 23 20 af
239 793 99 28 samtlige
357 792 132 28 deputerade
506 792 46 21 från
568 792 151 29 ridderskapet
733 793 42 21 och
791 793 74 27 adeln,

112 827 75 22 hvilka
202 827 47 20 icke
265 824 88 31 deltogo
368 827 7 20 i
390 827 71 21 denna
475 826 133 22 diskussion.
631 826 46 22 Vid
690 830 31 19 ett
733 827 94 27 tillfälle,
839 827 28 22 då

112 861 50 22 herr
176 860 111 23 Sundman
303 860 55 22 hade
374 861 110 28 aflägsnat
499 861 34 27 sig
549 861 47 21 från
611 861 198 27 sessionsrummet,
825 862 41 21 fat-

112 895 61 22 tades
190 895 71 22 beslut
275 895 85 26 derom,
376 899 32 16 att
423 895 97 22 närmare
536 895 7 22 i
559 895 66 21 saken
640 895 49 21 icke
702 895 70 22 kunde
792 896 75 28 tillgö-

112 937 36 14 ras
164 929 64 21 innan
245 929 90 22 stånden
352 929 107 22 bestämdt
473 932 68 26 yttrat
556 929 34 28 sig
606 929 105 22 huruvida
727 929 26 22 de
767 937 51 14 vore
832 930 35 21 be-

112 965 71 27 nägne
203 966 32 18 att
253 963 70 21 inlösa
339 963 73 27 huset,
427 963 88 21 emedan
532 963 77 21 endast
624 964 6 21 i
646 963 77 22 sådant
739 963 38 23 fall
794 964 73 21 blefve

112 998 78 29 nödigt
212 1000 31 19 att
265 1005 76 21 genom
361 997 118 22 arkitekter
498 997 40 21 och
559 997 66 22 andra
640 997 136 29 sakkunnige
792 1005 75 21 perso-

114 1040 39 14 ner
171 1032 54 22 söka
243 1032 94 21 inhemta
353 1031 116 29 utredning
484 1039 35 14 om
535 1031 192 29 verkställigheten
742 1032 25 21 af
779 1032 27 21 de
821 1033 44 20 för-

113 1066 117 28 ändringar
241 1067 7 20 i
261 1065 73 22 husets
350 1065 124 29 inredning,
490 1065 89 22 stånden
596 1066 79 29 ansåge
690 1066 53 22 böra
758 1066 108 29 vidtagas.

113 1095 105 26 Önskade
234 1099 90 22 stånden
340 1100 48 21 icke
403 1099 74 22 husets
493 1099 113 22 inlösande
618 1099 34 22 till
664 1100 137 27 ständerbus,
814 1101 53 21 blef-

114 1142 27 14 ve
165 1134 70 22 denna
254 1134 116 28 utredning
388 1134 138 29 naturligtvis
546 1133 131 30 öfverflödig
692 1134 41 22 och
750 1134 93 22 behöfde
859 1135 7 22 i

112 1168 79 22 sådant
209 1168 38 21 fall
265 1168 49 21 icke
329 1168 113 22 inhemtas.
479 1168 46 22 För
540 1168 43 21 min
598 1168 36 22 del
649 1168 96 22 uttalade
757 1169 40 28 jag
811 1169 7 21 i
834 1172 33 18 ut-

113 1203 83 21 skottet
211 1202 41 22 och
267 1202 65 28 hyser
347 1202 64 22 äfven
427 1210 28 14 nu
470 1202 43 22 den
528 1202 64 29 äsigt,
604 1205 32 19 att
650 1202 41 22 den
707 1202 66 27 lokal,
789 1203 78 28 borga-

112 1236 111 23 reståndet
237 1236 68 29 enligt
320 1236 37 22 det
372 1236 124 29 uppgjorda
511 1237 105 28 förslaget
631 1236 41 22 och
687 1236 73 22 dertill
771 1236 97 22 hörande

112 1271 107 27 ritningar
234 1270 85 22 komme
335 1273 31 19 att
381 1270 127 28 disponera,
523 1271 71 21 skulle
609 1270 90 29 erbjuda
711 1270 84 29 ganska
805 1270 64 29 ringa

113 1304 109 23 företräde
245 1305 89 21 framför
352 1305 42 21 den
412 1305 126 21 nuvarande
556 1304 41 22 och
612 1304 49 22 icke
676 1305 69 21 större
760 1306 108 26 utrymme

113 1340 28 21 än
160 1338 77 22 denna.
274 1338 49 22 Den
343 1339 57 21 enda
418 1339 110 29 egentliga
543 1339 98 21 fördelen
656 1346 51 14 vore
723 1340 32 20 att
769 1338 99 23 ståndets

112 1374 144 22 sessionsrum
280 1373 71 21 blefve
373 1373 67 29 något
458 1373 68 29 högre
545 1374 27 20 än
592 1373 61 22 detta
667 1375 56 19 samt
738 1374 31 19 att
783 1372 85 23 läktare

114 1407 73 23 kunde
206 1407 39 21 der
263 1407 124 29 anbringas.
424 1407 72 29 Tager
511 1415 49 13 man
576 1407 45 22 åter
636 1407 7 21 i
659 1406 162 29 öfvervägande
837 1410 32 20 att
