1031 1700
795 136 41 21 257

108 200 54 28 ning
184 200 62 21 hvari
269 198 227 22 donationsbönderne
515 198 7 22 i
541 198 108 28 Wiborgs
669 198 34 22 län
724 198 85 22 befinna
824 200 41 27 sig,

108 234 43 21 kan
169 235 39 27 jag
226 233 68 22 likväl
313 233 48 21 icke
377 233 47 21 med
442 233 42 21 min
502 233 46 21 röst
562 232 133 22 understöda
710 240 25 14 en
752 234 66 20 sådan
834 234 32 20 åt-

109 269 63 27 gärd,
187 276 46 13 som
249 267 42 22 den
307 267 107 21 utskottet
429 267 39 21 här
484 267 105 27 förordat,
604 267 53 21 eller
672 270 32 18 att
718 267 27 21 de
761 275 104 13 nuvaran-

110 302 27 21 de
153 302 150 21 donatarierne
318 302 145 27 ovilkorligen
480 301 63 21 skola
558 309 52 13 vara
624 301 101 29 skyldige
741 304 32 18 att
783 302 35 22 för
829 302 38 20 do-

109 336 210 22 nationsböndernes
335 336 98 20 äboende
448 336 127 28 lägenheter
590 339 51 25 taga
657 336 59 20 lösen
728 336 69 28 enligt
809 336 58 28 pröf-

110 371 53 27 ning
186 371 23 21 af
230 370 195 28 kompromissrätt.
463 369 45 28 Jag
531 377 63 13 anser
615 370 71 20 denna
709 370 76 28 åtgärd
808 370 60 20 inne-

111 406 55 20 fatta
181 412 25 14 en
223 405 24 21 sä
262 404 132 28 äfventyrlig
409 404 187 27 rättskränkning,
612 407 32 17 att
659 404 85 21 ständet
758 404 48 21 icke
820 404 48 20 bor-

111 439 28 21 de
154 439 33 21 till
203 439 124 21 densamma
342 438 98 28 bidraga.
474 434 118 24 Utskottet
607 438 39 20 har
661 439 115 20 motiverat
791 438 77 21 försla-

112 477 37 25 get
171 481 34 13 om
229 473 70 21 denna
321 472 76 28 ätgärd
420 472 96 26 dermed,
540 475 32 17 att
590 472 42 20 den
651 472 110 22 enskildes
776 473 92 21 intresse

112 507 68 21 borde
196 507 51 21 vika
262 507 33 21 för
310 510 82 17 statens
408 506 66 28 högre
490 506 84 28 sedliga
590 506 97 21 intresse.
720 507 68 21 Detta
803 508 24 20 är
841 514 27 14 en

112 546 52 23 sats,
188 549 46 14 som
258 541 127 28 visserligen
405 541 34 20 till
458 541 32 20 sin
507 540 70 28 grund
594 541 24 20 är
632 541 84 28 ganska
731 540 74 29 riktig,
820 548 49 14 men

113 584 54 19 som,
183 575 111 29 tillämpad
311 576 5 20 i
333 575 42 21 den
390 575 152 28 utsträckning
558 575 106 21 utskottet
678 575 105 27 förordat,
799 575 70 22 skulle

113 611 49 20 leda
180 611 33 20 till
229 611 26 20 de
272 608 159 29 betänkligaste
446 610 166 27 omkastningar
627 611 24 20 af
665 610 42 21 alla
721 609 149 22 samhällsför-

113 645 122 21 hällanden.
266 644 53 21 Man
336 644 72 21 kunde
425 644 27 28 pä
467 651 82 14 samma
564 644 58 28 gång
637 644 55 28 yrka
707 647 32 18 att
750 643 27 22 de
790 644 79 21 enskil-

114 679 27 22 de
153 679 181 28 medborgarenes
345 679 59 20 inom
414 678 114 21 samhället
540 678 151 28 förmögenhet
704 678 65 21 borde
782 679 34 20 för
827 681 43 18 sta-

113 717 49 18 tens
174 713 84 28 sedliga
270 713 89 21 intresse
371 713 91 20 emellan
474 712 43 21 alla
528 712 46 21 lika
585 712 102 28 fördelas,
695 713 45 21 ifall
750 720 49 14 man
809 713 62 21 ansä-

114 755 27 21 ge
153 751 32 18 att
199 747 126 27 derigenom
337 747 72 28 någon
421 747 69 21 större
502 746 70 22 fördel
586 746 72 22 kunde
671 747 33 21 för
715 746 35 22 det
763 747 108 21 allmänna

114 783 85 20 vinnas.
233 781 64 21 Efter
311 782 44 20 min
371 781 66 21 tanke
453 781 90 21 innebär
559 781 118 21 utskottets
692 781 83 28 förslag
790 789 26 13 en
832 788 39 21 up-

114 817 83 27 penbar
212 815 124 29 kränkning
352 816 24 20 af
388 815 166 28 eganderättens
567 815 124 22 förnämsta
706 815 109 28 principer
830 815 41 21 och

114 854 32 18 ett
165 849 160 30 godkännande
341 850 24 21 af
377 850 105 28 förslaget
497 849 73 22 kunde
585 849 49 22 leda
651 850 30 21 till
698 850 36 21 det
750 849 121 28 ögonsken-

114 885 79 29 ligaste
216 885 91 28 ingrepp
330 885 7 21 i
359 884 166 29 eganderättens
548 883 73 30 helgd.
659 884 47 22 Här
724 885 23 20 är
766 885 18 28 ej
805 884 67 21 heller

116 920 61 29 fråga
197 927 34 14 om
251 923 32 17 att
301 920 34 20 för
354 919 88 21 allmänt
458 918 100 23 ändamål
574 920 140 27 expropriera
729 918 85 22 enskild
829 918 44 21 till-

116 953 65 29 hörig
201 953 57 28 jord,
281 953 23 21 sä
323 957 31 16 att
372 953 118 21 utskottets
510 953 83 28 förslag
612 954 18 27 ej
647 961 37 14 ens
700 961 25 14 ur
740 952 67 22 sädan
823 960 50 21 syn-

116 988 71 29 punkt
201 987 70 22 skulle
288 987 71 21 kunna
375 988 117 21 försvaras.
524 986 43 22 Till
583 987 54 28 följd
652 987 63 22 häraf
723 987 42 21 kan
775 987 39 28 jag
826 987 48 21 icke

116 1023 115 20 instämma
247 1022 7 21 i
270 1021 116 21 utskottets
404 1021 142 27 betänkande,
562 1025 52 18 utan
627 1023 99 20 förordar
737 1021 41 21 den
791 1021 25 21 af
825 1021 49 21 herr

118 1056 116 21 statsrådet
250 1063 42 13 von
308 1055 59 22 Born
384 1056 83 27 afgifna
482 1055 142 28 reservation,
640 1055 68 29 enligt
720 1055 88 22 hvilken
821 1055 54 28 god-

118 1097 49 14 sens
184 1090 83 21 inlösen
284 1089 69 21 skulle
370 1089 52 22 bero
438 1089 28 28 på
481 1090 220 21 öfverenskommelse
714 1089 90 22 emellan
815 1089 60 28 jord-

118 1132 92 20 egarene
227 1123 39 22 och
283 1123 118 28 bönderne,
418 1124 40 21 och
472 1124 40 28 jag
527 1124 23 21 är
566 1124 129 29 öfvertygad
712 1127 31 18 att
758 1123 37 22 det
806 1125 69 20 ömse-

118 1158 71 29 sidiga
211 1158 197 27 missförhällande,
432 1166 45 13 som
502 1166 28 13 nu
553 1158 91 22 emellan
663 1158 47 22 dem
731 1159 23 21 är
773 1158 102 27 rådande,

118 1193 56 21 skall
199 1192 68 22 förmå
290 1192 25 21 de
341 1192 149 22 förstnämnde
510 1196 31 18 att
560 1192 28 28 på
607 1192 111 29 antagliga
733 1192 72 21 vilkor
821 1193 56 21 afstå

118 1229 48 19 sina
185 1227 130 28 lägenheter.
355 1226 65 22 Flvad
437 1226 103 29 beloppet
556 1227 24 21 af
592 1227 42 21 den
650 1227 132 21 lånesumma
797 1226 80 21 beträf-

120 1263 39 24 far,
175 1268 46 14 som
237 1265 69 17 staten
323 1261 70 21 skulle
410 1261 117 28 berättigas
544 1264 31 18 att
590 1261 34 21 för
640 1260 121 22 ändamålet
773 1262 103 26 upptaga,

119 1296 128 28 godkänner
263 1296 39 28 jag
322 1295 48 21 herr
385 1295 117 21 statsrådet
517 1303 42 13 von
576 1295 72 21 Borns
664 1294 133 22 reservation
813 1295 63 21 äfven

119 1330 82 25 derom,
217 1329 54 21 eller
286 1333 31 17 att
333 1330 46 20 före
395 1329 179 21 nästkommande
589 1329 106 29 landtdag
710 1328 48 22 icke
773 1336 60 14 mera
849 1329 27 21 än

120 1365 33 26 sju
169 1364 40 20 och
226 1371 25 13 en
269 1363 46 21 half
329 1364 74 28 miljon
422 1364 60 20 mark
498 1363 71 21 skulle
585 1363 21 21 få
622 1364 113 27 upplånas.

191 1403 56 21 Herr
262 1398 152 33 Öhroberg:
454 1402 44 22 För
520 1403 44 21 min
587 1402 36 22 del
642 1402 96 22 biträder
753 1403 40 27 jag
811 1402 7 20 i
834 1402 43 21 allo

120 1437 41 22 den
178 1437 179 28 nästföregående
374 1438 94 20 talarens
484 1437 86 28 mening
586 1436 42 22 och
644 1444 63 14 anser
721 1436 28 22 de
764 1437 25 21 af
797 1434 80 23 honom

151 1474 6 36 7
155 1482 56 23 ällofl.
221 1483 140 22 borgareståndets
368 1482 84 24 protokoll
461 1483 100 22 landtdagen
573 1482 121 18 1863—1864
709 1482 26 18 4:e
744 1482 20 17 B.
823 1476 26 20 17
