1031 1700
797 132 40 24 401

110 200 77 28 slagne
217 198 36 22 två
284 196 100 31 tniljoner
417 195 201 30 femhtndratusen,
653 194 64 26 deraf
746 195 29 26 dä
807 198 59 22 åter-

112 234 63 21 stode
197 240 26 15 en
245 231 75 30 miljon
341 232 274 29 tvähundrafyratiotusen,
638 240 46 14 som
707 231 159 31 sathmanlagdt

111 268 50 22 med
183 268 37 21 det
238 270 112 26 upptagna
368 267 58 21 låret
444 268 64 27 utgör
526 271 77 17 sexton
622 266 99 29 miljoner
735 268 132 20 tyähundra-

112 302 143 28 fyratiotusen
274 302 68 21 mark.
379 298 37 24 Då
434 301 73 21 dertill
526 300 85 22 komme
630 301 144 21 öfverskottet
793 301 25 21 af
831 301 36 21 be-

112 336 127 28 villningen,
258 342 46 15 som
323 336 34 21 för
375 338 33 19 tre
428 335 23 21 år
466 333 65 31 utgör
546 338 32 18 tre
593 335 106 28 miljoner,
714 335 66 21 sedan
797 334 70 22 ansla-

113 374 38 25 get
172 370 33 21 till
224 368 150 24 folkskolortia
392 369 95 22 defifrän
507 370 76 21 främst
601 370 78 28 utgått,
695 370 24 21 sä
734 370 91 28 uppstår
839 375 28 15 en

112 411 85 15 summa
211 405 24 21 af
247 404 68 28 något
329 404 61 21 öfver
405 404 89 21 aderton
510 404 106 28 miljoner,
632 411 46 15 som
694 404 83 22 således
793 401 34 24 till
839 403 28 22 de

114 439 72 28 öfriga
201 438 119 29 företagen,
334 441 60 19 utom
410 438 157 27 folkskolorna,
583 438 72 22 kunde
671 435 117 25 anvätidas.

183 476 87 24 Ankom
285 485 27 15 en
327 477 127 29 deputation
470 478 47 21 från
533 475 150 31 ridderskapet
699 478 41 22 och
751 479 64 21 adeln
827 483 40 17 tins

114 512 39 22 der
168 511 118 23 anförande
302 512 24 22 af
339 511 48 22 herr
402 512 117 21 statsrådet
534 518 42 15 von
592 509 67 28 Born,
672 520 46 14 som
730 513 41 27 gaf
778 512 89 22 tillkän-

114 554 35 20 na,
171 550 32 18 att
227 543 98 26 bemälda
343 544 70 29 stånd,
431 547 55 20 efter
505 549 32 19 att
552 546 65 21 hafva
632 546 41 22 fått
687 550 110 24 emottaga
811 552 57 15 same

114 584 109 18 mansatta
245 584 63 18 stats-
327 581 41 20 och
387 580 249 29 bevillningsutskottets
657 581 136 21 betänkande
808 581 7 21 i
831 586 36 15 an-

115 615 90 28 ledning
227 614 25 23 af
270 615 80 28 nädiga
367 615 164 28 propositionen
551 623 34 13 om
605 615 76 29 anslag
696 615 33 21 till
745 615 123 22 inrättande

116 651 25 20 af
159 649 122 22 folkskolor
295 657 28 14 m.
338 656 36 20 m.,
389 649 7 21 i
411 649 122 29 gärdagens
549 649 86 28 plenum
650 650 34 21 till
700 650 75 28 slutlig
790 646 77 32 ätgärd

115 684 96 21 förehaft
236 683 91 22 berörde
352 683 62 29 fräga
440 683 41 22 och
507 683 86 28 dervid,
618 684 48 21 med
693 684 61 22 bifall
779 684 34 21 till
835 686 33 18 ut-

116 719 93 20 skottets
232 718 82 28 förslag
336 725 35 15 om
389 717 140 30 upptagande
548 718 26 21 af
589 717 126 30 bevillning,
731 718 90 22 beslutit
837 720 32 19 att

116 753 25 21 af
155 752 124 22 densamma
298 751 75 22 främst
392 752 70 22 skulle
484 752 53 29 utgå
558 752 37 22 det
614 753 58 21 förut
687 753 24 21 af
723 752 86 22 ståndet
824 750 45 23 förs

116 786 83 22 ordade
213 786 98 29 anslaget
325 786 34 21 till
373 784 124 24 folkskolor
512 789 55 19 samt
582 790 32 18 att
628 790 31 18 ett
673 787 89 21 statslän
781 786 33 21 till
830 793 39 14 n0-

116 821 77 22 minelt
215 821 79 28 belopp
312 821 25 21 af
353 821 65 29 högst
432 822 90 20 aderton
537 821 99 28 miljoner
651 821 60 21 mark
727 820 72 22 skulle
814 825 56 23 upp-

116 858 71 25 tagas,
202 854 83 22 hvilket
301 853 70 23 tillika
385 853 49 23 med
450 855 144 22 öfverskottet
609 856 24 20 af
645 855 41 21 den
702 855 35 22 för
748 854 122 22 kommunis

117 889 100 22 kationer
239 889 104 28 anslagna
364 889 63 22 delen
446 889 25 22 af
486 889 189 22 bränvinsskatten
695 888 42 23 och
756 889 24 21 af
793 888 78 22 bevill-

116 921 151 31 ningsmedlen
289 923 86 22 utöfver
397 924 123 21 annaoiteten
543 924 12 21 å
577 924 58 21 lånet
657 923 41 22 och
720 923 99 28 anslaget
837 921 34 22 till

116 957 124 22 folkskolor
261 957 68 22 borde
347 956 34 23 till
400 958 114 21 utförande
534 959 25 20 af
575 959 71 28 öfriga
665 958 98 21 beslutna
782 957 89 22 arbeten

118 991 122 27 användas;
262 991 40 22 och
321 991 71 22 skulle
410 992 157 22 underrättelse
586 992 75 21 härom
680 990 117 23 framdeles
812 990 59 22 med-

118 1026 63 21 delas
203 1032 78 23 genom
303 1025 210 30 protokollsutdrag,
536 1026 71 21 såsom
626 1025 41 23 ock
685 1025 92 22 rörande
792 1025 27 22 de
835 1025 36 20 än-

120 1060 90 29 dringar
225 1059 150 29 ridderskapet
389 1060 41 22 och
446 1061 63 21 adeln
525 1060 36 21 vid
578 1060 162 29 granskningen
755 1060 26 21 af
793 1059 79 28 sjelfva

119 1094 232 29 bevillningsstadgan,
367 1101 47 15 som
425 1094 7 22 i
444 1095 151 21 hufvudsaken
608 1095 115 28 godkänts,
736 1094 70 22 funnit
817 1093 54 29 godt

120 1132 33 18 att
167 1128 94 28 vidtaga.

189 1162 74 22 Sedan
277 1160 153 31 deputationen
446 1163 73 21 blifvit
534 1163 24 21 af
570 1160 50 25 herr
635 1163 150 22 talmannen
801 1160 71 24 betac-

118 1195 45 23 kad
179 1196 40 22 och
235 1197 87 27 afträdt,
337 1200 95 26 upptogs
447 1198 46 20 åter
508 1197 41 22 den
565 1205 78 21 genom
658 1197 165 29 deputationens
835 1204 38 14 an-

119 1229 74 23 komst
209 1231 100 21 afbrutna
323 1231 162 28 diskussionen,
500 1231 41 22 och

188 1262 60 24 Herr
264 1263 89 24 Wolff
363 1266 97 28 yttrade:
491 1264 57 23 Herr
563 1262 74 25 Mölsä
652 1266 39 22 har
705 1262 52 25 sökt
771 1261 102 25 tillbaka-

119 1300 48 21 visa
189 1300 48 21 mitt
259 1300 82 28 förslag
359 1303 33 18 att
410 1300 116 22 ständerne
545 1300 67 22 borde
631 1300 55 22 afslä
701 1300 29 21 all
745 1299 128 29 bevillning;

119 1334 42 21 och
181 1334 39 28 jag
242 1331 39 24 vill
300 1334 7 21 i
326 1334 117 29 anledning
462 1334 63 22 deraf
540 1334 119 27 frambälla,
675 1336 31 19 att
720 1332 95 23 nämnda
829 1332 44 22 före

119 1368 49 28 slag
190 1368 19 28 ej
232 1368 68 21 heller
321 1369 41 27 gör
381 1368 95 28 anspråk
494 1369 28 28 pä
541 1372 31 18 att
593 1373 50 16 vara
662 1368 94 22 ofelbart
771 1370 56 19 samt
842 1370 31 20 att

118 1402 120 22 detsamma
255 1402 26 22 af
295 1403 44 27 mig
358 1401 146 23 framställdes
524 1402 182 28 hufvudsakligen
727 1402 68 22 under
809 1400 64 30 infly-

119 1436 66 21 tande
201 1436 24 21 af
237 1436 37 22 det
288 1436 94 29 intryck,
395 1438 39 27 jag
449 1437 75 21 erfarit
539 1437 35 21 vid
587 1436 178 28 genomläsandet
776 1436 24 22 af
809 1439 64 18 stats-

155 1479 55 24 ”ällofl.
219 1480 142 24 borgareständets
367 1482 83 23 protokoll
460 1482 100 23 landtdagen
570 1482 121 18 1868—1864
704 1482 27 18 4:e
740 1482 20 18 B:
815 1475 28 21 26
