1031 1700
183 109 44 25 421

158 171 40 23 das
214 173 29 18 att
260 171 6 20 i
283 172 116 26 petitionen
416 170 86 29 deltaga
516 173 56 21 samt
587 170 95 28 ärendet,
698 171 5 21 i
720 171 101 21 afseende
837 172 10 24 3
860 171 51 25 den-

159 212 93 14 sammas
268 205 152 27 uppsättande,
435 206 117 22 remitteras
569 205 32 21 till
618 205 107 21 allmänna
738 206 173 22 besvärsutskot-

159 243 41 23 tet;
216 240 6 20 i
238 239 96 29 enlighet
349 240 101 20 hvarmed
467 239 202 29 protokollsutdrag
683 240 65 21 borde
760 240 32 20 till
805 240 105 22 medstän>

159 274 43 27 den
218 274 40 27 och
275 274 97 27 bemälda
387 274 83 26 utskott
485 273 133 29 expedieras.

714 310 20 16 In
748 310 60 18 fidem:

598 336 79 27 Vietor
692 336 27 22 de
734 338 21 20 la
771 332 136 33 Chapelle.”

229 384 70 22 Sedan
323 384 48 21 herr
392 383 150 24 talmannen
562 382 101 22 betackat
681 383 161 28 deputationen,
862 383 47 23 med

160 418 104 27 förmälan
284 421 30 18 att
330 417 26 21 de
372 425 76 21 genom
464 418 124 20 densamma
603 418 32 20 till
653 418 178 27 borgareständet
847 419 63 20 fram-

160 452 64 23 förda
239 452 153 28 inbjndningar
408 452 69 21 skulle
492 455 61 25 tagas
569 452 67 21 under
652 452 167 28 öfvervägande,
831 452 79 21 afträd-

160 487 27 23 de
203 486 153 28 deputationen
372 486 41 21 och
429 489 95 25 upptogs
539 486 46 20 äter
600 486 152 22 diskussionen
768 486 91 21 rörande
875 486 35 22 be-

161 520 204 29 villningsstadgan,
379 520 75 22 dervid
470 520 62 21 ordet
547 520 106 28 begärdes
669 520 24 21 af

229 554 58 23 Herr
303 554 105 27 Hildén,
428 562 44 13 som
488 554 96 29 yttrade:
616 554 35 22 De
666 555 73 27 talare,
755 554 74 22 hvilka
843 558 68 25 yttrat

161 591 35 27 sig
218 593 58 18 emot
293 589 31 22 öl-
343 589 41 21 och
404 589 164 28 porterskatten,
584 589 65 20 hafva
665 590 18 27 ej
700 589 81 21 kunnat
797 590 113 27 öfvertyga

161 625 45 27 mig
221 632 34 13 om
272 623 140 29 obilligheten
429 624 24 20 af
466 631 25 13 en
507 623 66 21 sådan
590 623 145 29 beskattning.
757 623 11 26 I
781 624 48 22 hela
841 623 69 29 Tysk-

160 658 59 27 land,
242 658 38 23 der
302 658 20 21 öl
346 657 111 26 tillverkas
476 657 6 21 i
502 657 92 28 ofantlig
612 657 88 28 mängd,
716 657 38 22 har
769 665 55 20 man,
839 658 71 22 såsom

159 693 39 29 jag
213 695 53 24 tror,
282 692 109 22 beskattat
406 691 156 25 fabrikationen
580 692 24 22 af
616 691 93 22 nämnda
725 699 50 17 vara
791 700 76 21 genom
879 693 31 22 in-

161 726 90 22 förande
271 727 25 25 af
311 727 24 21 sä
350 725 72 24 kallad
438 725 110 22 maltskatt
563 726 40 21 och
620 726 5 21 i
642 725 102 30 England
762 727 60 20 torde
837 734 25 13 en
878 727 34 22 sä-

160 760 43 25 dan
219 761 58 20 skatt
292 761 69 22 finnas
378 760 32 23 till
426 760 83 28 ganska
524 759 66 30 drygt
605 760 87 28 belopp.
722 760 49 29 Mig
786 767 63 22 synes
863 761 49 20 fullt

161 795 48 26 skäl
228 802 52 20 vara
295 794 72 21 dertill
383 797 31 20 att
429 794 103 23 särskildt
548 794 97 22 beskatta
661 794 42 21 alla
719 795 79 20 sådana
813 795 99 28 drycker,

161 837 47 15 som
231 829 108 26 jnnehällä
362 826 95 29 alkokol,
480 828 32 23 dit
530 829 63 20 äfven
614 829 20 20 öl
654 829 40 20 och
714 832 73 24 porter
802 829 59 26 höra,
877 836 34 16 om

162 863 66 24 också
244 863 87 24 alkohol
347 863 48 22 icke
410 863 6 20 i
432 863 63 21 dessa
510 863 134 22 sistnämnda
659 863 62 28 ingår
736 863 32 20 till
784 863 23 21 sä
820 866 45 18 stor
877 863 35 24 del

161 905 46 16 som
231 898 6 20 i
261 897 66 23 andra
345 897 140 28 rusgifvande
504 897 100 28 drycker.
641 896 65 21 Hvad
725 897 103 23 särskildt
847 897 66 28 angår

161 933 85 20 vinsten
263 932 24 21 af
300 931 180 25 ölfabrikationen
495 931 6 24 i
517 931 101 27 Finland,
634 931 25 22 sä
673 931 39 22 har
724 932 39 28 jag
777 932 44 28 mig
833 931 80 22 bekant

161 969 32 21 att
207 967 125 23 densamma
347 966 6 21 i
369 966 117 23 allmänhet
501 965 84 28 uppgär
600 965 33 23 till
649 966 104 28 tjugufem
766 969 90 24 procent
868 968 45 19 net-

161 1003 30 24 to,
207 1000 83 21 hvilket
302 1001 38 28 jag
355 1001 130 25 omnämner,
500 1000 74 21 såvida
590 999 74 22 derom
680 1007 27 13 nu
724 1001 63 21 äfven
803 1000 56 23 varit
871 999 42 21 frä-

161 1043 35 20 ga,
212 1042 46 14 men
275 1037 50 20 utan
341 1037 32 21 att
385 1035 38 27 jag
438 1041 62 15 anser
515 1034 59 21 detta
590 1033 136 23 förhållande
738 1034 28 27 pä
779 1034 77 22 minsta
870 1035 44 20 sätt

161 1069 54 24 böra
233 1069 90 24 inyerka
339 1068 26 28 pä
381 1069 77 22 sakens
474 1068 124 28 afgörande.
632 1068 79 28 Enligt
725 1069 43 21 min
785 1068 63 22 tanke
865 1068 48 22 bor-

161 1103 28 24 de
211 1103 21 20 öl
255 1103 40 24 och
315 1106 73 25 porter
408 1103 109 25 beskattas
536 1102 48 25 med
604 1102 67 22 minst
685 1103 50 26 åtta,
751 1110 47 15 men
815 1110 33 13 om
864 1110 49 15 man

161 1138 80 28 ansäge
260 1138 59 23 detta
338 1138 33 22 för
390 1137 60 29 högt,
466 1137 47 22 med
529 1137 130 22 ätminstone
675 1138 42 20 fem
733 1137 64 27 penni
813 1138 33 20 för
862 1137 52 21 kan-

161 1180 35 19 na,
212 1173 70 24 säsom
299 1172 151 27 ridderskapet
464 1171 41 22 och
522 1171 61 23 adeln
598 1172 112 28 föreslagit
721 1171 40 21 och
774 1171 139 29 hvarigenom

161 1209 69 18 staten
251 1206 57 21 dock
326 1206 69 21 skulle
415 1205 89 24 beredas
520 1213 24 14 en
561 1206 95 20 inkomst
671 1206 25 21 af
709 1206 100 27 omkring
823 1205 92 21 tvähun-

161 1240 102 24 dratusen
280 1240 60 26 mark
356 1248 34 12 om
407 1240 51 20 året.
488 1240 40 20 Att
543 1240 45 20 åter
600 1239 90 23 alldeles
702 1240 48 21 icke
763 1240 92 28 belägga
866 1240 48 20 des-

161 1282 24 15 sa
202 1282 62 13 varor
279 1274 48 26 med
343 1274 93 21 särskild
453 1274 64 27 skatt,
533 1281 65 21 synes
613 1274 46 28 mig
674 1274 119 28 ingalunda
808 1274 53 21 böra
872 1274 43 21 för-

163 1308 71 23 ordas.

230 1348 161 22 Diskussionen
410 1348 91 22 rörande
516 1348 13 28 &
545 1348 13 21 8
573 1355 39 14 var
630 1356 29 12 nu
678 1348 79 27 slutad,
773 1355 47 14 men
836 1354 78 21 propo-

161 1383 118 21 sitionerna
302 1383 72 21 hunno
398 1383 17 27 ej
440 1384 21 20 af
480 1382 48 22 herr
547 1382 152 22 talmannen
719 1382 130 22 framställas
869 1382 46 20 före

161 1417 126 28 ankomsten
305 1418 22 20 af
341 1424 24 14 en
381 1416 127 28 deputation
524 1417 46 21 från
586 1416 152 29 ridderskapet
750 1416 40 22 och
803 1416 63 21 adeln
878 1423 38 14 uns
