<?xml version="1.0" encoding="UTF-8"?>
<alto xmlns="http://www.loc.gov/standards/alto/ns-v3#" xmlns:xlink="http://www.w3.org/1999/xlink" xmlns:xsi="http://www.w3.org/2001/XMLSchema-instance" xsi:schemaLocation="http://www.loc.gov/standards/alto/ns-v3# http://www.loc.gov/alto/v3/alto-3-0.xsd">
	<Description>
		<MeasurementUnit>pixel</MeasurementUnit>
		<sourceImageInformation>
			<fileName>/tmp/tess_92btluin_input.PNG</fileName>
		</sourceImageInformation>
		<OCRProcessing ID="OCR_0">
			<ocrProcessingStep>
				<processingSoftware>
					<softwareName>tesseract 5.3.4</softwareName>
				</processingSoftware>
			</ocrProcessingStep>
		</OCRProcessing>
	</Description>
	<Layout>
		<Page WIDTH="1031" HEIGHT="1700" PHYSICAL_IMG_NR="0" ID="page_0">
			<PrintSpace HPOS="0" VPOS="0" WIDTH="1031" HEIGHT="1700">
				<ComposedBlock ID="cblock_0" HPOS="806" VPOS="141" WIDTH="41" HEIGHT="21">
					<TextBlock ID="block_0" HPOS="806" VPOS="141" WIDTH="41" HEIGHT="21">
						<TextLine ID="line_0" HPOS="806" VPOS="141" WIDTH="41" HEIGHT="21">
							<String ID="string_0" HPOS="806" VPOS="141" WIDTH="41" HEIGHT="21" WC="0.92" CONTENT="279"/>
						</TextLine>
					</TextBlock>
				</ComposedBlock>
				<ComposedBlock ID="cblock_1" HPOS="121" VPOS="198" WIDTH="757" HEIGHT="1206">
					<TextBlock ID="block_1" HPOS="121" VPOS="198" WIDTH="757" HEIGHT="207">
						<TextLine ID="line_1" HPOS="122" VPOS="198" WIDTH="753" HEIGHT="34">
							<String ID="string_1" HPOS="122" VPOS="205" WIDTH="92" HEIGHT="22" WC="0.96" CONTENT="emellan"/><SP WIDTH="19" VPOS="205" HPOS="214"/>
							<String ID="string_2" HPOS="233" VPOS="204" WIDTH="26" HEIGHT="22" WC="0.96" CONTENT="de"/><SP WIDTH="19" VPOS="204" HPOS="259"/>
							<String ID="string_3" HPOS="278" VPOS="204" WIDTH="69" HEIGHT="28" WC="0.96" CONTENT="begge"/><SP WIDTH="16" VPOS="204" HPOS="347"/>
							<String ID="string_4" HPOS="363" VPOS="203" WIDTH="70" HEIGHT="27" WC="0.96" CONTENT="stånd,"/><SP WIDTH="16" VPOS="203" HPOS="433"/>
							<String ID="string_5" HPOS="449" VPOS="210" WIDTH="45" HEIGHT="14" WC="0.96" CONTENT="som"/><SP WIDTH="17" VPOS="210" HPOS="494"/>
							<String ID="string_6" HPOS="511" VPOS="203" WIDTH="117" HEIGHT="23" WC="0.96" CONTENT="behandlat"/><SP WIDTH="15" VPOS="203" HPOS="628"/>
							<String ID="string_7" HPOS="643" VPOS="204" WIDTH="82" HEIGHT="28" WC="0.93" CONTENT="frågan."/><SP WIDTH="30" VPOS="204" HPOS="725"/>
							<String ID="string_8" HPOS="755" VPOS="198" WIDTH="120" HEIGHT="29" WC="0.90" CONTENT="Åtminsto-"/>
						</TextLine>
						<TextLine ID="line_2" HPOS="123" VPOS="238" WIDTH="755" HEIGHT="30">
							<String ID="string_9" HPOS="123" VPOS="247" WIDTH="26" HEIGHT="13" WC="0.93" CONTENT="ne"/><SP WIDTH="24" VPOS="247" HPOS="149"/>
							<String ID="string_10" HPOS="173" VPOS="239" WIDTH="83" HEIGHT="29" WC="0.91" CONTENT="hoppas"/><SP WIDTH="20" VPOS="239" HPOS="256"/>
							<String ID="string_11" HPOS="276" VPOS="240" WIDTH="38" HEIGHT="27" WC="0.96" CONTENT="jag"/><SP WIDTH="22" VPOS="240" HPOS="314"/>
							<String ID="string_12" HPOS="336" VPOS="241" WIDTH="31" HEIGHT="21" WC="0.93" CONTENT="att"/><SP WIDTH="23" VPOS="241" HPOS="367"/>
							<String ID="string_13" HPOS="390" VPOS="238" WIDTH="178" HEIGHT="27" WC="0.92" CONTENT="borgareståndet"/><SP WIDTH="22" VPOS="238" HPOS="568"/>
							<String ID="string_14" HPOS="590" VPOS="238" WIDTH="86" HEIGHT="20" WC="0.96" CONTENT="förenar"/><SP WIDTH="19" VPOS="238" HPOS="676"/>
							<String ID="string_15" HPOS="695" VPOS="239" WIDTH="34" HEIGHT="27" WC="0.96" CONTENT="sig"/><SP WIDTH="19" VPOS="239" HPOS="729"/>
							<String ID="string_16" HPOS="748" VPOS="246" WIDTH="34" HEIGHT="14" WC="0.96" CONTENT="om"/><SP WIDTH="19" VPOS="246" HPOS="782"/>
							<String ID="string_17" HPOS="801" VPOS="240" WIDTH="37" HEIGHT="20" WC="0.96" CONTENT="det"/><SP WIDTH="15" VPOS="240" HPOS="838"/>
							<String ID="string_18" HPOS="853" VPOS="240" WIDTH="25" HEIGHT="20" WC="0.96" CONTENT="af"/>
						</TextLine>
						<TextLine ID="line_3" HPOS="122" VPOS="272" WIDTH="753" HEIGHT="30">
							<String ID="string_19" HPOS="122" VPOS="274" WIDTH="153" HEIGHT="27" WC="0.96" CONTENT="ridderskapet"/><SP WIDTH="15" VPOS="274" HPOS="275"/>
							<String ID="string_20" HPOS="290" VPOS="272" WIDTH="39" HEIGHT="22" WC="0.96" CONTENT="och"/><SP WIDTH="16" VPOS="272" HPOS="329"/>
							<String ID="string_21" HPOS="345" VPOS="272" WIDTH="63" HEIGHT="21" WC="0.92" CONTENT="adeln"/><SP WIDTH="16" VPOS="272" HPOS="408"/>
							<String ID="string_22" HPOS="424" VPOS="272" WIDTH="104" HEIGHT="28" WC="0.91" CONTENT="anslagna"/><SP WIDTH="16" VPOS="272" HPOS="528"/>
							<String ID="string_23" HPOS="544" VPOS="272" WIDTH="86" HEIGHT="28" WC="0.95" CONTENT="belopp."/><SP WIDTH="34" VPOS="272" HPOS="630"/>
							<String ID="string_24" HPOS="664" VPOS="273" WIDTH="48" HEIGHT="21" WC="0.90" CONTENT="Den"/><SP WIDTH="17" VPOS="273" HPOS="712"/>
							<String ID="string_25" HPOS="729" VPOS="273" WIDTH="123" HEIGHT="29" WC="0.95" CONTENT="minskning"/><SP WIDTH="15" VPOS="273" HPOS="852"/>
							<String ID="string_26" HPOS="867" VPOS="274" WIDTH="8" HEIGHT="20" WC="0.96" CONTENT="i"/>
						</TextLine>
						<TextLine ID="line_4" HPOS="124" VPOS="306" WIDTH="751" HEIGHT="30">
							<String ID="string_27" HPOS="124" VPOS="308" WIDTH="68" HEIGHT="20" WC="0.96" CONTENT="andra"/><SP WIDTH="16" VPOS="308" HPOS="192"/>
							<String ID="string_28" HPOS="208" VPOS="311" WIDTH="79" HEIGHT="24" WC="0.95" CONTENT="poster,"/><SP WIDTH="15" VPOS="311" HPOS="287"/>
							<String ID="string_29" HPOS="302" VPOS="314" WIDTH="45" HEIGHT="14" WC="0.93" CONTENT="som"/><SP WIDTH="16" VPOS="314" HPOS="347"/>
							<String ID="string_30" HPOS="363" VPOS="306" WIDTH="71" HEIGHT="22" WC="0.91" CONTENT="blefve"/><SP WIDTH="16" VPOS="306" HPOS="434"/>
							<String ID="string_31" HPOS="450" VPOS="306" WIDTH="81" HEIGHT="28" WC="0.96" CONTENT="följden"/><SP WIDTH="13" VPOS="306" HPOS="531"/>
							<String ID="string_32" HPOS="544" VPOS="307" WIDTH="24" HEIGHT="19" WC="0.96" CONTENT="af"/><SP WIDTH="8" VPOS="307" HPOS="568"/>
							<String ID="string_33" HPOS="576" VPOS="314" WIDTH="25" HEIGHT="13" WC="0.96" CONTENT="en"/><SP WIDTH="14" VPOS="314" HPOS="601"/>
							<String ID="string_34" HPOS="615" VPOS="306" WIDTH="65" HEIGHT="22" WC="0.96" CONTENT="sådan"/><SP WIDTH="15" VPOS="306" HPOS="680"/>
							<String ID="string_35" HPOS="695" VPOS="307" WIDTH="131" HEIGHT="29" WC="0.92" CONTENT="förhöjning,"/><SP WIDTH="13" VPOS="307" HPOS="826"/>
							<String ID="string_36" HPOS="839" VPOS="316" WIDTH="36" HEIGHT="12" WC="0.92" CONTENT="an-"/>
						</TextLine>
						<TextLine ID="line_5" HPOS="123" VPOS="341" WIDTH="752" HEIGHT="29">
							<String ID="string_37" HPOS="123" VPOS="350" WIDTH="35" HEIGHT="14" WC="0.96" CONTENT="ser"/><SP WIDTH="19" VPOS="350" HPOS="158"/>
							<String ID="string_38" HPOS="177" VPOS="343" WIDTH="39" HEIGHT="27" WC="0.96" CONTENT="jag"/><SP WIDTH="23" VPOS="343" HPOS="216"/>
							<String ID="string_39" HPOS="239" VPOS="343" WIDTH="34" HEIGHT="20" WC="0.96" CONTENT="för"/><SP WIDTH="18" VPOS="343" HPOS="273"/>
							<String ID="string_40" HPOS="291" VPOS="342" WIDTH="43" HEIGHT="22" WC="0.96" CONTENT="min"/><SP WIDTH="19" VPOS="342" HPOS="334"/>
							<String ID="string_41" HPOS="353" VPOS="341" WIDTH="35" HEIGHT="21" WC="0.96" CONTENT="del"/><SP WIDTH="15" VPOS="341" HPOS="388"/>
							<String ID="string_42" HPOS="403" VPOS="341" WIDTH="117" HEIGHT="28" WC="0.96" CONTENT="lämpligen"/><SP WIDTH="16" VPOS="341" HPOS="520"/>
							<String ID="string_43" HPOS="536" VPOS="341" WIDTH="73" HEIGHT="21" WC="0.96" CONTENT="kunna"/><SP WIDTH="15" VPOS="341" HPOS="609"/>
							<String ID="string_44" HPOS="624" VPOS="341" WIDTH="83" HEIGHT="21" WC="0.96" CONTENT="drabba"/><SP WIDTH="14" VPOS="341" HPOS="707"/>
							<String ID="string_45" HPOS="721" VPOS="342" WIDTH="104" HEIGHT="28" WC="0.96" CONTENT="anslagen"/><SP WIDTH="16" VPOS="342" HPOS="825"/>
							<String ID="string_46" HPOS="841" VPOS="343" WIDTH="34" HEIGHT="20" WC="0.96" CONTENT="för"/>
						</TextLine>
						<TextLine ID="line_6" HPOS="121" VPOS="377" WIDTH="226" HEIGHT="28">
							<String ID="string_47" HPOS="121" VPOS="377" WIDTH="226" HEIGHT="28" WC="0.91" CONTENT="jordbruksintresset."/>
						</TextLine>
					</TextBlock>
					<TextBlock ID="block_2" HPOS="122" VPOS="414" WIDTH="755" HEIGHT="990">
						<TextLine ID="line_7" HPOS="193" VPOS="414" WIDTH="682" HEIGHT="31">
							<String ID="string_48" HPOS="193" VPOS="416" WIDTH="56" HEIGHT="21" WC="0.96" CONTENT="Herr"/><SP WIDTH="15" VPOS="416" HPOS="249"/>
							<String ID="string_49" HPOS="264" VPOS="415" WIDTH="168" HEIGHT="28" WC="0.96" CONTENT="Tengström:"/><SP WIDTH="37" VPOS="415" HPOS="432"/>
							<String ID="string_50" HPOS="469" VPOS="414" WIDTH="44" HEIGHT="22" WC="0.95" CONTENT="Det"/><SP WIDTH="15" VPOS="414" HPOS="513"/>
							<String ID="string_51" HPOS="528" VPOS="416" WIDTH="24" HEIGHT="19" WC="0.96" CONTENT="är"/><SP WIDTH="18" VPOS="416" HPOS="552"/>
							<String ID="string_52" HPOS="570" VPOS="415" WIDTH="87" HEIGHT="28" WC="0.96" CONTENT="mycket"/><SP WIDTH="18" VPOS="415" HPOS="657"/>
							<String ID="string_53" HPOS="675" VPOS="418" WIDTH="32" HEIGHT="18" WC="0.96" CONTENT="att"/><SP WIDTH="18" VPOS="418" HPOS="707"/>
							<String ID="string_54" HPOS="725" VPOS="416" WIDTH="99" HEIGHT="29" WC="0.96" CONTENT="beklaga,"/><SP WIDTH="19" VPOS="416" HPOS="824"/>
							<String ID="string_55" HPOS="843" VPOS="418" WIDTH="32" HEIGHT="19" WC="0.95" CONTENT="att"/>
						</TextLine>
						<TextLine ID="line_8" HPOS="123" VPOS="449" WIDTH="752" HEIGHT="30">
							<String ID="string_56" HPOS="123" VPOS="453" WIDTH="154" HEIGHT="19" WC="0.92" CONTENT="sammansatta"/><SP WIDTH="15" VPOS="453" HPOS="277"/>
							<String ID="string_57" HPOS="292" VPOS="454" WIDTH="62" HEIGHT="25" WC="0.92" CONTENT="stats-"/><SP WIDTH="15" VPOS="454" HPOS="354"/>
							<String ID="string_58" HPOS="369" VPOS="449" WIDTH="41" HEIGHT="21" WC="0.92" CONTENT="och"/><SP WIDTH="16" VPOS="449" HPOS="410"/>
							<String ID="string_59" HPOS="426" VPOS="449" WIDTH="248" HEIGHT="28" WC="0.91" CONTENT="bevillningsutskottets"/><SP WIDTH="17" VPOS="449" HPOS="674"/>
							<String ID="string_60" HPOS="691" VPOS="450" WIDTH="134" HEIGHT="22" WC="0.96" CONTENT="betänkande"/><SP WIDTH="14" VPOS="450" HPOS="825"/>
							<String ID="string_61" HPOS="839" VPOS="458" WIDTH="36" HEIGHT="14" WC="0.96" CONTENT="om"/>
						</TextLine>
						<TextLine ID="line_9" HPOS="124" VPOS="483" WIDTH="751" HEIGHT="31">
							<String ID="string_62" HPOS="124" VPOS="485" WIDTH="150" HEIGHT="26" WC="0.96" CONTENT="anskaffandet"/><SP WIDTH="18" VPOS="485" HPOS="274"/>
							<String ID="string_63" HPOS="292" VPOS="484" WIDTH="23" HEIGHT="24" WC="0.96" CONTENT="af"/><SP WIDTH="17" VPOS="484" HPOS="315"/>
							<String ID="string_64" HPOS="332" VPOS="484" WIDTH="69" HEIGHT="21" WC="0.96" CONTENT="medel"/><SP WIDTH="19" VPOS="484" HPOS="401"/>
							<String ID="string_65" HPOS="420" VPOS="484" WIDTH="34" HEIGHT="20" WC="0.96" CONTENT="för"/><SP WIDTH="14" VPOS="484" HPOS="454"/>
							<String ID="string_66" HPOS="468" VPOS="483" WIDTH="27" HEIGHT="21" WC="0.93" CONTENT="de"/><SP WIDTH="16" VPOS="483" HPOS="495"/>
							<String ID="string_67" HPOS="511" VPOS="483" WIDTH="89" HEIGHT="21" WC="0.92" CONTENT="afsedda"/><SP WIDTH="15" VPOS="483" HPOS="600"/>
							<String ID="string_68" HPOS="615" VPOS="484" WIDTH="89" HEIGHT="21" WC="0.96" CONTENT="allmänt"/><SP WIDTH="15" VPOS="484" HPOS="704"/>
							<String ID="string_69" HPOS="719" VPOS="486" WIDTH="84" HEIGHT="28" WC="0.93" CONTENT="nyttiga"/><SP WIDTH="16" VPOS="486" HPOS="803"/>
							<String ID="string_70" HPOS="819" VPOS="486" WIDTH="56" HEIGHT="20" WC="0.90" CONTENT="före-"/>
						</TextLine>
						<TextLine ID="line_10" HPOS="123" VPOS="517" WIDTH="752" HEIGHT="31">
							<String ID="string_71" HPOS="123" VPOS="523" WIDTH="65" HEIGHT="25" WC="0.96" CONTENT="tagen"/><SP WIDTH="19" VPOS="523" HPOS="188"/>
							<String ID="string_72" HPOS="207" VPOS="519" WIDTH="24" HEIGHT="21" WC="0.96" CONTENT="så"/><SP WIDTH="14" VPOS="519" HPOS="231"/>
							<String ID="string_73" HPOS="245" VPOS="522" WIDTH="48" HEIGHT="18" WC="0.96" CONTENT="sent"/><SP WIDTH="14" VPOS="522" HPOS="293"/>
							<String ID="string_74" HPOS="307" VPOS="518" WIDTH="91" HEIGHT="22" WC="0.96" CONTENT="kommit"/><SP WIDTH="14" VPOS="518" HPOS="398"/>
							<String ID="string_75" HPOS="412" VPOS="517" WIDTH="91" HEIGHT="21" WC="0.95" CONTENT="stånden"/><SP WIDTH="17" VPOS="517" HPOS="503"/>
							<String ID="string_76" HPOS="520" VPOS="518" WIDTH="110" HEIGHT="27" WC="0.95" CONTENT="tillhanda,"/><SP WIDTH="17" VPOS="518" HPOS="630"/>
							<String ID="string_77" HPOS="647" VPOS="522" WIDTH="30" HEIGHT="17" WC="0.96" CONTENT="att"/><SP WIDTH="16" VPOS="522" HPOS="677"/>
							<String ID="string_78" HPOS="693" VPOS="527" WIDTH="48" HEIGHT="13" WC="0.96" CONTENT="man"/><SP WIDTH="15" VPOS="527" HPOS="741"/>
							<String ID="string_79" HPOS="756" VPOS="520" WIDTH="48" HEIGHT="20" WC="0.96" CONTENT="icke"/><SP WIDTH="15" VPOS="520" HPOS="804"/>
							<String ID="string_80" HPOS="819" VPOS="520" WIDTH="56" HEIGHT="20" WC="0.96" CONTENT="varit"/>
						</TextLine>
						<TextLine ID="line_11" HPOS="124" VPOS="550" WIDTH="751" HEIGHT="32">
							<String ID="string_81" HPOS="124" VPOS="554" WIDTH="8" HEIGHT="21" WC="0.95" CONTENT="i"/><SP WIDTH="15" VPOS="554" HPOS="132"/>
							<String ID="string_82" HPOS="147" VPOS="554" WIDTH="86" HEIGHT="22" WC="0.96" CONTENT="tillfälle"/><SP WIDTH="16" VPOS="554" HPOS="233"/>
							<String ID="string_83" HPOS="249" VPOS="557" WIDTH="30" HEIGHT="18" WC="0.96" CONTENT="att"/><SP WIDTH="15" VPOS="557" HPOS="279"/>
							<String ID="string_84" HPOS="294" VPOS="557" WIDTH="50" HEIGHT="25" WC="0.96" CONTENT="taga"/><SP WIDTH="15" VPOS="557" HPOS="344"/>
							<String ID="string_85" HPOS="359" VPOS="550" WIDTH="118" HEIGHT="23" WC="0.96" CONTENT="detsamma"/><SP WIDTH="15" VPOS="550" HPOS="477"/>
							<String ID="string_86" HPOS="492" VPOS="552" WIDTH="7" HEIGHT="21" WC="0.96" CONTENT="i"/><SP WIDTH="11" VPOS="552" HPOS="499"/>
							<String ID="string_87" HPOS="510" VPOS="553" WIDTH="140" HEIGHT="28" WC="0.93" CONTENT="grundligare"/><SP WIDTH="11" VPOS="553" HPOS="650"/>
							<String ID="string_88" HPOS="661" VPOS="554" WIDTH="168" HEIGHT="27" WC="0.90" CONTENT="öfvervägande,"/><SP WIDTH="12" VPOS="554" HPOS="829"/>
							<String ID="string_89" HPOS="841" VPOS="554" WIDTH="34" HEIGHT="22" WC="0.96" CONTENT="för"/>
						</TextLine>
						<TextLine ID="line_12" HPOS="124" VPOS="587" WIDTH="751" HEIGHT="29">
							<String ID="string_90" HPOS="124" VPOS="592" WIDTH="32" HEIGHT="19" WC="0.96" CONTENT="att"/><SP WIDTH="23" VPOS="592" HPOS="156"/>
							<String ID="string_91" HPOS="179" VPOS="588" WIDTH="58" HEIGHT="22" WC="0.96" CONTENT="bilda"/><SP WIDTH="22" VPOS="588" HPOS="237"/>
							<String ID="string_92" HPOS="259" VPOS="589" WIDTH="34" HEIGHT="27" WC="0.96" CONTENT="sig"/><SP WIDTH="22" VPOS="589" HPOS="293"/>
							<String ID="string_93" HPOS="315" VPOS="591" WIDTH="31" HEIGHT="18" WC="0.95" CONTENT="ett"/><SP WIDTH="19" VPOS="591" HPOS="346"/>
							<String ID="string_94" HPOS="365" VPOS="587" WIDTH="99" HEIGHT="21" WC="0.96" CONTENT="omdöme"/><SP WIDTH="18" VPOS="587" HPOS="464"/>
							<String ID="string_95" HPOS="482" VPOS="594" WIDTH="35" HEIGHT="14" WC="0.95" CONTENT="om"/><SP WIDTH="19" VPOS="594" HPOS="517"/>
							<String ID="string_96" HPOS="536" VPOS="587" WIDTH="75" HEIGHT="21" WC="0.95" CONTENT="hvilka"/><SP WIDTH="15" VPOS="587" HPOS="611"/>
							<String ID="string_97" HPOS="626" VPOS="588" WIDTH="25" HEIGHT="21" WC="0.96" CONTENT="af"/><SP WIDTH="12" VPOS="588" HPOS="651"/>
							<String ID="string_98" HPOS="663" VPOS="588" WIDTH="63" HEIGHT="21" WC="0.96" CONTENT="dessa"/><SP WIDTH="15" VPOS="588" HPOS="726"/>
							<String ID="string_99" HPOS="741" VPOS="589" WIDTH="84" HEIGHT="27" WC="0.96" CONTENT="företag"/><SP WIDTH="16" VPOS="589" HPOS="825"/>
							<String ID="string_100" HPOS="841" VPOS="589" WIDTH="34" HEIGHT="20" WC="0.96" CONTENT="må"/>
						</TextLine>
						<TextLine ID="line_13" HPOS="124" VPOS="621" WIDTH="751" HEIGHT="30">
							<String ID="string_101" HPOS="124" VPOS="624" WIDTH="73" HEIGHT="22" WC="0.96" CONTENT="kunna"/><SP WIDTH="20" VPOS="624" HPOS="197"/>
							<String ID="string_102" HPOS="217" VPOS="623" WIDTH="100" HEIGHT="21" WC="0.96" CONTENT="bekostas"/><SP WIDTH="19" VPOS="623" HPOS="317"/>
							<String ID="string_103" HPOS="336" VPOS="621" WIDTH="48" HEIGHT="22" WC="0.96" CONTENT="med"/><SP WIDTH="16" VPOS="621" HPOS="384"/>
							<String ID="string_104" HPOS="400" VPOS="621" WIDTH="42" HEIGHT="21" WC="0.93" CONTENT="den"/><SP WIDTH="16" VPOS="621" HPOS="442"/>
							<String ID="string_105" HPOS="458" VPOS="621" WIDTH="111" HEIGHT="22" WC="0.91" CONTENT="blifvande"/><SP WIDTH="16" VPOS="621" HPOS="569"/>
							<String ID="string_106" HPOS="585" VPOS="622" WIDTH="144" HEIGHT="29" WC="0.90" CONTENT="bevillningen"/><SP WIDTH="16" VPOS="622" HPOS="729"/>
							<String ID="string_107" HPOS="745" VPOS="623" WIDTH="40" HEIGHT="23" WC="0.96" CONTENT="och"/><SP WIDTH="17" VPOS="623" HPOS="785"/>
							<String ID="string_108" HPOS="802" VPOS="623" WIDTH="73" HEIGHT="22" WC="0.96" CONTENT="hvilka"/>
						</TextLine>
						<TextLine ID="line_14" HPOS="124" VPOS="656" WIDTH="751" HEIGHT="30">
							<String ID="string_109" HPOS="124" VPOS="665" WIDTH="78" HEIGHT="21" WC="0.93" CONTENT="genom"/><SP WIDTH="16" VPOS="665" HPOS="202"/>
							<String ID="string_110" HPOS="218" VPOS="657" WIDTH="188" HEIGHT="22" WC="0.91" CONTENT="bränvinsskatten"/><SP WIDTH="16" VPOS="657" HPOS="406"/>
							<String ID="string_111" HPOS="422" VPOS="656" WIDTH="52" HEIGHT="21" WC="0.93" CONTENT="böra"/><SP WIDTH="16" VPOS="656" HPOS="474"/>
							<String ID="string_112" HPOS="490" VPOS="656" WIDTH="185" HEIGHT="29" WC="0.91" CONTENT="tillvägabringas."/><SP WIDTH="37" VPOS="656" HPOS="675"/>
							<String ID="string_113" HPOS="712" VPOS="657" WIDTH="65" HEIGHT="22" WC="0.94" CONTENT="Hvad"/><SP WIDTH="16" VPOS="657" HPOS="777"/>
							<String ID="string_114" HPOS="793" VPOS="664" WIDTH="46" HEIGHT="14" WC="0.93" CONTENT="som"/><SP WIDTH="14" VPOS="664" HPOS="839"/>
							<String ID="string_115" HPOS="853" VPOS="665" WIDTH="22" HEIGHT="13" WC="0.91" CONTENT="e-"/>
						</TextLine>
						<TextLine ID="line_15" HPOS="123" VPOS="691" WIDTH="752" HEIGHT="28">
							<String ID="string_116" HPOS="123" VPOS="691" WIDTH="108" HEIGHT="24" WC="0.91" CONTENT="mellertid"/><SP WIDTH="16" VPOS="691" HPOS="231"/>
							<String ID="string_117" HPOS="247" VPOS="693" WIDTH="23" HEIGHT="20" WC="0.93" CONTENT="är"/><SP WIDTH="16" VPOS="693" HPOS="270"/>
							<String ID="string_118" HPOS="286" VPOS="691" WIDTH="69" HEIGHT="28" WC="0.92" CONTENT="gifvet"/><SP WIDTH="15" VPOS="691" HPOS="355"/>
							<String ID="string_119" HPOS="370" VPOS="691" WIDTH="23" HEIGHT="20" WC="0.96" CONTENT="är"/><SP WIDTH="15" VPOS="691" HPOS="393"/>
							<String ID="string_120" HPOS="408" VPOS="693" WIDTH="32" HEIGHT="18" WC="0.96" CONTENT="att"/><SP WIDTH="14" VPOS="693" HPOS="440"/>
							<String ID="string_121" HPOS="454" VPOS="693" WIDTH="77" HEIGHT="24" WC="0.95" CONTENT="staten,"/><SP WIDTH="16" VPOS="693" HPOS="531"/>
							<String ID="string_122" HPOS="547" VPOS="691" WIDTH="33" HEIGHT="20" WC="0.96" CONTENT="för"/><SP WIDTH="16" VPOS="691" HPOS="580"/>
							<String ID="string_123" HPOS="596" VPOS="694" WIDTH="31" HEIGHT="17" WC="0.96" CONTENT="att"/><SP WIDTH="15" VPOS="694" HPOS="627"/>
							<String ID="string_124" HPOS="642" VPOS="691" WIDTH="72" HEIGHT="21" WC="0.96" CONTENT="kunna"/><SP WIDTH="14" VPOS="691" HPOS="714"/>
							<String ID="string_125" HPOS="728" VPOS="692" WIDTH="72" HEIGHT="23" WC="0.96" CONTENT="utföra"/><SP WIDTH="11" VPOS="692" HPOS="800"/>
							<String ID="string_126" HPOS="811" VPOS="691" WIDTH="64" HEIGHT="22" WC="0.96" CONTENT="dessa"/>
						</TextLine>
						<TextLine ID="line_16" HPOS="124" VPOS="724" WIDTH="751" HEIGHT="30">
							<String ID="string_127" HPOS="124" VPOS="727" WIDTH="93" HEIGHT="27" WC="0.93" CONTENT="företag,"/><SP WIDTH="15" VPOS="727" HPOS="217"/>
							<String ID="string_128" HPOS="232" VPOS="725" WIDTH="83" HEIGHT="28" WC="0.90" CONTENT="nödgas"/><SP WIDTH="16" VPOS="725" HPOS="315"/>
							<String ID="string_129" HPOS="331" VPOS="724" WIDTH="121" HEIGHT="21" WC="0.91" CONTENT="skuldsätta"/><SP WIDTH="15" VPOS="724" HPOS="452"/>
							<String ID="string_130" HPOS="467" VPOS="725" WIDTH="41" HEIGHT="28" WC="0.85" CONTENT="sig,"/><SP WIDTH="30" VPOS="725" HPOS="508"/>
							<String ID="string_131" HPOS="538" VPOS="724" WIDTH="45" HEIGHT="22" WC="0.96" CONTENT="Det"/><SP WIDTH="15" VPOS="724" HPOS="583"/>
							<String ID="string_132" HPOS="598" VPOS="725" WIDTH="42" HEIGHT="26" WC="0.96" CONTENT="lån,"/><SP WIDTH="16" VPOS="725" HPOS="640"/>
							<String ID="string_133" HPOS="656" VPOS="730" WIDTH="46" HEIGHT="17" WC="0.95" CONTENT="som"/><SP WIDTH="16" VPOS="730" HPOS="702"/>
							<String ID="string_134" HPOS="718" VPOS="726" WIDTH="33" HEIGHT="21" WC="0.96" CONTENT="för"/><SP WIDTH="16" VPOS="726" HPOS="751"/>
							<String ID="string_135" HPOS="767" VPOS="725" WIDTH="58" HEIGHT="23" WC="0.93" CONTENT="detta"/><SP WIDTH="12" VPOS="725" HPOS="825"/>
							<String ID="string_136" HPOS="837" VPOS="727" WIDTH="38" HEIGHT="20" WC="0.91" CONTENT="än-"/>
						</TextLine>
						<TextLine ID="line_17" HPOS="124" VPOS="759" WIDTH="750" HEIGHT="28">
							<String ID="string_137" HPOS="124" VPOS="760" WIDTH="71" HEIGHT="24" WC="0.90" CONTENT="damål"/><SP WIDTH="16" VPOS="760" HPOS="195"/>
							<String ID="string_138" HPOS="211" VPOS="760" WIDTH="67" HEIGHT="20" WC="0.96" CONTENT="måste"/><SP WIDTH="15" VPOS="760" HPOS="278"/>
							<String ID="string_139" HPOS="293" VPOS="759" WIDTH="28" HEIGHT="28" WC="0.96" CONTENT="på"/><SP WIDTH="14" VPOS="759" HPOS="321"/>
							<String ID="string_140" HPOS="335" VPOS="759" WIDTH="81" HEIGHT="20" WC="0.96" CONTENT="utrikes"/><SP WIDTH="16" VPOS="759" HPOS="416"/>
							<String ID="string_141" HPOS="432" VPOS="761" WIDTH="34" HEIGHT="18" WC="0.96" CONTENT="ort"/><SP WIDTH="15" VPOS="761" HPOS="466"/>
							<String ID="string_142" HPOS="481" VPOS="762" WIDTH="115" HEIGHT="25" WC="0.96" CONTENT="upptagas,"/><SP WIDTH="16" VPOS="762" HPOS="596"/>
							<String ID="string_143" HPOS="612" VPOS="760" WIDTH="23" HEIGHT="20" WC="0.93" CONTENT="är"/><SP WIDTH="17" VPOS="760" HPOS="635"/>
							<String ID="string_144" HPOS="652" VPOS="759" WIDTH="118" HEIGHT="24" WC="0.92" CONTENT="beräknadt"/><SP WIDTH="15" VPOS="759" HPOS="770"/>
							<String ID="string_145" HPOS="785" VPOS="760" WIDTH="33" HEIGHT="21" WC="0.91" CONTENT="till"/><SP WIDTH="15" VPOS="760" HPOS="818"/>
							<String ID="string_146" HPOS="833" VPOS="760" WIDTH="41" HEIGHT="21" WC="0.91" CONTENT="nit-"/>
						</TextLine>
						<TextLine ID="line_18" HPOS="124" VPOS="793" WIDTH="751" HEIGHT="28">
							<String ID="string_147" HPOS="124" VPOS="798" WIDTH="37" HEIGHT="17" WC="0.96" CONTENT="ton"/><SP WIDTH="24" VPOS="798" HPOS="161"/>
							<String ID="string_148" HPOS="185" VPOS="794" WIDTH="52" HEIGHT="21" WC="0.93" CONTENT="eller"/><SP WIDTH="19" VPOS="794" HPOS="237"/>
							<String ID="string_149" HPOS="256" VPOS="794" WIDTH="60" HEIGHT="27" WC="0.92" CONTENT="tjugu"/><SP WIDTH="19" VPOS="794" HPOS="316"/>
							<String ID="string_150" HPOS="335" VPOS="793" WIDTH="98" HEIGHT="28" WC="0.96" CONTENT="miljoner"/><SP WIDTH="19" VPOS="793" HPOS="433"/>
							<String ID="string_151" HPOS="452" VPOS="793" WIDTH="66" HEIGHT="20" WC="0.94" CONTENT="mark."/><SP WIDTH="38" VPOS="793" HPOS="518"/>
							<String ID="string_152" HPOS="556" VPOS="793" WIDTH="80" HEIGHT="22" WC="0.71" CONTENT="Härtill"/><SP WIDTH="19" VPOS="793" HPOS="636"/>
							<String ID="string_153" HPOS="655" VPOS="794" WIDTH="96" HEIGHT="23" WC="0.96" CONTENT="kommer"/><SP WIDTH="16" VPOS="794" HPOS="751"/>
							<String ID="string_154" HPOS="767" VPOS="795" WIDTH="55" HEIGHT="20" WC="0.96" CONTENT="ännu"/><SP WIDTH="16" VPOS="795" HPOS="822"/>
							<String ID="string_155" HPOS="838" VPOS="795" WIDTH="37" HEIGHT="20" WC="0.96" CONTENT="det"/>
						</TextLine>
						<TextLine ID="line_19" HPOS="123" VPOS="827" WIDTH="752" HEIGHT="29">
							<String ID="string_156" HPOS="123" VPOS="828" WIDTH="114" HEIGHT="21" WC="0.91" CONTENT="inhemska"/><SP WIDTH="15" VPOS="828" HPOS="237"/>
							<String ID="string_157" HPOS="252" VPOS="828" WIDTH="34" HEIGHT="20" WC="0.93" CONTENT="län"/><SP WIDTH="17" VPOS="828" HPOS="286"/>
							<String ID="string_158" HPOS="303" VPOS="827" WIDTH="12" HEIGHT="21" WC="0.90" CONTENT="ä"/><SP WIDTH="14" VPOS="827" HPOS="315"/>
							<String ID="string_159" HPOS="329" VPOS="828" WIDTH="61" HEIGHT="27" WC="0.89" CONTENT="tjugu"/><SP WIDTH="16" VPOS="828" HPOS="390"/>
							<String ID="string_160" HPOS="406" VPOS="827" WIDTH="98" HEIGHT="28" WC="0.96" CONTENT="miljoner"/><SP WIDTH="16" VPOS="827" HPOS="504"/>
							<String ID="string_161" HPOS="520" VPOS="827" WIDTH="67" HEIGHT="27" WC="0.96" CONTENT="mark,"/><SP WIDTH="15" VPOS="827" HPOS="587"/>
							<String ID="string_162" HPOS="602" VPOS="835" WIDTH="46" HEIGHT="15" WC="0.96" CONTENT="som"/><SP WIDTH="16" VPOS="835" HPOS="648"/>
							<String ID="string_163" HPOS="664" VPOS="829" WIDTH="23" HEIGHT="20" WC="0.93" CONTENT="är"/><SP WIDTH="16" VPOS="829" HPOS="687"/>
							<String ID="string_164" HPOS="703" VPOS="829" WIDTH="116" HEIGHT="27" WC="0.92" CONTENT="föreslaget"/><SP WIDTH="14" VPOS="829" HPOS="819"/>
							<String ID="string_165" HPOS="833" VPOS="829" WIDTH="42" HEIGHT="20" WC="0.96" CONTENT="och"/>
						</TextLine>
						<TextLine ID="line_20" HPOS="123" VPOS="861" WIDTH="752" HEIGHT="29">
							<String ID="string_166" HPOS="123" VPOS="863" WIDTH="69" HEIGHT="20" WC="0.93" CONTENT="under"/><SP WIDTH="19" VPOS="863" HPOS="192"/>
							<String ID="string_167" HPOS="211" VPOS="862" WIDTH="121" HEIGHT="28" WC="0.92" CONTENT="gärdagens"/><SP WIDTH="16" VPOS="862" HPOS="332"/>
							<String ID="string_168" HPOS="348" VPOS="862" WIDTH="82" HEIGHT="21" WC="0.96" CONTENT="session"/><SP WIDTH="17" VPOS="862" HPOS="430"/>
							<String ID="string_169" HPOS="447" VPOS="862" WIDTH="23" HEIGHT="20" WC="0.93" CONTENT="af"/><SP WIDTH="14" VPOS="862" HPOS="470"/>
							<String ID="string_170" HPOS="484" VPOS="861" WIDTH="179" HEIGHT="28" WC="0.92" CONTENT="borgareständet"/><SP WIDTH="15" VPOS="861" HPOS="663"/>
							<String ID="string_171" HPOS="678" VPOS="862" WIDTH="103" HEIGHT="28" WC="0.93" CONTENT="beviljadt"/><SP WIDTH="15" VPOS="862" HPOS="781"/>
							<String ID="string_172" HPOS="796" VPOS="864" WIDTH="33" HEIGHT="19" WC="0.93" CONTENT="för"/><SP WIDTH="14" VPOS="864" HPOS="829"/>
							<String ID="string_173" HPOS="843" VPOS="863" WIDTH="32" HEIGHT="20" WC="0.91" CONTENT="in-"/>
						</TextLine>
						<TextLine ID="line_21" HPOS="123" VPOS="893" WIDTH="752" HEIGHT="31">
							<String ID="string_174" HPOS="123" VPOS="897" WIDTH="91" HEIGHT="21" WC="0.91" CONTENT="lösande"/><SP WIDTH="20" VPOS="897" HPOS="214"/>
							<String ID="string_175" HPOS="234" VPOS="897" WIDTH="24" HEIGHT="20" WC="0.93" CONTENT="af"/><SP WIDTH="12" VPOS="897" HPOS="258"/>
							<String ID="string_176" HPOS="270" VPOS="896" WIDTH="198" HEIGHT="27" WC="0.92" CONTENT="donationsgodsen"/><SP WIDTH="16" VPOS="896" HPOS="468"/>
							<String ID="string_177" HPOS="484" VPOS="896" WIDTH="7" HEIGHT="21" WC="0.93" CONTENT="i"/><SP WIDTH="16" VPOS="896" HPOS="491"/>
							<String ID="string_178" HPOS="507" VPOS="893" WIDTH="107" HEIGHT="31" WC="0.92" CONTENT="Wiborgs"/><SP WIDTH="15" VPOS="893" HPOS="614"/>
							<String ID="string_179" HPOS="629" VPOS="897" WIDTH="42" HEIGHT="26" WC="0.93" CONTENT="län,"/><SP WIDTH="16" VPOS="897" HPOS="671"/>
							<String ID="string_180" HPOS="687" VPOS="897" WIDTH="83" HEIGHT="22" WC="0.91" CONTENT="säledes"/><SP WIDTH="16" VPOS="897" HPOS="770"/>
							<String ID="string_181" HPOS="786" VPOS="897" WIDTH="89" HEIGHT="21" WC="0.91" CONTENT="tillsam-"/>
						</TextLine>
						<TextLine ID="line_22" HPOS="123" VPOS="930" WIDTH="752" HEIGHT="28">
							<String ID="string_182" HPOS="123" VPOS="938" WIDTH="62" HEIGHT="14" WC="0.91" CONTENT="mans"/><SP WIDTH="16" VPOS="938" HPOS="185"/>
							<String ID="string_183" HPOS="201" VPOS="939" WIDTH="25" HEIGHT="12" WC="0.93" CONTENT="en"/><SP WIDTH="17" VPOS="939" HPOS="226"/>
							<String ID="string_184" HPOS="243" VPOS="930" WIDTH="118" HEIGHT="21" WC="0.92" CONTENT="statsskuld"/><SP WIDTH="17" VPOS="930" HPOS="361"/>
							<String ID="string_185" HPOS="378" VPOS="931" WIDTH="24" HEIGHT="20" WC="0.93" CONTENT="af"/><SP WIDTH="14" VPOS="931" HPOS="402"/>
							<String ID="string_186" HPOS="416" VPOS="930" WIDTH="78" HEIGHT="28" WC="0.92" CONTENT="fyratio"/><SP WIDTH="16" VPOS="930" HPOS="494"/>
							<String ID="string_187" HPOS="510" VPOS="930" WIDTH="98" HEIGHT="28" WC="0.96" CONTENT="miljoner"/><SP WIDTH="14" VPOS="930" HPOS="608"/>
							<String ID="string_188" HPOS="622" VPOS="931" WIDTH="68" HEIGHT="22" WC="0.96" CONTENT="mark."/><SP WIDTH="29" VPOS="931" HPOS="690"/>
							<String ID="string_189" HPOS="719" VPOS="931" WIDTH="45" HEIGHT="21" WC="0.96" CONTENT="Det"/><SP WIDTH="12" VPOS="931" HPOS="764"/>
							<String ID="string_190" HPOS="776" VPOS="931" WIDTH="41" HEIGHT="21" WC="0.93" CONTENT="blir"/><SP WIDTH="11" VPOS="931" HPOS="817"/>
							<String ID="string_191" HPOS="828" VPOS="931" WIDTH="47" HEIGHT="21" WC="0.93" CONTENT="der-"/>
						</TextLine>
						<TextLine ID="line_23" HPOS="124" VPOS="964" WIDTH="751" HEIGHT="29">
							<String ID="string_192" HPOS="124" VPOS="966" WIDTH="48" HEIGHT="21" WC="0.96" CONTENT="före"/><SP WIDTH="16" VPOS="966" HPOS="172"/>
							<String ID="string_193" HPOS="188" VPOS="965" WIDTH="139" HEIGHT="28" WC="0.96" CONTENT="nödvändigt,"/><SP WIDTH="17" VPOS="965" HPOS="327"/>
							<String ID="string_194" HPOS="344" VPOS="968" WIDTH="30" HEIGHT="17" WC="0.96" CONTENT="att"/><SP WIDTH="11" VPOS="968" HPOS="374"/>
							<String ID="string_195" HPOS="385" VPOS="964" WIDTH="41" HEIGHT="21" WC="0.93" CONTENT="den"/><SP WIDTH="14" VPOS="964" HPOS="426"/>
							<String ID="string_196" HPOS="440" VPOS="964" WIDTH="124" HEIGHT="28" WC="0.92" CONTENT="förhöjning"/><SP WIDTH="12" VPOS="964" HPOS="564"/>
							<String ID="string_197" HPOS="576" VPOS="965" WIDTH="24" HEIGHT="21" WC="0.93" CONTENT="af"/><SP WIDTH="9" VPOS="965" HPOS="600"/>
							<String ID="string_198" HPOS="609" VPOS="965" WIDTH="208" HEIGHT="26" WC="0.92" CONTENT="statsinkomsterna,"/><SP WIDTH="11" VPOS="965" HPOS="817"/>
							<String ID="string_199" HPOS="828" VPOS="973" WIDTH="47" HEIGHT="13" WC="0.96" CONTENT="som"/>
						</TextLine>
						<TextLine ID="line_24" HPOS="124" VPOS="998" WIDTH="751" HEIGHT="30">
							<String ID="string_200" HPOS="124" VPOS="1007" WIDTH="79" HEIGHT="21" WC="0.93" CONTENT="genom"/><SP WIDTH="21" VPOS="1007" HPOS="203"/>
							<String ID="string_201" HPOS="224" VPOS="999" WIDTH="144" HEIGHT="28" WC="0.92" CONTENT="bevillningen"/><SP WIDTH="19" VPOS="999" HPOS="368"/>
							<String ID="string_202" HPOS="387" VPOS="998" WIDTH="41" HEIGHT="24" WC="0.93" CONTENT="och"/><SP WIDTH="20" VPOS="998" HPOS="428"/>
							<String ID="string_203" HPOS="448" VPOS="999" WIDTH="191" HEIGHT="24" WC="0.92" CONTENT="bränvinsskatten"/><SP WIDTH="16" VPOS="999" HPOS="639"/>
							<String ID="string_204" HPOS="655" VPOS="999" WIDTH="42" HEIGHT="21" WC="0.93" CONTENT="kan"/><SP WIDTH="15" VPOS="999" HPOS="697"/>
							<String ID="string_205" HPOS="712" VPOS="999" WIDTH="115" HEIGHT="28" WC="0.92" CONTENT="päräknas,"/><SP WIDTH="15" VPOS="999" HPOS="827"/>
							<String ID="string_206" HPOS="842" VPOS="1000" WIDTH="33" HEIGHT="21" WC="0.96" CONTENT="till"/>
						</TextLine>
						<TextLine ID="line_25" HPOS="122" VPOS="1033" WIDTH="754" HEIGHT="28">
							<String ID="string_207" HPOS="122" VPOS="1033" WIDTH="157" HEIGHT="28" WC="0.90" CONTENT="hufvudsaklig"/><SP WIDTH="22" VPOS="1033" HPOS="279"/>
							<String ID="string_208" HPOS="301" VPOS="1033" WIDTH="35" HEIGHT="21" WC="0.93" CONTENT="del"/><SP WIDTH="23" VPOS="1033" HPOS="336"/>
							<String ID="string_209" HPOS="359" VPOS="1033" WIDTH="72" HEIGHT="20" WC="0.91" CONTENT="ansläs"/><SP WIDTH="19" VPOS="1033" HPOS="431"/>
							<String ID="string_210" HPOS="450" VPOS="1033" WIDTH="33" HEIGHT="20" WC="0.93" CONTENT="till"/><SP WIDTH="19" VPOS="1033" HPOS="483"/>
							<String ID="string_211" HPOS="502" VPOS="1033" WIDTH="119" HEIGHT="21" WC="0.91" CONTENT="annuiteter"/><SP WIDTH="18" VPOS="1033" HPOS="621"/>
							<String ID="string_212" HPOS="639" VPOS="1033" WIDTH="130" HEIGHT="21" WC="0.91" CONTENT="ätminstone"/><SP WIDTH="15" VPOS="1033" HPOS="769"/>
							<String ID="string_213" HPOS="784" VPOS="1033" WIDTH="11" HEIGHT="21" WC="0.91" CONTENT="ä"/><SP WIDTH="16" VPOS="1033" HPOS="795"/>
							<String ID="string_214" HPOS="811" VPOS="1034" WIDTH="65" HEIGHT="23" WC="0.93" CONTENT="först-"/>
						</TextLine>
						<TextLine ID="line_26" HPOS="122" VPOS="1067" WIDTH="754" HEIGHT="29">
							<String ID="string_215" HPOS="122" VPOS="1067" WIDTH="93" HEIGHT="22" WC="0.96" CONTENT="nämnde"/><SP WIDTH="15" VPOS="1067" HPOS="215"/>
							<String ID="string_216" HPOS="230" VPOS="1067" WIDTH="42" HEIGHT="21" WC="0.95" CONTENT="län."/><SP WIDTH="34" VPOS="1067" HPOS="272"/>
							<String ID="string_217" HPOS="306" VPOS="1067" WIDTH="78" HEIGHT="22" WC="0.93" CONTENT="Denna"/><SP WIDTH="15" VPOS="1067" HPOS="384"/>
							<String ID="string_218" HPOS="399" VPOS="1067" WIDTH="84" HEIGHT="28" WC="0.92" CONTENT="vigtiga"/><SP WIDTH="15" VPOS="1067" HPOS="483"/>
							<String ID="string_219" HPOS="498" VPOS="1067" WIDTH="162" HEIGHT="28" WC="0.96" CONTENT="omständighet"/><SP WIDTH="15" VPOS="1067" HPOS="660"/>
							<String ID="string_220" HPOS="675" VPOS="1075" WIDTH="63" HEIGHT="21" WC="0.93" CONTENT="synes"/><SP WIDTH="15" VPOS="1075" HPOS="738"/>
							<String ID="string_221" HPOS="753" VPOS="1068" WIDTH="123" HEIGHT="23" WC="0.71" CONTENT="ekonomie»"/>
						</TextLine>
						<TextLine ID="line_27" HPOS="123" VPOS="1101" WIDTH="753" HEIGHT="30">
							<String ID="string_222" HPOS="123" VPOS="1101" WIDTH="41" HEIGHT="22" WC="0.93" CONTENT="och"/><SP WIDTH="17" VPOS="1101" HPOS="164"/>
							<String ID="string_223" HPOS="181" VPOS="1101" WIDTH="237" HEIGHT="28" WC="0.92" CONTENT="bevillningsutskottet"/><SP WIDTH="14" VPOS="1101" HPOS="418"/>
							<String ID="string_224" HPOS="432" VPOS="1101" WIDTH="32" HEIGHT="21" WC="0.93" CONTENT="uti"/><SP WIDTH="15" VPOS="1101" HPOS="464"/>
							<String ID="string_225" HPOS="479" VPOS="1101" WIDTH="39" HEIGHT="24" WC="0.93" CONTENT="sitt"/><SP WIDTH="12" VPOS="1101" HPOS="518"/>
							<String ID="string_226" HPOS="530" VPOS="1101" WIDTH="135" HEIGHT="22" WC="0.92" CONTENT="betänkande"/><SP WIDTH="12" VPOS="1101" HPOS="665"/>
							<String ID="string_227" HPOS="677" VPOS="1103" WIDTH="6" HEIGHT="20" WC="0.93" CONTENT="i"/><SP WIDTH="13" VPOS="1103" HPOS="683"/>
							<String ID="string_228" HPOS="696" VPOS="1102" WIDTH="180" HEIGHT="29" WC="0.93" CONTENT="bränvinsfrägan"/>
						</TextLine>
						<TextLine ID="line_28" HPOS="123" VPOS="1136" WIDTH="754" HEIGHT="28">
							<String ID="string_229" HPOS="123" VPOS="1136" WIDTH="67" HEIGHT="21" WC="0.93" CONTENT="hafva"/><SP WIDTH="21" VPOS="1136" HPOS="190"/>
							<String ID="string_230" HPOS="211" VPOS="1143" WIDTH="44" HEIGHT="21" WC="0.95" CONTENT="nog"/><SP WIDTH="23" VPOS="1143" HPOS="255"/>
							<String ID="string_231" HPOS="278" VPOS="1136" WIDTH="87" HEIGHT="28" WC="0.93" CONTENT="mycket"/><SP WIDTH="21" VPOS="1136" HPOS="365"/>
							<String ID="string_232" HPOS="386" VPOS="1136" WIDTH="108" HEIGHT="26" WC="0.88" CONTENT="förbisett,"/><SP WIDTH="22" VPOS="1136" HPOS="494"/>
							<String ID="string_233" HPOS="516" VPOS="1136" WIDTH="107" HEIGHT="21" WC="0.91" CONTENT="mähända"/><SP WIDTH="19" VPOS="1136" HPOS="623"/>
							<String ID="string_234" HPOS="642" VPOS="1136" WIDTH="31" HEIGHT="21" WC="0.96" CONTENT="till"/><SP WIDTH="20" VPOS="1136" HPOS="673"/>
							<String ID="string_235" HPOS="693" VPOS="1136" WIDTH="54" HEIGHT="28" WC="0.93" CONTENT="följd"/><SP WIDTH="20" VPOS="1136" HPOS="747"/>
							<String ID="string_236" HPOS="767" VPOS="1136" WIDTH="62" HEIGHT="23" WC="0.92" CONTENT="deraf"/><SP WIDTH="16" VPOS="1136" HPOS="829"/>
							<String ID="string_237" HPOS="845" VPOS="1140" WIDTH="32" HEIGHT="18" WC="0.96" CONTENT="att"/>
						</TextLine>
						<TextLine ID="line_29" HPOS="123" VPOS="1170" WIDTH="754" HEIGHT="29">
							<String ID="string_238" HPOS="123" VPOS="1170" WIDTH="94" HEIGHT="22" WC="0.91" CONTENT="nämnda"/><SP WIDTH="23" VPOS="1170" HPOS="217"/>
							<String ID="string_239" HPOS="240" VPOS="1170" WIDTH="83" HEIGHT="22" WC="0.96" CONTENT="utskott"/><SP WIDTH="23" VPOS="1170" HPOS="323"/>
							<String ID="string_240" HPOS="346" VPOS="1170" WIDTH="48" HEIGHT="22" WC="0.96" CONTENT="icke"/><SP WIDTH="18" VPOS="1170" HPOS="394"/>
							<String ID="string_241" HPOS="412" VPOS="1170" WIDTH="72" HEIGHT="23" WC="0.96" CONTENT="kunde"/><SP WIDTH="19" VPOS="1170" HPOS="484"/>
							<String ID="string_242" HPOS="503" VPOS="1170" WIDTH="37" HEIGHT="21" WC="0.93" CONTENT="vid"/><SP WIDTH="19" VPOS="1170" HPOS="540"/>
							<String ID="string_243" HPOS="559" VPOS="1170" WIDTH="87" HEIGHT="28" WC="0.96" CONTENT="frågans"/><SP WIDTH="20" VPOS="1170" HPOS="646"/>
							<String ID="string_244" HPOS="666" VPOS="1170" WIDTH="131" HEIGHT="29" WC="0.93" CONTENT="behandling"/><SP WIDTH="15" VPOS="1170" HPOS="797"/>
							<String ID="string_245" HPOS="812" VPOS="1172" WIDTH="65" HEIGHT="22" WC="0.96" CONTENT="hafva"/>
						</TextLine>
						<TextLine ID="line_30" HPOS="123" VPOS="1205" WIDTH="754" HEIGHT="28">
							<String ID="string_246" HPOS="123" VPOS="1206" WIDTH="72" HEIGHT="27" WC="0.93" CONTENT="nägon"/><SP WIDTH="22" VPOS="1206" HPOS="195"/>
							<String ID="string_247" HPOS="217" VPOS="1205" WIDTH="90" HEIGHT="27" WC="0.96" CONTENT="ledning"/><SP WIDTH="22" VPOS="1205" HPOS="307"/>
							<String ID="string_248" HPOS="329" VPOS="1205" WIDTH="24" HEIGHT="20" WC="0.96" CONTENT="af"/><SP WIDTH="16" VPOS="1205" HPOS="353"/>
							<String ID="string_249" HPOS="369" VPOS="1205" WIDTH="37" HEIGHT="21" WC="0.96" CONTENT="det"/><SP WIDTH="18" VPOS="1205" HPOS="406"/>
							<String ID="string_250" HPOS="424" VPOS="1212" WIDTH="76" HEIGHT="14" WC="0.93" CONTENT="senare"/><SP WIDTH="19" VPOS="1212" HPOS="500"/>
							<String ID="string_251" HPOS="519" VPOS="1205" WIDTH="83" HEIGHT="28" WC="0.88" CONTENT="afgifna"/><SP WIDTH="16" VPOS="1205" HPOS="602"/>
							<String ID="string_252" HPOS="618" VPOS="1205" WIDTH="145" HEIGHT="22" WC="0.92" CONTENT="betänkandet"/><SP WIDTH="16" VPOS="1205" HPOS="763"/>
							<String ID="string_253" HPOS="779" VPOS="1205" WIDTH="6" HEIGHT="20" WC="0.93" CONTENT="i"/><SP WIDTH="17" VPOS="1205" HPOS="785"/>
							<String ID="string_254" HPOS="802" VPOS="1205" WIDTH="75" HEIGHT="21" WC="0.92" CONTENT="bevill-"/>
						</TextLine>
						<TextLine ID="line_31" HPOS="123" VPOS="1238" WIDTH="753" HEIGHT="30">
							<String ID="string_255" HPOS="123" VPOS="1239" WIDTH="148" HEIGHT="29" WC="0.87" CONTENT="ningsfrägan."/><SP WIDTH="30" VPOS="1239" HPOS="271"/>
							<String ID="string_256" HPOS="301" VPOS="1238" WIDTH="125" HEIGHT="22" WC="0.90" CONTENT="Utskottets"/><SP WIDTH="17" VPOS="1238" HPOS="426"/>
							<String ID="string_257" HPOS="443" VPOS="1238" WIDTH="141" HEIGHT="27" WC="0.96" CONTENT="betänkande,"/><SP WIDTH="16" VPOS="1238" HPOS="584"/>
							<String ID="string_258" HPOS="600" VPOS="1239" WIDTH="5" HEIGHT="20" WC="0.93" CONTENT="i"/><SP WIDTH="13" VPOS="1239" HPOS="605"/>
							<String ID="string_259" HPOS="618" VPOS="1239" WIDTH="57" HEIGHT="21" WC="0.94" CONTENT="hvad"/><SP WIDTH="12" VPOS="1239" HPOS="675"/>
							<String ID="string_260" HPOS="687" VPOS="1239" WIDTH="37" HEIGHT="23" WC="0.93" CONTENT="det"/><SP WIDTH="14" VPOS="1239" HPOS="724"/>
							<String ID="string_261" HPOS="738" VPOS="1239" WIDTH="64" HEIGHT="27" WC="0.93" CONTENT="angår"/><SP WIDTH="12" VPOS="1239" HPOS="802"/>
							<String ID="string_262" HPOS="814" VPOS="1239" WIDTH="62" HEIGHT="21" WC="0.91" CONTENT="brän-"/>
						</TextLine>
						<TextLine ID="line_32" HPOS="123" VPOS="1272" WIDTH="754" HEIGHT="29">
							<String ID="string_263" HPOS="123" VPOS="1274" WIDTH="148" HEIGHT="20" WC="0.92" CONTENT="vinsskattens"/><SP WIDTH="16" VPOS="1274" HPOS="271"/>
							<String ID="string_264" HPOS="287" VPOS="1272" WIDTH="149" HEIGHT="27" WC="0.92" CONTENT="användande,"/><SP WIDTH="16" VPOS="1272" HPOS="436"/>
							<String ID="string_265" HPOS="452" VPOS="1280" WIDTH="64" HEIGHT="21" WC="0.91" CONTENT="synes"/><SP WIDTH="16" VPOS="1280" HPOS="516"/>
							<String ID="string_266" HPOS="532" VPOS="1273" WIDTH="112" HEIGHT="28" WC="0.92" CONTENT="verkligen"/><SP WIDTH="17" VPOS="1273" HPOS="644"/>
							<String ID="string_267" HPOS="661" VPOS="1273" WIDTH="26" HEIGHT="27" WC="0.93" CONTENT="gä"/><SP WIDTH="16" VPOS="1273" HPOS="687"/>
							<String ID="string_268" HPOS="703" VPOS="1277" WIDTH="23" HEIGHT="17" WC="0.96" CONTENT="ut"/><SP WIDTH="14" VPOS="1277" HPOS="726"/>
							<String ID="string_269" HPOS="740" VPOS="1273" WIDTH="35" HEIGHT="27" WC="0.92" CONTENT="pä,"/><SP WIDTH="11" VPOS="1273" HPOS="775"/>
							<String ID="string_270" HPOS="786" VPOS="1272" WIDTH="47" HEIGHT="22" WC="0.92" CONTENT="icke"/><SP WIDTH="13" VPOS="1272" HPOS="833"/>
							<String ID="string_271" HPOS="846" VPOS="1277" WIDTH="31" HEIGHT="17" WC="0.96" CONTENT="att"/>
						</TextLine>
						<TextLine ID="line_33" HPOS="123" VPOS="1306" WIDTH="754" HEIGHT="29">
							<String ID="string_272" HPOS="123" VPOS="1307" WIDTH="156" HEIGHT="21" WC="0.91" CONTENT="sammanhälla"/><SP WIDTH="15" VPOS="1307" HPOS="279"/>
							<String ID="string_273" HPOS="294" VPOS="1306" WIDTH="27" HEIGHT="22" WC="0.96" CONTENT="de"/><SP WIDTH="16" VPOS="1306" HPOS="321"/>
							<String ID="string_274" HPOS="337" VPOS="1314" WIDTH="77" HEIGHT="21" WC="0.96" CONTENT="genom"/><SP WIDTH="18" VPOS="1314" HPOS="414"/>
							<String ID="string_275" HPOS="432" VPOS="1307" WIDTH="165" HEIGHT="28" WC="0.93" CONTENT="beskattningen"/><SP WIDTH="16" VPOS="1307" HPOS="597"/>
							<String ID="string_276" HPOS="613" VPOS="1307" WIDTH="94" HEIGHT="22" WC="0.92" CONTENT="samlade"/><SP WIDTH="12" VPOS="1307" HPOS="707"/>
							<String ID="string_277" HPOS="719" VPOS="1307" WIDTH="112" HEIGHT="27" WC="0.92" CONTENT="kapitaler,"/><SP WIDTH="12" VPOS="1307" HPOS="831"/>
							<String ID="string_278" HPOS="843" VPOS="1308" WIDTH="34" HEIGHT="21" WC="0.96" CONTENT="för"/>
						</TextLine>
						<TextLine ID="line_34" HPOS="123" VPOS="1341" WIDTH="754" HEIGHT="28">
							<String ID="string_279" HPOS="123" VPOS="1346" WIDTH="32" HEIGHT="16" WC="0.95" CONTENT="att"/><SP WIDTH="19" VPOS="1346" HPOS="155"/>
							<String ID="string_280" HPOS="174" VPOS="1341" WIDTH="99" HEIGHT="21" WC="0.96" CONTENT="använda"/><SP WIDTH="15" VPOS="1341" HPOS="273"/>
							<String ID="string_281" HPOS="288" VPOS="1341" WIDTH="48" HEIGHT="21" WC="0.96" CONTENT="dem"/><SP WIDTH="16" VPOS="1341" HPOS="336"/>
							<String ID="string_282" HPOS="352" VPOS="1341" WIDTH="32" HEIGHT="23" WC="0.96" CONTENT="till"/><SP WIDTH="18" VPOS="1341" HPOS="384"/>
							<String ID="string_283" HPOS="402" VPOS="1342" WIDTH="90" HEIGHT="27" WC="0.95" CONTENT="företag,"/><SP WIDTH="17" VPOS="1342" HPOS="492"/>
							<String ID="string_284" HPOS="509" VPOS="1348" WIDTH="46" HEIGHT="14" WC="0.96" CONTENT="som"/><SP WIDTH="16" VPOS="1348" HPOS="555"/>
							<String ID="string_285" HPOS="571" VPOS="1342" WIDTH="35" HEIGHT="23" WC="0.96" CONTENT="för"/><SP WIDTH="14" VPOS="1342" HPOS="606"/>
							<String ID="string_286" HPOS="620" VPOS="1342" WIDTH="74" HEIGHT="23" WC="0.96" CONTENT="landet"/><SP WIDTH="15" VPOS="1342" HPOS="694"/>
							<String ID="string_287" HPOS="709" VPOS="1341" WIDTH="70" HEIGHT="21" WC="0.93" CONTENT="skulle"/><SP WIDTH="15" VPOS="1341" HPOS="779"/>
							<String ID="string_288" HPOS="794" VPOS="1342" WIDTH="83" HEIGHT="21" WC="0.91" CONTENT="medtö-"/>
						</TextLine>
						<TextLine ID="line_35" HPOS="122" VPOS="1374" WIDTH="755" HEIGHT="30">
							<String ID="string_289" HPOS="122" VPOS="1384" WIDTH="25" HEIGHT="13" WC="0.94" CONTENT="ra"/><SP WIDTH="16" VPOS="1384" HPOS="147"/>
							<String ID="string_290" HPOS="163" VPOS="1379" WIDTH="59" HEIGHT="17" WC="0.96" CONTENT="stora"/><SP WIDTH="15" VPOS="1379" HPOS="222"/>
							<String ID="string_291" HPOS="237" VPOS="1374" WIDTH="40" HEIGHT="22" WC="0.93" CONTENT="och"/><SP WIDTH="16" VPOS="1374" HPOS="277"/>
							<String ID="string_292" HPOS="293" VPOS="1375" WIDTH="113" HEIGHT="28" WC="0.93" CONTENT="varaktiga"/><SP WIDTH="16" VPOS="1375" HPOS="406"/>
							<String ID="string_293" HPOS="422" VPOS="1375" WIDTH="102" HEIGHT="27" WC="0.92" CONTENT="fördelar,"/><SP WIDTH="16" VPOS="1375" HPOS="524"/>
							<String ID="string_294" HPOS="540" VPOS="1379" WIDTH="52" HEIGHT="18" WC="0.96" CONTENT="utan"/><SP WIDTH="15" VPOS="1379" HPOS="592"/>
							<String ID="string_295" HPOS="607" VPOS="1379" WIDTH="32" HEIGHT="17" WC="0.93" CONTENT="att"/><SP WIDTH="12" VPOS="1379" HPOS="639"/>
							<String ID="string_296" HPOS="651" VPOS="1376" WIDTH="87" HEIGHT="28" WC="0.89" CONTENT="skingra"/><SP WIDTH="13" VPOS="1376" HPOS="738"/>
							<String ID="string_297" HPOS="751" VPOS="1375" WIDTH="40" HEIGHT="21" WC="0.93" CONTENT="och"/><SP WIDTH="12" VPOS="1375" HPOS="791"/>
							<String ID="string_298" HPOS="803" VPOS="1376" WIDTH="74" HEIGHT="27" WC="0.92" CONTENT="sprida"/>
						</TextLine>
					</TextBlock>
				</ComposedBlock>
				<ComposedBlock ID="cblock_2" HPOS="121" VPOS="1409" WIDTH="774" HEIGHT="29">
					<TextBlock ID="block_3" HPOS="121" VPOS="1409" WIDTH="774" HEIGHT="29">
						<TextLine ID="line_36" HPOS="121" VPOS="1409" WIDTH="774" HEIGHT="29">
							<String ID="string_299" HPOS="121" VPOS="1410" WIDTH="64" HEIGHT="21" WC="0.76" CONTENT="dessa"/><SP WIDTH="22" VPOS="1410" HPOS="185"/>
							<String ID="string_300" HPOS="207" VPOS="1409" WIDTH="113" HEIGHT="27" WC="0.76" CONTENT="kapitaler."/><SP WIDTH="37" VPOS="1409" HPOS="320"/>
							<String ID="string_301" HPOS="357" VPOS="1409" WIDTH="35" HEIGHT="21" WC="0.92" CONTENT="En"/><SP WIDTH="21" VPOS="1409" HPOS="392"/>
							<String ID="string_302" HPOS="413" VPOS="1410" WIDTH="24" HEIGHT="21" WC="0.95" CONTENT="af"/><SP WIDTH="15" VPOS="1410" HPOS="437"/>
							<String ID="string_303" HPOS="452" VPOS="1409" WIDTH="27" HEIGHT="21" WC="0.96" CONTENT="de"/><SP WIDTH="15" VPOS="1409" HPOS="479"/>
							<String ID="string_304" HPOS="494" VPOS="1410" WIDTH="82" HEIGHT="21" WC="0.91" CONTENT="största"/><SP WIDTH="13" VPOS="1410" HPOS="576"/>
							<String ID="string_305" HPOS="589" VPOS="1410" WIDTH="135" HEIGHT="28" WC="0.96" CONTENT="svårigheter"/><SP WIDTH="14" VPOS="1410" HPOS="724"/>
							<String ID="string_306" HPOS="738" VPOS="1410" WIDTH="7" HEIGHT="20" WC="0.93" CONTENT="i"/><SP WIDTH="16" VPOS="1410" HPOS="745"/>
							<String ID="string_307" HPOS="761" VPOS="1410" WIDTH="116" HEIGHT="21" WC="0.27" CONTENT="finansföra"/><SP WIDTH="16" VPOS="1410" HPOS="877"/>
							<String ID="string_308" HPOS="893" VPOS="1424" WIDTH="2" HEIGHT="4" WC="0.80" CONTENT="."/>
						</TextLine>
					</TextBlock>
				</ComposedBlock>
				<ComposedBlock ID="cblock_3" HPOS="122" VPOS="1444" WIDTH="755" HEIGHT="28">
					<TextBlock ID="block_4" HPOS="122" VPOS="1444" WIDTH="755" HEIGHT="28">
						<TextLine ID="line_37" HPOS="122" VPOS="1444" WIDTH="755" HEIGHT="28">
							<String ID="string_309" HPOS="122" VPOS="1444" WIDTH="125" HEIGHT="27" WC="0.91" CONTENT="valtningen"/><SP WIDTH="16" VPOS="1444" HPOS="247"/>
							<String ID="string_310" HPOS="263" VPOS="1444" WIDTH="24" HEIGHT="20" WC="0.96" CONTENT="är"/><SP WIDTH="16" VPOS="1444" HPOS="287"/>
							<String ID="string_311" HPOS="303" VPOS="1446" WIDTH="30" HEIGHT="18" WC="0.93" CONTENT="att"/><SP WIDTH="13" VPOS="1446" HPOS="333"/>
							<String ID="string_312" HPOS="346" VPOS="1444" WIDTH="175" HEIGHT="28" WC="0.90" CONTENT="sammanbringa"/><SP WIDTH="11" VPOS="1444" HPOS="521"/>
							<String ID="string_313" HPOS="532" VPOS="1444" WIDTH="114" HEIGHT="28" WC="0.92" CONTENT="kapitaler,"/><SP WIDTH="12" VPOS="1444" HPOS="646"/>
							<String ID="string_314" HPOS="658" VPOS="1445" WIDTH="33" HEIGHT="22" WC="0.96" CONTENT="för"/><SP WIDTH="13" VPOS="1445" HPOS="691"/>
							<String ID="string_315" HPOS="704" VPOS="1446" WIDTH="31" HEIGHT="19" WC="0.96" CONTENT="att"/><SP WIDTH="11" VPOS="1446" HPOS="735"/>
							<String ID="string_316" HPOS="746" VPOS="1452" WIDTH="78" HEIGHT="20" WC="0.96" CONTENT="genom"/><SP WIDTH="11" VPOS="1452" HPOS="824"/>
							<String ID="string_317" HPOS="835" VPOS="1444" WIDTH="42" HEIGHT="24" WC="0.96" CONTENT="den"/>
						</TextLine>
					</TextBlock>
				</ComposedBlock>
			</PrintSpace>
		</Page>
	</Layout>
</alto>
