1031 1700
211 89 42 21 304

182 151 71 22 beslut
271 152 7 20 i
298 152 87 21 ärendet
404 151 108 22 meddelas
530 150 100 30 samtliga
645 151 142 22 medständen
802 152 33 21 till
850 151 80 22 känne-

182 186 51 21 dom
251 188 56 19 samt
324 185 250 29 expeditionsutskottet,
589 186 6 20 i
612 186 100 21 afseende
727 186 13 21 å
754 186 139 22 utarbetande
909 186 25 21 af

183 220 82 28 förslag
283 220 33 21 till
335 220 125 21 ständernes
480 220 148 28 underdäniga
647 227 50 14 svar
712 220 7 21 i
734 221 77 26 ämnet,
827 221 6 20 i
849 220 82 21 hvilket

183 254 101 22 afseende
306 254 33 22 till
358 254 140 21 medständen
518 254 39 21 och
576 254 95 21 nämnda
685 254 84 21 utskott
783 254 68 22 skulle
867 262 63 20 expe-

182 288 71 22 dieras
269 288 23 22 sä
306 288 94 29 lydande
415 288 209 28 protokollsutdrag:

251 328 57 21 ”Vid
330 328 39 21 hos
388 328 177 28 borgareständet
583 328 68 21 skedd
672 328 153 29 föredragning
839 329 22 21 at
875 335 55 14 sam-

183 365 106 19 mansatta
311 362 123 22 ekonomie-
452 362 40 22 och
511 362 246 28 bevillningsutskottets
774 362 133 22 betänkande
922 362 8 21 i

183 396 117 28 anledning
323 396 23 21 af
366 396 80 29 nädiga
467 397 161 27 propositionen
646 396 45 22 N:o
707 397 33 26 38,
759 396 109 29 angäende
887 396 42 22 till-

183 430 106 28 verkning
309 430 39 21 och
368 430 127 29 försäljning
511 431 23 20 af
548 430 90 22 bränvin
653 431 8 21 i
675 429 101 29 Finland,
792 431 39 21 har
845 431 85 21 ständet

183 464 98 28 godkänt
295 464 41 22 den
351 465 94 27 mening,
461 472 46 14 som
523 464 58 21 inom
596 464 36 22 det
646 464 9 22 i
669 465 78 21 tvänne
763 465 107 21 sektioner
886 466 43 20 för-

183 498 76 22 delade
282 498 105 22 utskottet
408 499 108 21 omfattats
536 499 24 21 af
575 498 42 22 den
636 498 187 28 utskottssektion,
842 500 86 20 hvilken

183 532 98 22 förordat
302 532 71 22 direkt
395 532 118 29 öfvergäng
535 532 47 21 frän
600 532 42 22 den
661 533 122 21 nuvarande
802 533 127 21 husbehofs-

183 567 134 28 bränningen
329 567 32 21 till
373 567 135 21 uteslutande
518 566 164 29 fabriksmässig
691 568 138 28 tillverkning
838 569 23 20 af
867 568 62 21 brän-

183 602 44 26 vin,
245 601 117 28 hvarjemte
382 601 182 28 borgareständet,
584 601 36 21 vid
636 601 130 29 pröfningen
785 603 24 20 af
825 602 103 21 utskotts-

182 636 124 21 sektionens
325 635 82 28 förslag
426 635 32 21 till
477 635 127 29 författning
623 636 6 20 i
645 636 73 21 ämnet
733 639 54 18 samt
801 636 7 21 i
824 643 104 14 samman-

183 669 57 28 hang
259 669 86 21 dermed
361 669 24 21 af
399 669 117 28 högloflige
532 669 150 28 ridderskapet
697 670 40 21 och
753 670 74 21 adelns
842 670 87 21 medde-

182 703 63 21 lande
267 703 91 21 rörande
383 703 95 22 bemälde
497 703 73 21 ständs
589 703 70 22 beslut
675 704 6 20 i
697 704 74 28 frägan
787 711 34 14 om
836 705 43 19 rätt
894 705 34 20 för

181 738 128 28 regeringen
325 740 30 18 att
371 738 42 20 öka
428 737 35 21 det
478 737 121 28 föreslagna
614 738 314 28 maximitillverkningsbelop-

182 775 44 24 pet,
249 772 62 28 gillat
333 771 217 22 utskottssektionens
574 771 135 22 betänkande
728 772 110 28 angäende
857 772 71 28 öfriga

182 807 26 27 88
225 806 6 20 i
248 805 250 28 författningsförslaget,
516 809 59 17 utom
591 805 26 21 de
634 805 38 22 här
687 806 116 21 nedanföre
819 807 109 20 omnämn-

183 841 34 25 da,
235 840 7 21 i
261 840 74 21 hvilka
354 839 176 28 borgareständet
549 843 70 17 ansett
634 840 95 27 följande
745 839 114 28 ändringar
875 840 53 21 böra

182 875 89 26 införas,
285 874 117 28 nemligen:
422 874 12 28 &
450 875 19 25 2,
484 881 74 14 senare
572 881 63 14 mom.
652 875 6 20 i
674 873 95 29 enlighet
783 874 48 21 med
846 874 82 21 ridder-

182 909 76 27 skapet
274 909 40 20 och
329 908 75 21 adelns
420 908 81 28 förslag
516 907 90 22 sälunda
621 908 88 21 ändras:
735 907 67 22 ”Före
818 908 109 21 nästkom-

182 943 77 20 mande
274 942 103 28 landtdag
392 943 34 20 mä
441 942 58 21 detta
514 942 79 27 belopp
608 942 68 21 likväl
692 943 24 20 af
729 942 60 21 Hans
805 941 122 29 Kejserliga

181 975 103 29 Majestät
303 977 52 20 ökas
371 976 48 21 med
436 976 64 28 högst
514 976 74 21 femtio
604 979 96 24 procent,
715 976 89 21 säframt
819 983 25 14 en
860 976 66 21 sädan

180 1010 125 29 förhöjning
321 1011 24 20 af
357 1010 165 27 tillverkningen
538 1010 67 21 finnes
621 1017 52 14 vara
684 1010 24 21 af
717 1010 101 21 behofvet
829 1010 40 21 och
882 1017 45 14 om-

180 1044 175 28 ständigheterna
371 1044 119 27 påkallad”;
506 1045 6 20 i
528 1045 12 28 &
557 1043 26 22 43
599 1044 42 21 den
658 1045 111 20 föreskrift
784 1045 57 27 utgå,
857 1045 69 27 enligt

180 1078 87 21 hvilken
284 1079 140 27 länestyrelse
440 1078 40 21 kan
496 1078 136 21 tillförordna
648 1079 67 20 andra
729 1079 26 20 än
772 1079 25 20 de
813 1079 31 20 till
857 1079 69 20 stads-

180 1113 52 20 eller
250 1113 144 27 landtpolisen
409 1112 94 21 hörande
519 1120 108 20 personer,
643 1116 31 17 att
689 1113 55 20 vaka
759 1113 61 20 öfver
835 1113 92 21 efterlef-

180 1146 70 22 naden
270 1147 25 21 af
310 1146 147 29 stadgandena
473 1154 33 14 om
526 1146 101 22 bränvins
642 1147 140 27 tillverkning
798 1147 40 21 och
853 1146 73 22 dertill

180 1181 76 27 tjenlig
271 1181 104 27 redskaps
391 1180 164 28 innehafvande,
574 1180 89 22 emedan
682 1181 146 21 erfarenheten
848 1180 78 28 ädaga-

179 1215 46 28 lagt
244 1218 31 18 att
294 1215 74 28 dylika
383 1218 61 18 extra
458 1215 118 28 beslagare,
592 1215 71 21 säsom
678 1214 47 22 icke
741 1214 128 22 tillhörande
885 1214 40 21 den

179 1249 111 28 egentliga
308 1249 190 28 polispersonalen,
514 1249 86 21 hvilken
616 1250 24 20 af
653 1249 134 28 tjenstepligt
801 1250 24 20 är
840 1248 86 21 förbun-

178 1282 42 21 den
240 1286 31 17 att
287 1283 66 21 beifra
368 1283 164 28 ifrågavarande
547 1283 210 28 lagöfverträdelser,
772 1282 35 21 vid
823 1283 46 21 sina
885 1282 42 21 till-

178 1316 111 28 göranden
313 1317 6 20 i
342 1324 81 14 samma
440 1318 56 27 syfte
514 1318 46 20 ofta
578 1324 44 21 nos
638 1316 65 22 väckt
718 1317 119 27 allmogens
853 1316 71 28 ovilja,

178 1358 46 13 som
243 1350 113 22 emellanät
375 1351 63 21 äfven
457 1351 28 28 pä
503 1351 106 21 väldsamt
624 1352 45 21 sätt
683 1354 68 26 yttrat
765 1351 34 28 sig
814 1350 40 21 och
871 1350 54 22 deri-

177 1392 78 20 genom
271 1384 124 22 framkallat
410 1386 82 28 ganska
508 1385 124 29 betänkliga
648 1385 87 29 följder;
750 1384 36 22 vid
802 1385 12 28 &
825 1384 34 29 46,
871 1384 54 22 efter
