1031 1700
185 70 40 20 228

157 133 59 20 förra
235 132 70 21 beslut
325 131 94 23 uttalade
438 132 56 29 åsigt
510 133 6 20 i
531 132 79 26 ämnet,
625 139 47 13 men
689 131 101 28 derjemte
805 131 44 21 låta
865 130 41 22 frå-

159 174 41 20 gan
216 173 34 13 om
267 166 88 27 petition
372 167 6 21 i
394 167 78 21 sådant
487 167 55 27 syfte
559 166 100 21 förfalla?

227 200 35 22 De
281 208 46 14 som
347 201 68 21 önska
433 202 36 20 det
489 202 65 25 förra,
572 208 62 13 svara
647 200 102 28 jakande,
764 200 41 20 och
819 199 26 21 de
861 206 46 14 som

160 235 52 28 vilja
227 234 36 22 det
278 236 96 27 sednare,
390 243 62 13 svara
467 234 104 22 nekande.

228 269 135 21 Besvarades
383 270 54 20 efter
456 269 93 21 anställd
568 269 100 27 votering
683 268 48 21 med
749 268 25 20 13
787 269 23 27 ja
825 267 40 21 och
881 267 26 20 17

161 304 45 28 nej;
228 303 7 21 i
254 304 53 27 följd
327 303 77 21 hvaraf
421 303 83 21 således
524 302 180 28 petitionsfrågan
720 303 86 20 komme
819 305 32 17 att
866 302 44 20 för-

162 337 53 22 falla
236 337 41 21 och
299 338 88 20 ärendet
406 341 30 17 att
454 337 71 21 såsom
544 337 102 27 slutligen
665 336 97 28 afgjordt
779 344 26 12 ur
819 336 91 21 diarium

163 371 84 21 afföras.

229 403 103 23 Härefter
355 404 113 29 föredrogs
490 404 154 29 lagutskottets
664 404 135 22 betänkande
817 402 44 22 N:o
876 403 34 27 29,

162 438 147 22 innefattande
329 438 82 28 förslag
429 439 31 21 till
478 438 206 28 sammanjemkning
699 439 24 20 af
735 438 101 21 ståndens
853 438 59 20 olika

164 472 70 22 beslut
249 473 6 20 i
271 473 116 28 anledning
403 474 23 20 af
439 473 79 27 nådiga
533 473 163 27 propositionen
713 472 111 28 angående
836 472 76 21 barna-

164 506 61 22 mord
247 510 55 18 samt
324 508 78 20 fosters
424 507 146 21 fördrifvande
593 507 40 21 och
657 506 123 22 utsättande
799 507 112 20 äfvensom

164 541 59 21 vissa
241 541 37 21 fall
298 542 23 20 af
338 542 122 28 lägersmål;
484 541 39 21 och
541 541 79 21 beslöts
636 544 32 18 att
684 540 143 22 betänkandet
842 540 70 21 skulle

165 576 60 27 ligga
243 575 27 28 på
288 575 76 22 bordet
382 576 32 20 till
434 576 171 27 morgondagens
625 575 94 29 plenum,
734 575 27 21 då
776 575 37 20 det
827 575 86 20 komme

165 613 32 18 att
211 609 33 21 till
260 609 73 21 vidare
349 609 131 28 behandling
492 610 118 27 företagas.

233 643 106 28 Slutligen
363 643 113 29 föredrogs
499 647 29 17 ett
552 645 24 19 af
595 643 243 28 expeditionsutskottet
860 650 54 20 upp-

167 677 73 29 gjordt
256 677 82 29 förslag
354 678 32 20 till
402 678 84 28 ingress
502 678 31 20 till
550 678 215 28 landtdagsbeslutet,
778 677 81 21 hvilket
871 678 43 19 för-

167 712 54 27 slag,
240 713 55 19 efter
309 712 151 27 uppläsandet,
476 713 24 20 af
512 712 85 21 ständet
612 712 105 27 enhälligt
732 711 125 28 godkändes
873 711 41 20 och

168 746 88 21 hvarom
272 745 156 23 underrättelse
444 747 69 20 skulle
528 754 77 20 genom
622 745 201 29 protokollsutdrag
836 745 79 22 bemäl-

168 779 27 22 de
211 779 82 21 utskott
308 779 115 22 meddelas.

237 812 173 23 Sammanträdet
426 814 110 28 upphörde
553 814 93 21 klockan
663 814 44 21 half
723 814 32 21 till
771 818 38 17 tre.

688 850 20 15 In
720 850 60 15 fidem:

612 876 97 21 Sixtus
726 875 157 22 Calamnius.

292 1084 5 8 /

392 1085 121 34 Tisdagen
532 1086 47 25 den
599 1087 14 23 5
632 1086 64 33 april

173 1130 93 22 klockan
285 1130 57 22 elfva
361 1130 45 22 före
426 1131 113 29 middagen
556 1131 173 21 sammanträdde
744 1130 178 30 borgareständet

173 1165 32 21 till
220 1165 94 27 plenum,
330 1165 89 21 hvarvid
436 1166 94 20 ständets
547 1166 98 28 samtlige
657 1165 138 21 medlemmar
807 1165 116 22 tillstädes-

173 1199 95 27 kommo,
287 1203 57 17 utom
364 1199 73 21 herrar
456 1199 122 26 Hackman,
594 1198 115 28 Candelin,
724 1198 115 28 Lindroth,
854 1198 70 22 Wen-

174 1232 57 22 delin
251 1233 40 21 och
307 1233 83 27 Krank,
409 1233 74 21 hvilka
499 1234 107 20 uteblefvo
622 1234 24 20 af
659 1234 95 26 orsaker,
769 1241 48 14 som
831 1233 70 21 finnas
916 1234 8 20 i

175 1266 130 28 föregäende
321 1267 135 27 protokoller
472 1267 136 21 antecknade.

244 1300 43 21 Till
307 1301 107 29 justering
433 1302 111 27 upplästes
562 1301 78 29 utdrag
659 1302 25 20 af
700 1301 97 21 ständets
815 1301 110 28 protokoll

176 1334 34 21 för
232 1334 41 20 den
293 1334 13 20 4
326 1335 5 19 i
350 1334 68 22 denne
441 1335 84 27 mänad,
547 1335 148 21 innefattande
714 1335 95 21 ständets
829 1334 71 22 beslut
918 1335 7 21 i

177 1367 95 29 följande
291 1368 99 22 ärender:
414 1370 41 27 1:0,
474 1369 7 21 i
500 1368 116 30 anledning
630 1372 25 19 af
667 1369 80 29 nädiga
762 1369 163 28 propositionen
