1031 1700
787 140 41 21 315

174 201 57 22 Herr
253 200 165 30 Tengström:
458 200 70 22 Sedan
553 202 116 21 utskottets
692 202 136 22 betänkande
848 203 9 21 i

106 236 65 21 dessa
189 236 60 20 delar
267 242 88 14 numera
371 236 72 21 blifvit
458 239 88 25 antaget
562 236 23 20 af
598 240 77 17 tvenne
691 236 70 28 ständ,
776 237 82 21 ridder-

106 270 78 28 skapet
199 270 39 22 och
255 270 62 21 adeln
333 273 56 17 samt
404 269 166 29 presteständet,
585 270 40 20 och
638 270 28 21 dä
677 270 118 22 detsamma
804 272 54 27 jem-

105 304 36 24 väl
161 304 201 22 öfverensstämmer
377 304 49 20 med
442 304 162 27 propositionen
622 304 5 21 i
644 306 71 20 ämnet
730 305 40 21 och
787 306 71 20 sälun-

106 340 28 20 da
154 338 37 22 bar
207 339 33 21 för
256 338 34 28 sig
305 338 24 21 sä
344 341 31 18 att
390 339 53 27 säga
459 338 47 28 fyra
522 338 147 26 auktoriteter,
685 346 62 14 anser
759 339 40 28 jag
813 339 44 27 mig

106 373 54 21 böra
182 372 109 29 tillstyrka
313 372 131 28 antagandet
467 372 24 21 af
507 372 326 30 sammanjemkningsförslaget
851 373 7 23 i

106 408 63 20 dessa
191 406 66 24 delar,
294 406 105 21 Vädorna
422 406 62 21 deraf
502 411 44 16 tror
562 407 38 28 jag
619 406 7 21 i
645 407 150 29 verkligheten
810 407 48 21 icke

106 441 87 22 komma
208 444 31 18 att
254 440 67 22 blifva
335 440 88 27 sådana,
438 448 47 13 som
501 448 48 13 man
565 440 75 29 tyckes
657 441 80 23 befara.

176 481 57 21 Herr
247 480 106 22 Hildén:
379 476 72 25 Äfven
465 480 38 28 jag
518 480 97 23 anhåller
628 484 30 17 att
671 482 20 20 få
704 482 87 21 förorda
803 489 54 13 sam-

107 514 289 30 manjemkningsförslagets
412 514 128 29 antagande.
569 514 51 29 Mig
634 522 64 21 synes
714 516 37 20 det
766 516 54 20 både
837 523 21 13 o-

108 550 73 29 billigt
195 548 40 25 och
252 548 125 29 onaturligt,
392 552 32 17 att
439 548 63 24 ställa
517 548 74 22 landet
606 549 28 31 på
649 556 25 14 en
686 550 95 21 omkrets
793 550 25 21 af
826 553 33 18 tre

108 585 37 20 mil
165 584 46 22 från
229 583 47 22 stad
295 583 7 24 i
321 586 30 19 ett
366 583 126 28 vasallskap
508 583 67 21 under
590 583 75 21 staden
681 583 132 29 derigenom,
828 587 31 18 att

108 619 79 21 handel
206 618 52 22 eller
277 617 121 22 handtverk
413 617 7 21 i
435 618 69 20 större
520 617 151 29 utsträckning
685 618 38 21 der
738 618 48 21 icke
801 618 58 28 finge

107 653 64 23 jdkas
187 656 49 18 utan
253 651 93 29 burskap
358 652 7 21 i
377 651 82 23 staden.
482 652 40 20 Att
534 652 90 22 sålunda
637 652 94 29 pälägga
743 652 56 27 dem,
813 660 45 15 som

108 687 52 24 idka
181 687 67 23 sådan
270 686 77 28 näring
369 686 58 21 inom
446 686 59 24 detta
524 686 93 27 område,
633 694 25 13 en
674 686 185 29 skattskyldigbet

108 721 34 22 till
163 721 83 26 staden,
268 720 66 25 ehuru
355 720 26 21 de
400 721 18 29 ej
438 721 38 20 äro
495 720 6 21 i
517 720 125 28 åtnjutande
659 721 24 20 af
695 721 62 28 eljest
771 721 87 24 dermed

109 755 103 26 förenade
231 755 112 27 förmåner,
364 755 41 21 kan
426 755 34 20 väl
480 755 48 24 icke
545 763 51 14 vara
611 755 189 29 borgareståndets
817 763 43 14 me-

110 791 58 28 ning.

178 823 57 25 Herr
251 823 173 22 Grundfeldt:
448 823 34 21 Dä
500 823 176 29 borgareständet
690 824 66 21 redan
771 825 6 20 i
790 823 70 24 denna

110 859 62 28 fräga
195 858 73 21 afstätt
286 858 24 21 sä
328 857 87 28 mycket
430 858 23 21 af
466 858 48 21 sina
528 859 127 28 rättigheter
671 859 39 21 och
727 859 133 28 privilegier,

110 900 64 21 synes
196 893 37 20 det
251 892 44 27 mig
314 892 48 21 icke
381 899 45 14 mer
446 893 26 20 än
491 893 43 20 rätt
549 892 41 23 och
608 893 77 28 billigt,
701 896 31 19 att
747 893 27 21 de
789 893 72 28 öfriga

110 927 90 22 stånden
215 926 87 22 dermed
318 926 98 28 ätnöjdes
432 926 40 21 och
488 926 48 21 icke
551 926 83 29 yrkade
651 927 25 20 än
691 927 128 28 ytterligare
830 927 31 21 ef-

110 961 105 28 tergifter,
244 961 44 28 Jag
303 967 62 15 anser
382 960 134 25 fördenskull
532 960 86 22 ständet
630 961 53 27 böra
701 961 107 24 vidblifva
823 961 38 26 sitt

110 996 59 25 förra
185 995 70 21 beslut
269 995 6 20 i
291 995 77 24 ämnet,

179 1034 56 25 Herr
251 1033 170 28 Lindegvist;
451 1034 12 25 I
479 1037 89 20 motsats
581 1038 45 18 mot
639 1035 128 28 föregående
778 1035 82 25 talaren

111 1069 36 24 ber
167 1069 38 28 jag
225 1071 30 18 att
273 1068 21 21 få
313 1068 89 21 förorda
417 1072 30 17 ett
462 1068 127 29 obetingadt
604 1069 121 28 antagande
741 1069 24 22 af
778 1069 83 26 utskot-

110 1106 41 22 tets
169 1099 90 31 förslag.
296 1103 40 20 Att
354 1103 73 23 derför
447 1103 76 24 anföra
542 1103 68 28 några
625 1103 47 23 skäl
688 1111 64 22 synes
767 1104 46 28 mig
828 1104 32 25 till

110 1138 40 22 och
167 1137 48 22 med
231 1136 145 30 öfverflödigt.
701 1134 2 2 -

179 1167 56 33 Herr
251 1162 151 42 Öhrnberg:
438 1172 35 26 Då
488 1171 89 25 ärendet
593 1172 58 22 förra
666 1172 84 28 gången
767 1172 94 24 beband-

111 1206 58 22 lades
185 1206 6 21 i
208 1206 85 24 ståndet
311 1207 41 19 och
369 1206 97 22 ståndets
482 1206 70 21 beslut
568 1206 45 26 deri
630 1206 98 27 fattades,
744 1206 67 28 ansåg
823 1207 39 27 jag

109 1240 184 28 jnskränkningen
312 1240 24 21 af
352 1240 129 28 rättigheten
502 1244 31 17 att
551 1240 53 22 idka
623 1240 76 26 handel
719 1240 51 22 eller
786 1236 76 25 handt-

110 1275 53 21 verk
177 1274 51 31 med
249 1273 100 25 verkstad
364 1274 58 22 inom
440 1278 30 22 tre
488 1274 35 21 mil
540 1275 46 21 från
602 1274 47 24 stad
666 1282 50 16 vara
732 1274 24 21 af
769 1275 93 23 omstän-

110 1310 126 27 digheterna
259 1308 100 28 påkallad
383 1308 41 24 och
448 1313 30 16 ett
498 1308 105 22 förbehåll
623 1308 72 25 derom
717 1309 52 21 böra
789 1308 73 28 ingå
849 1304 16 37 i

109 1344 98 21 ständets
223 1343 74 25 beslut,
328 1342 104 25 Deremat
445 1343 97 24 biträdde
553 1344 39 28 jag
603 1343 48 21 icke
663 1343 41 24 den
720 1343 143 28 bestämning,

110 1386 46 13 som
175 1378 63 24 äfven
257 1384 78 21 genom
356 1377 100 28 votering
472 1373 95 32 ingick
561 1369 15 40 i
584 1376 91 22 nämnde
693 1376 75 27 beslut,
785 1380 32 18 att
832 1378 32 20 id-

109 1412 52 25 kare
180 1412 23 20 af
217 1410 66 22 sådan
299 1411 76 28 näring
391 1411 57 28 finge
466 1408 84 24 bosätta
566 1412 34 27 sig
616 1415 60 17 utom
691 1410 88 22 stadens
795 1412 69 20 områ-

110 1446 32 27 de,
159 1453 47 18 men
222 1446 57 24 inom
295 1444 63 26 dessa
375 1448 31 19 tre
422 1445 44 27 mil,
483 1445 67 25 under
567 1444 106 26 förbehåll
689 1448 32 22 att
735 1444 26 23 de
778 1445 43 25 låta
833 1445 31 21 in-
