1031 1700
195 79 42 22 110

167 147 74 23 hållet.
263 147 45 29 Jag
323 154 62 15 anser
401 146 37 23 det
453 146 85 23 derföre
554 154 51 15 vara
621 146 101 30 lämpligt
738 147 40 21 och
794 146 85 30 riktigt;
893 148 33 21 att

167 182 132 28 deputerade
318 183 6 21 i
344 182 107 22 utskottet
470 182 94 28 fallgöra
580 182 36 21 det
632 182 48 21 dem
697 183 61 27 yifna
774 182 81 22 dubbla
871 189 55 21 upp-

167 217 64 28 drag,
246 216 38 22 det
299 224 40 14 ena
355 220 32 18 att
402 216 118 29 öfverväga
535 224 34 14 om
584 216 27 22 de
627 216 59 21 finna
699 217 81 27 skäligt
793 220 30 17 att
835 217 91 27 tillstyr-

167 251 28 21 ka
219 251 93 22 handeln
331 252 6 20 i
357 251 34 21 sin
415 251 82 27 helbet,
520 250 36 22 det
574 250 69 22 andra
663 254 31 18 att
711 252 77 26 pröfva
803 252 65 20 sättet
882 250 42 22 och

167 286 99 22 vilkoren
283 286 34 20 för
331 286 137 21 densammas
484 285 149 28 uppgörande.
665 284 138 29 Deputerade
819 292 40 21 ega
871 285 55 21 såle-

168 320 39 21 des
223 323 32 24 att
271 320 85 28 pröfva,
372 319 108 23 huruvida
495 319 129 29 byggnaden
640 320 43 20 kan
699 327 78 20 genom
789 320 82 28 nödiga
883 319 43 21 för-

167 353 119 29 ändringar
301 356 86 25 apteras
404 354 34 20 för
453 353 37 21 det
505 354 89 21 afsedda
610 361 43 20 nya
669 353 128 27 ändamålet,
809 357 56 17 samt
877 353 48 21 der-

167 388 62 26 efter,
245 388 102 28 antingen
364 388 64 21 huset
443 388 34 21 må
492 388 80 20 inlösas
588 388 6 20 i
610 388 50 20 dess
673 387 124 21 nuvarande
810 388 62 20 skick
884 387 41 21 och

168 422 27 22 de
210 422 143 28 erforderliga
369 422 143 28 ändringarne
528 422 133 28 ombesörjas
677 423 24 20 af
713 422 28 21 de
754 422 109 21 blifvande
875 429 51 21 ega-

169 464 61 20 rene,
245 457 7 20 i
269 456 83 22 hvilket
367 456 39 22 fall
423 457 67 27 priset
505 456 84 21 komme
606 460 31 18 att
653 456 6 21 i
674 456 134 21 förhållande
820 456 33 21 till
866 456 60 21 kost-

169 491 70 22 naden
261 490 77 22 dervid
356 490 123 27 nedsättas,
500 491 52 21 eller
572 490 42 21 ock
629 490 106 28 säljarene
750 490 117 21 verkställa
883 490 43 20 för-

169 524 145 29 ändringarne
327 525 40 21 och
381 524 81 22 huset
452 520 10 38 i
478 525 49 21 fullt
542 524 82 29 färdigt
639 524 64 21 skick
713 524 115 21 tillträdas.
851 524 74 21 Saken

169 560 31 26 är,
216 560 55 21 efter
287 559 42 21 min
345 559 76 27 tanke,
437 560 23 21 af
473 558 40 22 den
530 559 58 29 vigt,
604 562 31 18 att
651 559 42 21 alla
709 556 62 24 dessa
787 559 73 28 frågor
872 558 54 22 böra

169 594 6 21 i
192 594 106 21 utskottet
314 593 98 26 beredas,
428 593 40 21 och
484 593 85 21 ståndet
584 593 45 21 deri
643 593 84 28 afgifva
738 593 107 28 yttrande,
858 593 67 21 sedan

171 628 135 28 sakkunnige
325 628 49 20 män
390 627 73 22 derom
481 627 71 22 utlåtit
568 628 34 28 sig
616 631 57 17 samt
689 628 90 21 sålunda
793 628 71 28 någon
881 627 45 21 led-

170 663 52 27 ning
242 663 87 20 vunnits
349 663 35 20 för
403 661 96 22 ständets
515 662 100 21 omdöme
630 662 6 21 i
653 663 77 20 ämnet.
769 661 157 29 Borgarestån-

169 697 38 20 det
222 697 24 20 är
261 697 94 28 lyckligt
370 704 45 20 nog
430 700 31 17 att
476 697 56 20 inom
549 697 34 28 sig
598 704 41 20 ega
655 704 27 13 en
698 697 5 20 i
720 696 63 21 dessa
796 696 130 28 angelägen-

169 730 61 22 heter
253 731 82 28 kunnig
354 738 60 19 man,
433 730 64 21 hvars
512 731 57 28 äsigt
584 731 68 20 måste
668 730 140 21 tillerkännas
824 734 55 17 stort
894 730 30 21 af-

171 764 87 22 seende.

238 803 58 22 Herr
312 803 146 22 Sundman:
488 803 44 29 Jag
544 804 37 21 vill
599 805 33 20 för
648 805 64 27 ingen
729 804 34 21 del
781 804 95 26 förneka,
892 807 32 18 att

170 839 119 27 tillgången
314 838 36 21 vid
377 838 99 21 ärendets
499 838 131 29 behandling
650 839 5 20 i
675 839 108 20 utskottet
802 846 38 13 var
858 838 68 22 sådan

170 873 49 21 herr
234 872 127 22 Dahlström
382 873 109 28 uppgifvit
506 877 55 16 samt
576 876 31 18 att
623 873 84 21 således
725 873 74 28 frågan
815 881 34 12 om
865 874 61 20 ären-

170 907 47 20 dets
238 907 159 28 hänskjutande
413 907 32 20 till
466 907 90 21 stånden
574 907 123 28 afgjordes,
713 907 75 20 medan
803 909 38 26 jag
857 907 27 28 på
899 914 27 14 en

171 941 63 21 stund
258 941 55 20 hade
336 941 47 21 från
407 941 186 21 sessionsrummet
615 941 78 28 utgått.
732 941 11 20 I
763 941 76 28 sjelfva
859 941 66 21 saken

171 975 46 21 åter
233 982 62 14 anser
307 975 39 28 jag
361 975 38 21 det
415 982 57 20 vara,
489 975 55 21 hvad
560 983 49 13 man
625 975 70 22 kallar
711 979 31 17 att
758 976 57 27 köpa
831 976 71 27 grisen
919 976 7 20 i

171 1010 90 26 säcken,
277 1017 35 13 om
328 1009 86 21 ståndet
428 1009 71 21 skulle
514 1017 27 13 nu
558 1010 28 27 på
602 1010 93 21 förhand
712 1010 117 21 bestämma
844 1010 34 27 sig
892 1010 34 20 för

171 1043 104 28 bandeln,
294 1044 65 20 innan
379 1043 43 21 alla
438 1043 51 22 derå
503 1044 132 21 inverkande
652 1044 185 28 omständigheter
854 1044 72 21 blifvit

171 1078 104 28 afgjorde.
312 1077 45 22 Det
380 1079 68 20 första
471 1078 92 21 vilkoret
586 1078 75 21 härvid
686 1080 30 25 är,
740 1083 31 16 att
789 1078 85 21 ståndet
893 1078 33 21 får

171 1112 82 21 visshet
272 1120 34 13 om
326 1116 31 17 att
373 1112 80 21 sådana
470 1113 150 27 förändringar
636 1113 5 20 i
659 1112 74 21 busets
751 1111 113 30 inredning
880 1112 46 21 vid-

171 1150 72 24 tagas,
266 1154 46 14 som
332 1148 37 20 äro
390 1147 138 28 nödvändiga
547 1148 33 20 för
595 1147 50 21 dess
662 1148 142 27 begagnande
819 1147 32 20 till
868 1148 58 19 stän-

170 1181 90 27 derhus,
285 1185 22 24 ty
331 1181 69 28 enligt
419 1181 37 21 det
476 1181 80 28 förslag
572 1182 33 20 till
624 1188 10 13 +
646 1182 135 27 rändringar,
797 1188 45 14 som
859 1189 26 12 nu
903 1182 24 20 är

171 1216 130 27 uppgjordt,
318 1216 85 20 komme
419 1215 62 21 huset
494 1219 30 17 att
536 1216 132 20 fortfarande
682 1215 182 28 bufvudsakligen
879 1215 48 21 blif-

171 1257 27 13 va
217 1253 30 17 ett
266 1249 115 21 riddarhus
398 1254 55 16 samt
468 1249 49 21 dess
533 1250 111 28 egenskap
661 1251 24 19 af
698 1249 129 21 ständerhus
844 1253 31 17 att
891 1256 37 14 va-

171 1291 23 13 ra
210 1291 25 13 en
253 1284 68 20 bisak.
355 1283 45 29 Jag
417 1284 131 20 framställde
565 1284 5 20 i
587 1284 107 21 utskottet
709 1284 140 27 möjligbeten
866 1283 65 21 deraf

172 1322 31 17 att
225 1318 27 21 de
275 1318 66 21 andra
363 1318 91 21 stånden
474 1318 71 21 kunde
564 1318 70 21 önska
653 1322 43 21 att,
716 1319 32 20 för
765 1318 124 21 erhållande
905 1317 26 21 af

172 1353 69 20 större
262 1352 163 28 begvämlighet
443 1352 34 21 för
496 1352 46 21 sina
562 1352 89 27 lokaler,
674 1353 75 27 intaga
768 1352 70 28 någon
854 1352 35 20 del
905 1351 26 21 af

168 1386 157 27 ridderskapet
344 1386 40 22 och
404 1386 75 22 adelns
498 1387 124 21 nuvarande
640 1387 144 21 sessionsrum
801 1394 77 22 genom
895 1389 33 18 ut-
