1031 1700
185 83 40 20 166

154 144 167 29 ningsskyldige
344 144 158 30 lägenheterne.
539 144 81 22 Männe
640 146 18 26 ej
679 144 70 22 denna
769 145 116 28 tillökning
901 144 7 23 i

155 179 220 28 skjutsningstungan
394 180 32 20 till
446 180 77 20 förlust
542 180 34 20 för
591 186 92 21 egarene
701 179 127 21 förminskat
844 180 63 21 äfven

155 213 64 22 dessa
237 213 136 28 lägenheters
393 214 71 26 värde,
482 214 40 20 och
538 213 76 21 månne
630 213 17 27 ej
665 213 83 21 således
765 221 80 13 samma
860 213 48 22 skäl

155 248 34 20 till
213 247 99 22 befrielse
330 247 72 22 kunde
422 248 109 27 tillämpas
550 248 7 20 i
576 247 60 21 detta
651 247 46 27 fall,
713 254 45 14 som
774 247 7 21 i
797 248 60 27 fråga
873 254 35 13 om

156 281 216 23 allodialsäterierne!
402 282 58 20 Herr
476 276 115 34 Öhrnberg
606 281 39 21 har
661 282 72 20 såsom
748 289 26 13 en
790 281 68 21 fördel
875 282 33 20 för

156 316 27 20 de
199 316 237 28 skjutsningsskyldige
452 316 150 28 lägenheterne
618 316 73 20 anfört
703 315 40 21 den
757 316 79 20 lifvade
848 316 60 20 kom-

155 350 171 25 munikationen,
350 358 46 12 men
420 350 70 21 denna
512 350 96 22 kommer
627 350 7 21 i
653 349 45 21 lika
721 350 53 20 mått
793 350 115 20 säterierne

157 384 33 21 till
209 383 58 28 godo
287 383 40 21 och
347 391 64 20 synes
431 384 89 21 sålunda
535 385 77 27 utgöra
628 386 31 19 ett
674 384 47 20 skäl
737 384 33 20 till
785 385 34 20 för
834 384 74 21 dessas

156 417 121 29 åläggande
293 421 30 17 att
337 418 8 20 i
361 418 100 22 besväret
476 418 92 28 deltaga.

226 457 58 21 Herr
299 457 97 22 Wolff:
428 458 72 21 Jemte
515 458 36 21 det
564 459 38 27 jag
617 458 6 21 i
640 458 43 21 allo
699 458 87 21 förenar
801 458 44 28 mig
860 457 6 21 i
882 457 26 21 de

157 492 25 21 af
197 492 42 21 den
258 492 52 21 siste
326 492 82 21 talaren
423 492 6 21 i
445 493 71 20 ämnet
531 492 85 29 yttrade
632 492 87 28 åsigter,
735 494 41 18 kan
789 492 38 28 jag
843 492 18 27 ej
877 491 32 21 in-

157 527 91 21 stämma
264 526 47 21 med
328 526 55 27 dem,
400 527 74 21 hvilka
488 530 70 17 ansett
572 526 42 21 den
630 526 110 21 blifvande
753 526 156 27 författningen

157 568 35 14 om
212 560 206 29 hållskjutsningens
437 561 125 28 reglerande
577 561 48 21 icke
642 561 53 22 böra
709 560 109 28 tillämpas
833 560 28 28 på
876 560 33 21 så-

158 595 56 20 dana
238 595 53 20 bruk
314 595 47 21 med
385 595 50 21 flere
458 595 126 22 industriela
602 596 144 27 inrättningar
765 598 56 18 samt
839 595 71 20 landt-

158 629 129 26 handlande,
303 629 74 22 hvilka
393 629 137 21 derförinnan
546 629 132 26 tillkommit,
694 635 50 15 utan
761 629 76 21 endast
852 629 58 28 gälla

158 663 56 26 dem,
233 670 46 14 som
298 663 122 22 sedermera
439 663 102 29 uppstått.
580 663 67 21 Utom
663 663 37 21 det
715 667 31 17 att
761 663 26 20 de
803 663 59 21 äldre
877 663 33 20 in-

159 696 104 22 dustriela
285 697 169 28 inrättningarne
478 697 45 21 icke
547 698 72 20 kunna
638 697 34 21 till
692 697 47 21 stöd
761 699 32 19 för
809 697 100 21 befrielse

159 731 47 21 från
225 731 129 28 deltagande
373 733 5 19 i
395 732 234 27 skjutsningsbesväret
644 732 95 27 åberopa
754 732 66 27 något
835 731 75 22 exklu-

159 765 43 20 sivt
217 765 143 27 privilegium,
377 765 23 21 så
415 766 70 20 skulle
499 773 25 13 en
541 765 66 22 sådan
620 766 224 27 företrädesrättighet
856 769 54 17 mot-

159 799 66 21 verka
244 799 143 27 uppkomsten
405 801 23 19 af
441 799 50 22 flere
506 800 74 28 dylika
595 800 150 27 inrättningar,
761 800 72 20 hvilka
849 799 5 21 i
873 807 37 13 an-

159 833 79 21 seende
260 834 33 20 till
316 833 48 22 dem
388 834 91 21 sålunda
500 834 115 28 åliggande
638 835 67 26 högre
728 833 112 28 utskylder
862 834 47 21 icke

158 867 73 21 kunde
253 868 134 20 konkurrera
409 868 47 21 med
481 868 25 21 de
529 869 64 25 förre,
616 869 41 20 och
677 875 80 14 samma
776 867 134 22 förhållande

159 901 87 22 komme
265 902 62 20 äfven
347 906 32 17 att
397 902 87 21 inträffa
499 902 47 21 med
562 901 190 22 landthandlande.
790 901 47 21 Min
853 902 57 27 åsigt

159 936 24 20 är
198 935 93 27 derföre,
307 939 31 18 att
353 937 43 20 alla
412 936 74 29 dylika
501 937 142 26 inrättningar
654 940 56 17 samt
720 935 190 26 landthandlande,

159 969 60 22 såväl
235 969 34 27 de,
284 969 73 23 hvilka
372 970 66 22 redan
453 971 76 26 finnas,
544 978 46 14 som
606 970 26 21 de
645 970 74 21 hvilka
732 970 113 22 framdeles
857 978 54 20 upp-

160 1003 40 27 stå,
216 1003 66 22 borde
297 1004 90 28 åläggas
404 1009 30 16 att
449 1005 6 21 i
472 1005 234 27 skjutsningsbesväret
720 1005 93 28 deltaga,
830 1005 26 27 på
867 1006 44 19 sätt

159 1037 64 22 äfven
239 1038 105 21 utskottet
359 1039 6 20 i
381 1039 38 20 sitt
434 1039 134 21 betänkande
583 1039 92 20 rörande
692 1046 62 13 mom.
771 1039 12 20 5
799 1039 112 28 tillstyrkt.

227 1077 58 22 Herr
299 1077 99 24 Mölsä:
434 1079 45 28 Jag
497 1079 83 28 nödgas
595 1080 56 20 ännu
667 1079 29 28 på
711 1079 67 28 några
793 1079 117 27 ögonblick

159 1112 88 28 utbedja
269 1113 44 28 mig
333 1113 97 21 ståndets
450 1113 196 28 uppmärksamhet,
665 1113 28 21 då
705 1113 38 28 jag
759 1113 37 21 vill
812 1113 53 20 söka
880 1116 31 17 att

159 1147 138 22 tillbakavisa
319 1148 68 26 några
406 1148 80 26 inkast,
504 1155 44 14 som
570 1148 66 21 under
651 1148 153 20 diskussionen
820 1148 5 20 i
842 1148 70 20 denna

160 1181 61 28 fråga
244 1182 125 21 framställts
390 1185 57 18 emot
466 1182 41 22 den
527 1183 23 20 af
568 1182 43 28 mig
627 1182 6 21 i
649 1183 72 21 ämnet
737 1181 94 22 uttalade
847 1182 63 27 åsigt.

160 1210 57 37 Herr
233 1206 117 42 Öhrnberg
367 1216 39 21 har
420 1220 68 24 yttrat
503 1220 31 17 att
549 1216 26 22 de
588 1216 237 28 skjutsningsskyldige
837 1216 73 28 lägen-

159 1249 214 22 hetsinnehafvarene
394 1250 27 28 på
440 1250 69 28 grund
525 1251 24 20 af
562 1251 134 20 tillkommen
713 1250 35 28 lag
763 1257 51 15 vore
830 1250 82 28 skyldi-

159 1291 26 20 ge
209 1288 31 16 att
264 1284 93 26 fullgöra
376 1285 63 20 äfven
460 1285 39 20 den
520 1284 33 21 del
570 1285 24 20 af
607 1284 243 28 skjutsningsbesväret,
865 1292 46 13 som

159 1318 54 20 efter
237 1318 55 20 hand
316 1318 67 20 under
406 1318 95 22 tidernas
521 1320 51 26 lopp
593 1318 104 28 uppstått.
735 1318 34 21 En
789 1318 66 21 sådan
875 1319 36 27 lag

159 1352 62 20 torde
247 1352 56 20 dock
325 1353 18 26 ej
369 1352 71 21 kunna
464 1353 124 28 nppgitvas,
610 1354 51 20 enär
683 1352 228 28 skjutsningstungans

159 1386 120 21 förökande
298 1386 57 21 skett
371 1394 78 20 genom
466 1387 170 21 administrativa
652 1386 108 28 åtgärder,
776 1386 89 22 sålunda
882 1391 30 16 att
