1031 1700
210 108 41 21 542

180 171 51 26 slut,
253 170 25 22 så
300 170 56 22 lärer
374 177 49 15 man
444 170 72 22 kunna
536 170 70 22 såsom
622 170 84 29 ganska
721 171 74 21 säkert
811 175 78 25 antaga
905 174 31 19 att

180 205 191 21 bränvinsskatten
394 205 56 21 skall
473 205 101 28 inbringa
596 205 66 21 minst
685 206 48 20 hela
752 206 41 20 den
813 206 123 28 päräknade

179 246 106 19 summan,
305 239 101 21 hvarföre
424 239 67 29 nägot
510 239 76 21 hinder
600 239 20 28 ej
637 246 65 21 synes
717 240 58 20 möta
792 244 37 22 att,
846 241 5 20 i
868 241 67 27 enlig-

179 274 38 20 het
232 274 48 21 med
297 273 168 22 bondeständets
480 273 92 27 önskan,
588 273 33 21 till
637 273 28 21 de
681 274 55 20 först
748 274 105 28 utgående
866 275 69 19 ansla-

180 316 41 20 gen
237 307 110 29 uppflyttä
363 307 139 22 förenämnda
518 308 22 20 ät
554 308 155 21 kommunerne
725 308 112 21 bestämda
849 316 25 12 en
887 309 48 20 mil-

176 343 39 27 jon
231 342 62 21 mark
308 343 25 20 af
346 342 92 21 berörda
453 342 68 25 skatt;
537 341 40 21 och
594 342 34 21 för
643 342 44 20 min
703 342 34 21 del
754 342 71 21 skulle
837 343 38 27 jag
892 342 42 20 för-

179 376 54 22 orda
255 376 131 28 antagandet
408 376 24 21 af
447 376 156 28 inbjudningen
623 376 50 21 icke
691 376 92 21 allenast
803 376 131 21 beträffande

179 411 95 21 nämnda
290 411 68 20 första
374 410 74 28 punkt,
467 413 51 18 utan
535 410 63 20 äfven
614 410 6 20 i
638 410 73 28 öfrigt.
751 409 96 22 Sålunda
863 410 70 21 skulle

179 445 42 21 den
238 445 6 20 i
261 444 74 28 frägan
351 444 87 28 yppade
453 444 257 28 meningsskiljaktighet,
727 451 45 14 som
789 445 28 27 pä
831 445 65 21 slutet
912 445 24 21 af

179 478 134 28 landtdagen
332 479 61 20 hotat
412 481 30 18 att
460 479 60 20 störa
538 478 83 28 sämjan
636 478 93 21 emellan
744 478 98 28 ständen,
858 486 27 14 nu
900 479 32 21 in-

179 520 43 14 nan
238 513 91 21 ständen
345 512 97 28 ätskiljas
458 512 6 21 i
480 512 92 28 endrägt
588 512 107 21 försonas.

250 547 57 22 Herr
320 546 123 22 Juselius
463 546 117 29 tillstyrkte
596 547 63 21 äfven
675 546 122 30 antagande
812 547 24 22 af
847 546 85 30 inbjud-

179 582 80 28 ningen
274 581 32 21 till
323 581 42 21 alla
380 581 66 21 delar.
816 579 2 3 |

249 615 82 22 Vidare
345 615 125 21 diskussion
486 615 86 22 föreföll
588 614 54 28 icke,
658 615 51 22 derå
724 615 49 23 herr
785 616 146 21 talmannen

180 649 135 22 framställde
337 649 143 28 proposition,
499 649 6 21 i
524 649 96 28 enlighet
640 649 101 22 hvarmed
762 649 168 22 bondeståndets

179 683 166 29 ifrågavarande
367 683 129 29 inbjudning
516 683 32 21 till
568 683 42 22 alla
629 683 60 22 delar
708 684 47 21 med
772 684 159 29 öfvervägande

179 718 159 29 röstpluralitet
353 718 24 21 af
390 717 84 22 ståndet
490 721 87 24 antogs;
593 717 89 22 hvarom
694 718 155 22 underrättelse
861 718 69 22 skulle

179 753 244 28 expeditionsutskottet
439 752 115 22 meddelas.

247 792 76 29 Något
341 792 73 21 vidare
434 791 78 22 ärende
532 792 118 21 handlades
669 792 56 25 icke,
743 796 58 17 utom
817 795 32 18 att
863 793 68 28 enligt

178 833 26 14 en
227 827 46 20 från
296 826 248 21 riddarhusdirektionen
564 826 128 21 ankommen
708 827 93 28 räkning
816 827 31 20 till
864 827 66 20 betal-

178 861 53 28 ning
252 860 159 21 utanordnades
434 861 48 28 fyra
501 861 60 20 mark
579 861 31 20 tio
631 861 73 28 penni,
719 861 119 28 utgörande
854 861 76 20 ersätt-

177 895 52 28 ning
245 895 33 21 för
294 895 106 21 särskilda
416 895 190 27 skrifmaterialier,
618 902 46 13 som
678 895 252 20 riddarhusdirektionen

178 929 22 20 ät
223 929 85 21 ständet
330 928 107 22 anskaffat
459 929 35 20 vid
515 929 74 28 början
609 929 25 20 af
650 928 131 29 landtdagen
801 929 28 20 dä
845 929 85 21 ständet

177 965 57 25 ännu
250 963 47 22 icke
313 963 75 21 hunnit
403 963 73 21 derom
492 963 75 28 ätgärd
584 963 95 28 vidtaga.

245 1002 102 22 Klockan
371 1010 39 14 var
432 1009 28 15 nu
484 1004 51 20 nära
554 1003 38 26 tio,
610 1003 29 21 dä
657 1003 97 21 ständets
769 1003 136 21 medlemmar
923 1004 5 21 i

177 1037 134 28 procession,
328 1036 123 22 företrädde
466 1037 24 21 af
502 1037 37 21 det
554 1037 135 21 hedervärda
705 1037 157 22 bondeständet
873 1041 57 18 samt

175 1071 123 28 efterföljde
318 1072 23 20 af
357 1071 138 28 högvördiga
514 1071 159 28 presteständet
692 1071 40 21 och
748 1071 121 29 höglofliga
885 1072 45 21 rid-

175 1105 118 28 derskapet
315 1105 40 21 och
379 1105 70 27 adeln,
473 1105 93 28 begäfvo
585 1105 35 29 sig
639 1105 33 22 till
692 1105 183 29 Nikolaikyrkan,
890 1106 39 21 der

177 1140 54 21 hans
251 1140 106 21 excellens
377 1140 233 28 generalguvernören,
629 1148 46 13 som
692 1140 24 21 af
728 1139 62 22 Hans
805 1140 124 28 Kejserliga

176 1173 105 29 Majestät
300 1174 7 21 i
326 1174 66 21 nåder
411 1174 72 21 blifvit
502 1174 76 21 utsedd
595 1177 31 18 att
641 1175 12 20 ä
670 1173 61 22 Hans
746 1174 114 28 Majestäts
876 1175 52 27 väg-

175 1216 41 14 nar
238 1209 93 27 upplösa
351 1208 131 28 landtdagen
502 1208 40 21 och
562 1208 145 22 hemförlofva
725 1208 121 28 ständerne,
862 1208 66 28 något

176 1250 75 14 senare
267 1243 34 27 sig
316 1243 63 20 äfven
396 1242 81 22 infann.

243 1276 64 21 Efter
329 1276 71 21 slutad
423 1276 129 29 gudstjenst,
571 1276 76 22 dervid
667 1275 105 29 predikan
791 1276 28 29 pä
834 1277 94 21 svenska

174 1310 41 21 och
235 1310 70 21 finska
323 1310 93 28 språken
436 1310 57 22 hölls
512 1312 24 20 af
553 1311 47 21 vice
615 1314 90 25 pastorn
720 1318 42 14 von
778 1310 77 28 Essen,
872 1318 56 14 sam-

175 1344 60 21 lades
258 1344 99 28 samtlige
376 1344 178 22 landtständerne
573 1345 12 21 &
601 1346 106 20 rikssalen
723 1346 6 20 i
746 1345 114 28 kejserliga
875 1345 51 21 slot-

173 1382 38 22 tet,
234 1378 92 26 hvarest,
349 1378 67 22 sedan
439 1379 224 28 generalgnvernören
682 1380 94 20 infunnit
795 1379 43 28 sig,
858 1379 70 21 landt-

174 1412 137 22 marskalken
328 1412 40 22 och
385 1414 121 20 talmännen
524 1414 32 23 till
572 1414 225 28 generalgnveruören
811 1414 117 20 framförde
