1031 1700
191 98 42 20 420

164 160 57 26 visat
236 158 32 21 till
284 158 41 22 den
342 162 60 18 stora
418 160 63 26 vinst,
497 158 137 22 innehafvare
651 159 24 22 af
685 159 149 28 ölbryggerier
847 158 69 22 skulle

164 193 68 28 draga
253 193 24 20 af
297 193 70 21 denna
386 194 84 28 näring,
490 193 117 28 hvarjemte
626 193 130 21 framhällits
776 193 140 29 obilligheten

165 227 63 21 deraf
244 230 31 18 att
293 228 19 28 ej
333 228 93 28 belägga
441 228 69 20 denna
525 228 57 20 vinst
598 227 47 21 med
661 227 94 21 särskild
772 227 144 28 beskattning.

165 262 44 28 Jag
228 264 45 18 tror
292 266 31 17 att
338 262 94 20 nämnda
446 262 57 20 vinst
519 261 132 21 fortfarande
667 261 85 22 komme
768 264 31 18 att
814 261 104 21 förblifva

165 295 124 22 densamma
307 303 46 14 som
370 296 51 26 förr,
438 296 87 21 emedan
541 295 166 29 ifrågavarande
722 299 60 17 extra
797 295 120 28 bevillning

165 333 78 25 ytterst
261 330 68 21 skulle
349 330 83 21 drabba
450 330 75 22 endast
541 330 178 21 konsnmenterne
735 338 77 20 genom
828 334 31 16 att
874 330 43 20 för-

167 364 76 21 anleda
262 364 124 28 förhöjning
404 364 7 20 i
430 364 128 21 fabrikatets
577 364 52 28 pris.
667 363 68 22 Detta
751 364 40 20 blir
807 364 110 21 ovilkorli-

167 406 41 21 gen
224 398 88 28 följden,
331 398 89 21 såframt
435 399 49 20 icke
498 398 162 21 konkurrensen
677 398 41 21 blir
734 401 45 19 stor
794 398 57 21 inom
868 404 49 22 pro-

167 433 139 20 ducenternes
322 432 67 22 klass.
419 432 52 22 Men
487 433 23 20 är
526 432 83 21 vinsten
626 432 22 21 af
663 432 67 28 sagde
745 432 77 28 näring
837 432 7 21 i
859 432 59 27 sjelf-

167 474 27 14 va
215 466 76 22 verket
313 467 24 21 så
360 467 104 28 betydlig,
487 474 45 14 som
550 474 49 14 man
619 473 65 21 synes
703 469 86 26 antaga,
807 466 24 21 så
849 466 68 20 måste

169 502 59 21 detta
246 500 150 22 åstadkomma
414 504 30 18 ett
459 501 65 21 ökadt
540 500 57 21 antal
614 500 143 28 producenter
773 500 40 21 och
828 500 67 28 priset
909 500 8 20 i

168 536 53 28 följd
241 535 62 21 deraf
320 536 71 27 nedgä
406 535 32 21 till
456 536 80 20 förmån
553 536 33 20 tör
602 535 173 21 konsumtionen,
805 534 64 21 Hvad
885 542 32 13 se-

167 570 42 21 dan
233 569 67 29 angår
319 569 127 28 billigheten
466 570 24 21 af
506 569 40 21 den
562 569 123 28 föreslagna
701 569 106 21 särskilda
823 569 95 22 beskatt-

169 605 86 26 ningen,
271 603 23 22 sä
309 603 63 22 beror
387 603 60 22 detta
462 604 75 20 endast
552 604 24 20 af
589 603 64 28 tycke
669 603 41 22 och
726 603 68 22 smak.
824 603 39 21 Att
875 603 43 20 till-

169 638 106 28 verkning
293 639 24 20 af
333 638 28 26 öl,
384 638 71 21 såsom
474 645 48 13 man
538 638 62 20 äfven
618 638 57 20 velat
690 638 69 27 påstå,
774 638 69 21 skulle
859 638 59 21 inne-

169 673 52 20 bära
243 672 55 21 väda
321 673 34 20 för
373 671 42 22 den
435 672 107 21 allmänna
561 672 150 27 nykterheten,
730 672 62 21 torde
807 672 46 21 med
869 672 49 21 skäl

168 707 72 20 kunna
260 706 113 27 bestridas,
393 705 40 22 och
450 707 38 27 jag
507 706 41 21 kan
568 706 128 21 åtminstone
711 706 48 21 icke
774 706 54 29 hysa
843 714 26 13 en
884 705 35 22 sä-

170 741 40 20 dan
228 740 95 28 farhäga.

237 779 57 22 Herr
309 778 98 23 Mölsä:
440 779 44 29 Jag
506 780 38 21 har
568 781 74 26 begärt
665 781 61 20 ordet
749 780 34 22 för
801 783 30 18 att
849 780 70 21 uttala

169 821 81 15 samma
265 814 63 28 äsigt,
343 821 46 14 som
405 815 65 20 redan
488 815 23 20 af
524 814 48 21 herr
588 810 116 33 Öhrnberg
720 815 132 20 framhållits.
877 815 41 20 Att

169 849 92 28 belägga
283 849 160 20 fabrikationen
466 849 24 21 af
510 849 20 20 öl
554 849 39 20 och
613 852 74 24 porter
705 849 47 20 med
769 852 58 17 extra
843 849 77 21 beville

167 883 60 28 ning,
247 883 23 20 är
288 883 104 28 liktydigt
407 883 47 21 med
470 885 31 19 att
515 883 65 28 lägga
596 883 58 20 skatt
670 883 27 28 pä
713 883 167 28 förbrukningen
896 883 24 20 af

169 924 25 14 en
210 917 99 21 inhemsk
324 917 102 27 produkt,
442 917 40 21 och
497 917 59 21 detta
572 917 77 21 strider
664 917 46 21 helt
725 917 40 20 och
781 917 65 21 hället
861 920 59 18 emot

169 951 112 28 principen
304 958 35 13 om
363 951 131 28 bevillnings
512 951 119 28 utgörande
651 951 47 21 från
713 951 41 21 den
770 959 51 13 rena
835 951 83 21 inkom-

169 989 54 17 sten.
251 985 54 21 Man
322 985 38 21 har
375 985 127 29 visserligen
518 985 104 22 särskildt
638 985 107 21 beskattat
761 986 82 20 vinsten
859 986 25 20 af
892 993 26 14 en

169 1027 70 14 annan
261 1019 100 22 inhemsk
384 1020 139 26 fabrikation,
545 1019 107 28 nemligen
675 1019 243 29 bränviusbränningen,

168 1060 49 15 men
239 1053 73 22 dertill
334 1053 66 22 hafva
418 1053 136 22 förekommit
570 1053 44 21 helt
630 1053 68 22 andra
713 1053 54 27 skäl,
782 1053 74 21 hvilka
871 1053 51 22 icke.

167 1087 74 22 kunna
255 1087 83 29 lämpas
354 1088 27 28 pä
396 1095 29 14 nu
443 1088 139 21 förevarande
598 1087 44 21 fall.
675 1087 46 28 Jag
736 1095 62 14 anser
812 1087 108 28 nemligen

169 1121 42 23 den
233 1122 85 28 näring,
339 1129 46 15 som
408 1122 130 28 producerar
557 1122 21 21 öl
598 1122 40 21 och
659 1125 80 25 porter,
757 1122 47 22 icke
820 1129 51 14 vara
885 1123 35 20 för

169 1156 113 22 samhället
304 1157 124 28 skadligare
450 1157 27 21 än
496 1156 8 22 i
522 1156 116 22 allmänhet
656 1156 73 28 hvarje
752 1164 69 13 annan
843 1157 77 27 näring

169 1191 41 21 och
232 1191 7 21 i
262 1190 54 29 följd
336 1190 64 22 deraf
417 1190 169 29 förbrukningen
606 1191 23 20 af
645 1190 64 22 dessa
724 1190 94 29 drycker
833 1191 18 27 ej
867 1190 54 21 böra

169 1225 117 21 försvåras.
317 1224 104 22 Tvärtom
436 1232 52 14 vore
503 1224 37 22 det
554 1225 48 21 skäl
618 1227 31 18 att
664 1225 28 27 pä
707 1224 39 22 allt
761 1226 42 20 sätt
814 1232 105 20 uppmun-

169 1262 34 18 tra
224 1258 168 30 tillverkningen
411 1259 125 29 isynnerhet
554 1260 25 20 af
595 1259 28 26 öl,
638 1259 29 27 pä
681 1258 37 22 det
733 1258 69 22 denna
818 1266 51 13 vara
883 1266 37 20 ge-

169 1300 49 24 nom
242 1292 70 28 billigt
334 1294 45 27 pris
400 1293 71 21 blefve
489 1301 57 13 mera
566 1293 125 29 tillgänglig
707 1294 33 20 för
756 1293 106 28 allmogen
879 1292 40 21 och

169 1326 90 22 sälunda
274 1327 136 29 smäningom
426 1327 70 21 skulle
512 1328 85 20 komma
612 1330 32 18 att
655 1328 101 26 uttränga
769 1326 52 22 eller
833 1327 88 21 förmin-

169 1361 39 21 ska
224 1361 151 28 begagnandet
390 1362 24 20 af
428 1362 96 21 bränvin.

237 1400 57 22 Herr
310 1400 166 23 Dahlström:
506 1401 52 22 Icke
574 1402 66 21 heller
653 1402 39 28 jag
707 1400 41 23 kan
765 1400 84 22 biträda
864 1400 57 29 äsig-
