1031 1700
205 78 26 20 30

178 141 60 20 vissa
253 136 75 30 behof,
343 141 57 19 samt
414 145 48 14 man
479 138 83 22 derföre
578 138 38 21 bör
632 138 72 21 kunna
720 146 40 20 ega
773 138 70 28 någon
855 139 73 21 säker-

178 175 37 21 het
230 175 41 26 för,
287 176 30 19 att
332 173 93 29 tillgång
440 173 110 28 verkligen
566 173 97 21 kommer
678 176 31 17 att
723 173 69 21 finnas
808 174 31 20 till
853 174 76 21 bestri-

179 209 71 21 dande
269 208 24 21 af
308 208 27 21 de
350 206 77 22 dervid
442 207 121 21 beräknade
578 207 124 28 utgifterna.
741 206 34 22 En
793 208 135 28 bestämning

179 251 36 13 om
237 242 42 22 den
298 242 31 22 tid
348 242 156 28 författningen
522 241 55 21 skall
592 241 87 22 komma
694 244 31 18 att
740 242 59 28 gälla
814 249 63 14 anser
889 243 39 27 jag

178 277 49 21 icke
245 277 74 21 kunna
336 276 119 27 undvaras,
474 274 98 27 emedan,
588 282 34 14 om
638 272 29 24 &ll
683 275 180 29 tidsbestämning
878 275 50 22 sak-

179 311 77 26 nades,
279 311 27 21 de
327 310 59 21 inom
409 313 33 17 tre
463 310 24 21 år
508 309 201 21 sammanträdande
732 310 114 21 ständerne
866 308 63 30 eljest

178 346 73 20 kunna
274 344 45 22 helt
336 344 41 20 och
396 343 66 21 hållet
478 343 101 22 förändra
594 344 49 20 hela
658 344 269 28 bränvinslagstiftningen

178 382 56 18 samt
248 378 102 29 möjligen
365 378 75 28 återgå
454 378 33 21 till
503 378 226 28 husbehofsbränning
744 378 51 21 eller
807 382 66 18 annat
884 379 44 20 till-

177 413 174 28 verkningssätt,
373 412 140 28 hvarigenom
536 412 27 21 de
586 412 140 27 fabrikanter,
745 412 74 22 hvilka
838 412 90 29 nedlagt

178 447 107 29 kapitaler
303 447 8 21 i
328 445 164 28 brännerierna,
511 446 85 21 komme
614 449 32 18 att
661 447 53 27 göra
729 454 27 13 en
771 444 64 30 högst
852 446 76 28 betyd-

178 482 31 28 lig
232 482 79 21 förlust.
333 484 57 18 samt
411 480 119 28 dessutom,
550 480 28 21 då
595 480 72 28 någon
683 480 180 29 tidsbestämning
878 480 50 22 icke

178 516 87 26 funnes,
282 514 91 30 mången
388 515 124 28 derigenom
527 515 70 21 skulle
612 514 92 22 afhållas
721 515 46 21 från
779 515 106 21 fabrikers
896 515 32 21 in-

179 550 105 22 rättande.
319 550 73 21 Jemte
413 549 37 21 det
466 550 38 28 jag
522 548 83 23 således
624 555 63 16 anser
702 552 32 19 att
749 557 24 14 en
789 549 139 22 tidsbestäm-

178 585 53 29 ning
253 583 40 23 bör
311 584 127 26 förefinnas,
456 583 67 22 håller
539 584 38 27 jag
592 583 72 22 tillika
678 582 47 23 före
739 586 32 19 att
785 584 104 21 terminen
905 584 25 21 af

179 619 30 22 tio
231 619 24 21 år
274 619 24 20 är
316 619 33 20 för
368 618 51 21 kort
437 617 97 29 tilltagen
550 621 55 18 samt
619 621 33 18 att
665 616 42 23 den
723 617 66 22 borde
804 618 123 21 utsträckas

179 653 33 21 till
235 653 80 21 femton
334 652 31 27 år,
387 651 89 22 emedan
495 659 76 21 genom
589 658 26 15 en
635 650 89 23 sålunda
741 649 96 24 bestämd
852 650 75 31 längre

179 687 94 29 tidrymd
290 686 123 29 syftemålet
428 689 32 18 att
474 686 22 21 få
510 686 95 22 fabriker
620 686 107 22 inrättade
742 687 109 21 sannolikt
865 687 63 21 lätta-

180 729 22 14 re
217 721 70 22 skulle
303 721 82 21 vinnas.

248 758 57 24 Herr
320 758 152 23 talmannen
491 759 132 23 framställde
643 761 52 21 härå
713 760 94 29 följande
826 761 102 28 proposi-

180 796 75 26 tioner,
271 798 55 18 samt
341 795 86 25 dervid,
443 795 34 21 för
492 795 159 21 bestämmande
667 795 24 21 af
703 795 224 28 kontraproposition:

250 829 39 22 1:o.
320 829 46 21 Vill
382 829 86 21 ståndet
482 829 32 22 till
529 829 212 28 kontraproposition
758 833 88 24 antaga,
857 830 70 21 antin-

179 871 42 21 gen
244 867 31 18 att
293 862 206 29 tidsbestämningen
517 863 44 22 helt
576 863 40 21 och
631 863 68 22 hållet
713 864 102 20 uteslutes
832 871 23 13 ur
871 864 12 27 &
899 863 27 21 2?

180 898 83 21 hvilket
283 897 99 22 besvaras
399 895 105 30 jakande,
522 898 53 21 eller
589 898 41 21 ock
646 898 115 28 periodens
776 898 151 28 utsträckning

180 932 34 21 till
229 932 80 21 femton
325 932 36 21 är?
377 932 41 21 den
434 931 38 22 det
486 931 47 28 vill,
549 938 73 15 svarar
637 933 41 28 nej.

249 966 108 22 Häröfver
373 965 118 22 anställdes
506 966 27 28 pä
548 967 93 27 begäran
657 967 110 27 votering,
782 973 45 14 som
838 965 44 22 fick
893 966 34 21 till

180 1001 90 22 resultat
288 1002 22 19 11
325 1001 23 28 ja
363 1000 40 21 och
421 1000 25 20 17
462 1001 44 27 nej;
528 1000 141 29 hvarigenom
691 1000 83 21 säledes
797 1000 37 22 det
851 1007 77 15 senare

181 1035 136 22 alternativet
331 1042 38 13 var
384 1035 34 20 till
434 1030 212 33 kontraproposition
663 1037 93 26 antaget.

249 1075 41 21 2:0.
320 1073 71 22 Gillar
406 1074 85 22 ståndet
505 1075 12 28 &
532 1075 12 20 2
560 1075 6 20 i
578 1074 57 22 hvad
648 1074 66 29 angår
726 1073 68 28 tiden,
806 1074 122 21 hvarunder

181 1109 140 21 förevarande
337 1109 129 28 författning
482 1109 54 20 skall
553 1116 51 13 vara
618 1108 115 30 gällande?
750 1109 52 21 eller
816 1109 39 20 vill
870 1109 58 21 stän-

181 1144 38 20 det
233 1143 102 21 förändra
350 1143 208 29 tidsbestämningen
573 1143 33 21 till
622 1144 80 20 femton
717 1142 37 22 är?

249 1176 48 22 Den
313 1185 46 14 som
375 1177 117 21 omfattade
508 1177 169 28 propositionen,
693 1177 69 21 skulle
774 1184 63 14 svara
845 1178 31 28 ja,
886 1178 41 20 den

180 1219 47 14 som
243 1212 50 21 ville
309 1211 251 29 kontrapropositionens
576 1212 145 28 bestämning,
737 1219 62 13 svara
813 1212 41 27 nej.

249 1245 60 22 Utan
325 1245 93 22 särskild
434 1246 98 28 votering
548 1246 128 21 besvarades
692 1246 75 28 frägan
783 1245 47 21 med
846 1245 82 21 erkänd

180 1280 156 28 röstpluralitet
349 1279 104 29 jakande,
468 1280 42 21 och
524 1288 38 13 var
578 1280 84 22 säledes
677 1279 144 23 betänkandet
836 1280 7 20 i
858 1279 71 21 denna

181 1314 36 22 del
232 1315 24 20 af
269 1314 84 22 ständet
368 1314 84 29 gilladt.

249 1348 42 20 3:0.
321 1347 134 23 Godkänner
472 1346 86 24 ståndet
572 1348 12 29 $
599 1349 12 20 2
628 1348 6 22 i
650 1348 117 22 utskottets
782 1348 147 27 betänkande,

182 1382 71 22 sävidt
275 1382 42 22 den
336 1383 66 28 angär
422 1383 168 22 bestämmandet
606 1383 24 22 af
642 1386 31 19 ett
687 1383 115 22 maximum
818 1382 34 22 för
867 1382 62 22 brän-
