1031 1700
193 74 42 21 368

165 137 73 21 blifvit
256 137 135 22 framställda
406 140 58 18 emot
479 136 244 28 ajökommunikationer
737 138 7 21 i
759 137 38 23 det
810 138 46 22 inre
872 138 45 22 lan-

165 172 36 20 det
220 172 5 20 i
247 171 122 27 allmänhet;
388 171 53 22 eller
457 175 31 17 att
503 172 26 20 de
545 172 67 21 under
628 179 26 14 en
670 175 46 18 stor
731 172 35 21 del
781 172 25 21 af
818 172 46 22 året
879 173 38 20 äro

165 206 114 28 isbelagda
301 208 40 19 och
363 205 91 22 sålunda
476 206 158 28 obegågneliga
653 208 56 19 samt
726 209 32 19 att
777 206 27 22 de
819 206 48 22 icke
882 206 35 22 väl

165 241 73 27 lämpa
253 240 34 28 sig
303 243 30 19 att
345 240 109 22 förbindas
467 240 47 21 med
526 240 123 28 jernvägar.
673 240 42 21 Om
728 240 67 22 också
805 240 41 22 den
858 240 60 22 kost-

165 275 51 27 nad,
238 282 47 14 som
307 274 67 29 enligt
396 277 85 19 senaste
505 274 143 29 beräkningar
667 274 70 22 skulle
756 274 109 22 erfordras
884 275 36 21 för

165 310 116 28 företaget,
298 309 47 21 icke
363 310 24 20 är
407 308 96 22 särdeles
520 311 53 24 stor,
592 309 24 21 så
631 316 64 21 synes
710 308 125 22 densamma
850 308 68 22 likväl

166 344 73 21 kunna
255 343 68 21 bättre
339 342 110 22 användas
465 342 28 28 på
508 342 66 22 andra
590 342 50 22 håll.
673 342 32 22 På
715 343 64 21 dessa
791 343 48 21 skäl
850 342 68 22 måste

163 379 39 27 jag
221 377 98 28 afstyrka
333 376 83 28 anslag,
432 377 128 21 åtminstone
576 376 35 22 för
625 376 141 28 närvarande,
781 377 33 21 till
830 377 41 22 den
887 377 31 21 af-

167 411 67 22 sedda
249 410 97 22 kanalen.

235 450 58 22 Herr
307 450 88 22 Holm:
417 446 36 26 Då
467 450 152 28 ridderskapet
634 450 41 22 och
691 451 63 22 adeln
769 454 54 19 samt
837 452 82 21 bonde-

167 486 86 22 ståndet
267 485 65 22 redan
348 486 32 20 till
396 485 41 21 den
449 486 123 27 föreslagna
581 486 119 28 jernvägen
712 486 90 21 emellan
814 486 106 28 Helsing-

167 519 264 23 fors-Tavastehusbanan
451 519 40 21 och
513 519 74 29 Borgå
607 520 48 21 stad
679 520 88 28 beviljat
789 523 30 19 ett
841 520 77 28 anslag

168 556 24 20 af
205 562 26 13 en
246 554 74 28 miljon
336 554 68 27 mark,
424 557 56 18 emot
495 553 37 22 det
546 556 32 19 att
592 554 92 22 nämnde
699 554 48 22 stad
762 554 64 29 ätoge
841 554 34 29 sig
889 554 31 21 de

168 589 71 28 öfriga
254 588 145 21 kostnaderna
414 589 34 20 för
462 587 70 22 denna
544 589 99 28 jernväg,
659 592 56 17 samt
730 589 129 21 åtminstone
874 589 43 20 rid-

167 623 117 28 derskapet
306 623 41 20 och
367 622 62 21 adeln
449 622 65 29 gifvit
531 622 60 21 detta
606 623 73 21 arbete
694 626 92 19 rummet
800 623 49 21 näst
863 623 57 21 efter

164 658 145 27 jernvägarne
331 656 290 22 Tavastehus-Tammerfors
643 656 42 22 och
703 656 215 27 Riihimäki-Lahtis,

168 695 61 24 tager
244 692 39 27 jag
301 691 45 28 mig
361 690 91 21 fribeten
468 690 86 21 anhålla
569 697 35 14 om
618 691 137 28 proposition
770 691 29 28 pä
813 691 105 28 beviljan-

167 725 37 22 det
225 725 25 22 af
269 724 143 22 omförmälda
431 725 82 28 anslag,
532 727 31 19 att
582 725 52 28 utgä
649 725 7 21 i
671 725 42 22 den
728 725 93 28 ordning
836 725 83 21 ridder-

168 759 78 28 skapet
261 759 42 21 och
318 759 62 21 adeln
396 759 90 28 antagit.

235 799 59 22 Herr
309 799 167 28 Tengström:
504 799 66 22 Hvad
588 799 174 29 kanäliseringen
781 800 25 20 af
818 799 99 22 Walkia-

167 833 64 22 koski
247 834 44 21 fors
308 833 108 27 beträffar,
435 834 24 21 sä
474 834 23 21 är
510 833 61 22 detta
586 833 90 22 likasom
693 834 66 21 ocksä
773 834 75 29 Borgä
859 834 62 28 jern-

167 869 44 27 väg
226 870 31 19 ett
273 867 64 22 bland
353 867 26 22 de
396 868 92 28 företag;
502 868 34 21 för
551 867 73 22 hvilka
640 868 105 21 utskottet
757 871 70 18 ansett
837 869 34 28 sig
883 869 35 20 för

167 901 134 22 närvarande
316 902 53 21 böra
383 902 99 28 afstyrka
497 902 81 28 anslag.
608 901 44 22 Det
667 902 70 21 skulle
748 902 92 27 derföre,
851 909 69 21 synes

168 936 51 29 mig,
242 941 52 16 vara
316 936 126 28 lämpligare
465 939 31 18 att
517 936 118 29 uppskjuta
654 936 151 22 diskussionen
825 937 8 20 i
846 936 71 22 denna

168 971 68 28 fråga,
255 970 56 21 intill
329 970 50 21 dess
394 970 27 22 de
437 971 83 28 företag
535 970 105 22 utskottet
655 971 106 28 tillstyrkt
776 971 55 21 först
846 971 72 21 blifvit

167 1004 146 22 diskuterade.
349 1004 79 21 Blefve
446 1005 65 21 sedan
530 1005 98 28 anslaget
647 1005 90 27 bifallet;
755 1005 25 21 sä
793 1005 72 21 kunde
881 1005 37 21 det

167 1039 78 21 efteråt
264 1038 119 29 uppflyttas
398 1039 33 20 till
446 1039 37 21 det
497 1037 62 27 rum,
566 1039 37 21 det
618 1039 91 28 ansäges
724 1038 53 22 böra
791 1039 130 25 innehafva;

167 1079 48 15 men
231 1072 28 22 dä
273 1080 28 13 nu
317 1073 71 21 ämnet
403 1073 92 28 engäng,
510 1080 35 14 om
560 1073 42 21 ock
616 1073 8 21 i
639 1073 73 27 förtid,
727 1073 76 21 blifvit
811 1073 62 28 bragt
884 1073 34 21 till

167 1107 49 26 tals,
235 1107 63 21 utber
309 1107 39 29 jag
363 1107 51 29 mig,
430 1107 70 21 säsom
516 1107 95 21 ledamot
625 1107 7 21 i
647 1107 113 27 utskottet,
775 1107 22 21 fä
811 1107 108 29 redogöra

168 1142 34 20 för
224 1141 28 22 de
275 1141 55 27 skäl,
352 1148 47 14 som
418 1141 60 29 ligga
496 1141 33 21 till
547 1141 70 29 grund
637 1142 35 21 för
687 1142 116 21 utskottets
818 1142 101 28 yttrande

167 1176 53 21 deri.
253 1175 45 22 Det
313 1175 203 29 hufvudsakligaste
531 1176 24 20 af
567 1175 63 22 dessa
645 1176 47 21 skäl
707 1183 39 14 var
760 1178 31 19 att
807 1175 112 27 utskottet,

167 1217 49 14 som
236 1210 67 21 redan
321 1210 56 21 hade
397 1209 96 22 förordat
512 1216 26 15 en
550 1210 92 28 jernväg
657 1217 79 21 genom
751 1217 81 14 samma
847 1209 73 21 lands-

167 1247 42 24 ort,
227 1252 36 13 om
278 1244 47 21 icke
337 1245 46 27 just
398 1244 98 28 parallell
511 1244 48 21 med
574 1244 27 21 de
616 1244 165 29 ifrägavarande
797 1243 123 22 vattendra-

167 1286 50 20 gen,
239 1278 57 21 dock
315 1278 7 21 i
341 1279 67 28 något
426 1278 63 22 sånär
507 1286 81 14 samma
603 1278 98 28 riktning
716 1278 49 22 med
779 1278 56 28 dem,
851 1278 68 28 ansåg

167 1315 32 19 att
220 1312 38 22 det
280 1320 51 14 vore
353 1316 32 18 att
408 1313 34 21 för
461 1312 87 29 mycket
566 1320 74 21 gynna
658 1313 41 21 och
715 1312 119 22 favorisera
849 1312 73 21 denna

167 1346 106 28 landsort,
295 1354 34 14 om
352 1354 50 14 man
420 1346 126 30 ytterligare
564 1354 78 22 genom
661 1347 125 21 densamma
801 1346 76 22 anlade
892 1353 30 14 en

167 1380 269 30 vattenkommunikation,
451 1380 29 23 dä
494 1380 96 23 deremot
605 1381 25 23 sä
640 1381 79 29 mänga
731 1380 70 23 andra
813 1383 57 19 orter
881 1380 42 21 äro'
