1031 1700
191 74 42 22 150

164 137 79 20 tvänne
264 136 56 21 onda
339 136 59 28 ting,
414 136 164 30 propositionen
595 136 41 21 och
652 136 41 21 den
711 144 26 12 nu
755 136 100 27 gällande
871 143 49 14 cen-

164 170 195 21 surinstitutionen.
389 170 45 20 För
450 171 42 20 min
508 170 34 21 del
558 170 70 20 skulle
642 171 37 27 jag
696 170 51 28 vilja
763 170 99 28 uttrycka
877 170 43 21 den

165 205 81 20 största
261 204 135 21 tacksamhet
412 205 32 20 för
460 204 37 21 det
512 204 120 28 lagförslag
649 204 163 28 propositionen
825 204 95 21 innehäl-

164 239 39 25 ler,
226 242 23 24 ty
266 239 39 27 jag
324 246 64 13 anser
407 242 31 17 att
453 238 37 21 det
504 238 70 21 finska
591 238 68 21 folket
675 238 39 21 bör
730 246 51 14 vara
797 239 124 21 erkänsamt

165 273 81 21 derför.
285 273 75 22 Såsom
385 272 115 27 nämndes,
524 274 22 19 är
565 272 60 21 detta
643 273 76 20 endast
734 275 31 19 ett
780 272 97 29 exempel
892 272 28 28 pä

165 310 32 20 att
220 307 116 21 utskottets
360 307 131 28 behandling
514 307 24 21 af
557 306 90 22 ärendet
665 314 44 21 nog
727 307 82 21 lemnar
823 314 47 14 rum
886 307 34 20 för

167 341 111 28 grundade
295 341 173 27 anmärkningar.

235 374 71 22 Sedan
323 375 38 20 här
378 375 125 21 antecknats
520 378 30 25 att
566 374 51 22 flere
632 375 25 21 af
670 375 97 21 ståndets
782 375 138 21 medlemmar

167 410 99 21 förmälte
284 408 37 21 det
339 409 26 22 de
385 410 81 27 ansågo
482 412 31 18 att
528 410 161 20 reservationen
703 409 48 21 icke
767 409 66 21 borde
849 410 6 20 i
871 416 49 21 pro-

167 443 92 23 tokollet
275 443 60 29 ingå,
351 444 55 20 slöts
421 443 168 22 sammanträdet
603 443 96 21 klockan
714 446 32 18 tre
761 446 64 24 qvart
836 443 33 21 till
880 446 39 19 tre,

724 478 21 16 In
758 478 59 16 fidem:

620 505 93 24 Sixtus
732 504 159 24 Calamnius.

387 705 127 32 Lördagen
534 705 47 24 den
600 707 15 22 2
635 705 62 32 april

169 750 94 21 klockan
283 750 30 20 tio
332 750 46 21 före
398 750 114 28 middagen
532 750 174 21 sammanträdde
722 750 31 21 till
770 750 86 27 plenum
873 749 48 22 bor»

169 783 148 29 gareständets
333 784 70 27 öfrige
420 784 142 26 medlemmar,
575 787 57 17 utom
646 784 72 21 herrar
730 784 120 26 Hackman,
863 782 58 23 Can-

169 818 64 27 delin,
249 818 116 27 Lindroth,
381 817 77 22 Krank
474 818 40 21 och
529 817 126 28 Wendelin,
671 818 74 21 hvilka
759 818 49 23 med
823 817 98 24 tillstånd

169 852 48 21 frän
233 852 74 21 staden
325 853 99 20 bortrest.

238 891 42 22 Till
295 893 107 27 justering
418 892 110 27 upplästes
544 892 94 28 följande
652 892 20 21 af
673 891 98 22 ständet
781 892 7 21 i
799 891 123 29 gärdagens

170 926 87 27 plenum
277 926 98 21 beslutna
395 926 211 28 protokollsutdrag,
626 926 118 28 nemligen:
768 927 43 25 1:0,
826 926 7 21 i
849 925 73 22 anled-

169 960 54 28 ning
245 961 25 20 af
285 960 155 27 lagutskottets
460 960 135 22 betänkande
610 960 45 21 N:o
671 961 36 26 28,
727 960 48 21 med
791 960 82 29 förslag
888 959 34 22 till

170 994 209 29 sammanjemkning
396 995 24 20 af
432 995 101 20 ständens
548 995 128 28 skiljaktiga
692 995 69 20 beslut
775 995 8 20 i
799 995 74 28 frägan
887 1002 35 15 om

170 1029 111 27 uppsätlig
297 1028 158 28 misshandling
471 1029 23 20 af
506 1029 96 24 kreatur;
618 1029 41 26 2:0,
676 1028 36 22 vid
729 1029 158 28 behandlingen
901 1028 25 21 af

170 1063 154 28 lagutskottets
342 1063 136 20 betänkande
493 1062 43 22 N:o
545 1063 34 26 25,
594 1063 6 20 i
617 1063 116 28 anledning
749 1063 25 20 af
782 1063 79 28 nädiga
873 1070 51 21 pro-

171 1097 122 27 positionen
312 1097 113 28 angående
444 1097 129 28 tryckfrihet
588 1097 6 20 i
610 1097 93 21 Finland
719 1097 40 21 och
775 1097 97 21 vilkoren
889 1097 34 21 för

170 1131 49 21 dess
236 1131 150 28 begagnande;
407 1135 55 17 samt
477 1131 40 26 3:o,
534 1131 4 21 i
556 1131 117 27 anledning
689 1131 24 21 af
725 1131 199 21 ekonomieutskot-

171 1169 42 18 tets
229 1165 82 29 förslag
327 1165 32 22 till
376 1166 207 27 sammanjemkning
598 1167 24 19 af
635 1166 102 20 ständens
749 1166 126 28 skiljaktiga
888 1166 36 20 be-

171 1200 43 20 slut
231 1200 7 20 i
259 1200 75 26 frågan
350 1207 34 13 om
400 1199 190 29 fiskerinäringens
607 1199 160 29 upphjelpande
783 1203 54 18 samt
854 1200 70 20 befor-

170 1234 81 22 drande
267 1234 24 22 af
303 1234 80 20 fiskens
400 1234 156 27 fortplantning
572 1234 30 20 uti
618 1234 81 27 insjöar
713 1234 41 22 och
771 1235 120 30 strömmar.

240 1273 57 20 Herr
312 1273 152 21 talmannen
478 1273 100 28 föredrog
594 1273 78 28 utdrag
689 1273 23 21 af
721 1273 149 29 ridderskapet
882 1274 41 20 och

171 1307 73 21 adelns
262 1307 109 28 protokoll
387 1308 25 20 af
424 1307 40 21 den
483 1308 22 20 31
524 1307 104 21 sistvikne
644 1314 63 19 mars,
721 1307 46 21 med
780 1307 144 22 underrättel-

171 1348 22 14 se
216 1345 31 17 att
271 1341 96 21 bemälde
391 1341 61 21 stånd
473 1341 97 27 godkänt
589 1341 154 28 lagutskottets
759 1342 165 27 sammanjemk-

169 1375 148 29 ningslörslag
333 1376 6 20 i
357 1376 74 28 frågan
449 1383 33 13 om
500 1376 108 28 uppsätlig
624 1375 158 29 misshandling
794 1376 24 20 af
827 1376 97 26 kreatur;
