1031 1700
800 146 41 24 387

118 212 87 23 ståndet
220 215 31 20 att
266 211 75 24 förena
357 213 34 29 sig
406 214 7 20 i
430 210 93 24 nämnde
539 208 77 32 beslut;
634 209 40 25 och
684 213 37 28 jäg
733 210 39 25 lar
783 214 24 21 af
816 210 53 25 bori-

117 248 127 22 deständets
263 248 133 21 sekreterare
415 247 78 21 vunnit
512 247 64 21 säker
590 247 134 29 upplysning
740 247 82 28 derom,
837 249 32 20 att

118 283 21 27 ej
161 282 68 21 heller
251 282 58 22 detta
332 282 64 21 stånd
417 281 73 22 funnit
509 281 46 21 skäl
575 284 32 18 att
625 282 7 20 i
651 281 70 21 denna
739 281 36 21 del
790 285 80 25 antaga

119 316 335 29 sammanjemkningsförslaget.
486 315 88 21 Proste-
590 315 40 21 och
648 315 170 22 bondeständets
833 316 36 20 bc-

119 350 46 22 slut
179 351 7 20 i
201 350 76 28 frågan
293 357 34 15 om
342 350 169 28 kyrkopliktens
527 349 134 22 afskaffande
676 348 117 23 innefattas
809 350 18 27 ej
840 350 29 20 al-

118 384 72 22 lenast
208 385 6 20 i
229 385 12 27 &
259 385 18 26 1,
299 387 51 18 utan
369 384 7 20 i
392 384 70 21 denna
478 383 41 21 och
535 384 12 28 &
564 384 12 20 2
592 386 139 26 gemensamt,
751 384 42 21 och
809 383 63 22 deraf

120 418 71 28 följer,
213 421 32 18 att
264 426 34 13 om
317 419 19 27 ej
355 418 42 22 den
412 418 25 21 af
450 418 64 21 dessä
530 418 64 21 stånd
610 421 93 25 antagna
717 418 116 21 redaktion
848 418 25 21 af

120 454 14 25 8
150 452 13 20 2
178 452 97 22 kommer
289 455 31 18 att
335 452 69 21 blifva
418 452 129 22 ständernes
565 451 76 28 beslut;
657 452 24 21 sä
696 452 97 22 förfaller
805 453 65 21 äfven

119 487 14 27 &
150 487 9 19 1
177 486 42 22 och
237 486 67 22 saken
323 486 42 21 blir
383 486 7 21 i
406 486 43 21 allo
465 486 38 21 vid
518 486 37 21 det
570 485 77 29 gamla.
685 486 44 21 Det
744 494 65 20 synes
825 486 46 28 mig

120 520 93 27 således,
235 523 32 19 ätt
287 520 34 22 för
340 520 181 28 borgareständet
539 520 55 21 intet
610 522 65 18 annat
690 520 91 21 återstår
796 521 28 20 än
839 522 32 19 att

121 554 58 29 välja
201 555 90 21 emellan
313 555 36 21 två
367 554 58 22 onda
443 554 55 29 ting,
517 554 109 29 nemligen
642 557 30 18 att
687 554 103 29 antingen
805 554 66 29 ingen

122 589 128 28 förändring
273 589 133 22 beträffande
428 589 157 28 kyrkoplikten
610 589 68 21 skulle
702 589 44 27 ske;
769 589 53 20 eller
839 591 33 19 att

122 623 88 22 ståndet
225 623 69 22 skulle
306 627 79 24 antaga
396 623 173 28 presteständets
582 623 141 21 förenämnda
734 623 137 28 inbjudning;

124 657 142 29 hvarigenom
290 658 131 21 åtminstone
447 657 42 21 den
511 657 125 28 uppenbara
658 657 156 29 kyrkoplikten
837 657 35 21 för

124 691 116 22 framtiden
255 691 70 22 skulle
341 691 111 28 afskaffas,
467 699 35 14 om
519 692 42 21 ock
576 691 37 22 det
628 691 98 22 enskilda
739 691 133 22 sktiftermä-

123 723 31 24 let
175 725 86 22 komme
283 729 32 18 att
336 726 88 28 gvarstä
442 726 6 21 i
468 726 93 28 ungefär
577 733 81 14 samma
673 727 54 20 form
743 733 48 14 som
806 726 65 21 förut.

124 760 46 21 Vid
186 760 77 22 sådant
277 760 135 22 förhållande
426 760 63 23 torde
505 760 37 21 det
552 767 52 14 vara
617 760 93 27 klokast,
723 763 31 18 att
766 760 57 27 välja
835 759 37 22 det

123 795 84 21 mindre
229 795 58 21 onda
305 795 52 21 eller
375 795 37 21 det
432 795 90 21 sednare
538 794 42 21 och
597 794 84 22 säledes
697 798 78 24 antaga
790 797 82 24 preste-

125 828 98 23 ständets
239 829 135 28 inbjudning.
407 829 134 28 Derigenom
558 828 69 21 skulle
643 828 21 21 vi
679 829 32 20 uti
726 828 147 29 ifrägavaran-

124 863 28 21 de
175 863 122 21 hänseende
316 863 92 27 komma;
427 871 35 13 om
481 863 19 26 ej
518 862 34 21 till
568 863 37 20 det
620 863 67 27 bästa;
703 863 24 21 sä
742 862 130 21 åtminstone

125 897 33 21 till
173 897 67 28 nägot
256 897 69 21 bättre
339 898 27 20 än
382 897 36 22 det
433 897 141 21 närvarande.

194 936 59 22 Herr
268 934 26 25 O.
309 936 25 22 F.
351 935 140 30 Grönberg
511 934 103 24 förenade
630 937 34 28 sig
679 937 6 21 i
701 934 42 24 allo
759 936 49 21 med
823 935 51 23 herr

126 970 89 22 Hildén:
494 994 1 3 .

195 1010 58 21 Herr
268 1007 87 25 Holm:
392 1007 35 25 Då
445 1011 147 28 lagutsköttet
609 1010 54 22 efter
682 1007 95 25 erhållen
795 1007 78 26 remiss

126 1045 49 22 från
191 1044 100 29 samtliga
305 1045 90 21 stånden
410 1045 58 21 först
483 1045 135 21 behandlade
634 1045 141 21 förevarande
787 1045 86 26 ärende;

126 1079 138 21 utarbetades
280 1079 152 27 betänkandet,
448 1079 68 28 enligt
531 1079 120 22 utskottets
667 1079 77 27 beslut,
760 1079 7 21 i
782 1079 37 21 det
831 1079 44 28 syf-

126 1116 30 25 te,
175 1116 30 18 att
223 1113 60 22 såväl
302 1113 162 29 kyrkoplikten,
480 1113 7 21 i
503 1114 74 26 hvarje
593 1114 63 26 form,
673 1121 46 14 som
734 1113 91 29 afgiften
841 1113 34 21 till

126 1147 85 29 kyrkan
235 1147 69 21 skulle
323 1148 119 27 försvinna;
462 1148 72 22 såsom
550 1148 27 28 $$
595 1149 9 19 1
622 1148 41 21 och
678 1147 12 21 3
706 1148 7 21 i
729 1147 146 22 betänkandet

126 1181 116 27 innehålla,
264 1184 52 18 utan
338 1185 32 18 att
392 1182 108 22 utskottet
518 1182 68 29 ansåg
605 1182 67 28 några
690 1182 137 22 föreskrifter
841 1181 34 21 till

128 1215 159 29 kyrkotuktens
302 1216 190 28 upprätthållande
507 1217 23 19 af
544 1220 30 17 ett
589 1215 53 22 eller
657 1220 66 17 annat
738 1216 47 28 släg
800 1215 8 21 i
824 1216 51 21 stäl-

127 1250 30 21 let
172 1250 119 26 erfordras;
306 1258 48 14 men
370 1251 37 21 vid
420 1252 109 26 justering
544 1250 24 20 af
581 1250 145 22 betänkandet
740 1249 135 22 främställde

127 1284 172 28 presteständets
315 1285 137 21 medlemmar
468 1285 7 21 i
490 1285 109 21 utskottet
614 1284 41 22 den
671 1285 93 27 mening;
779 1286 32 19 att
825 1291 51 14 man

129 1318 66 22 borde
215 1319 6 20 i
241 1318 145 22 betänkandet
404 1319 82 21 insätta
500 1322 32 18 ett
548 1319 126 28 stadgande,
691 1318 76 22 sådant
781 1322 48 17 som
843 1318 34 21 in=

128 1352 96 22 nehälles
240 1353 7 20 i
263 1353 12 27 &
290 1353 19 27 2,
325 1353 83 21 hvilket
423 1352 42 22 ock
480 1353 88 21 skedde.
599 1352 176 22 Presteständets
786 1352 90 28 depute-

128 1387 51 21 rade
202 1387 91 21 anförde
311 1388 109 27 nemligen
439 1387 74 21 säsom
529 1387 47 21 skäl
592 1386 79 28 dertill,
687 1390 32 18 att
733 1386 26 22 de
774 1386 103 22 befarade

128 1424 33 18 att
175 1421 41 28 81,
233 1429 34 13 om
282 1420 166 29 kyrkopliktens
461 1420 141 27 afskaffande,
614 1420 64 28 eljest
689 1420 48 22 icke
749 1420 70 22 skulle
830 1420 47 22 vin-

127 1462 28 14 na
173 1455 128 22 ständernes
320 1455 67 22 bifall.
426 1456 46 21 Det
490 1455 91 22 sålunda
596 1454 114 23 tillkomna
725 1453 151 31 stadgandet
867 1449 14 39 i
