1031 1700
798 124 40 22 155

110 185 177 31 jordlägenheter
305 186 38 20 äro
362 192 78 21 genom
460 184 136 28 stadganden
614 184 49 22 med
681 185 186 30 grundlagshelgd

113 220 93 27 fritagne
222 220 46 20 frän
284 218 153 29 skyldigheten
453 222 32 18 att
500 219 87 28 deltaga
602 220 7 19 i
625 219 242 29 skjutsningsbesväret,

112 254 85 21 hvilket
215 253 96 21 deremot
329 253 48 21 icke
396 254 23 20 är
439 253 61 21 fallet
518 254 49 20 med
583 253 125 22 industriela
723 254 144 30 inrättningar

113 288 42 21 och
170 287 189 27 landthandlande,
375 288 26 20 de
416 287 39 21 der
471 287 79 21 besitta
565 287 133 29 rättigheter,
714 295 46 14 som
771 288 96 22 tillkom-

112 322 41 22 mit
175 323 28 28 pä
222 322 157 22 administrativ
398 322 44 28 väg
460 325 56 18 samt
536 322 64 21 äfven
615 322 67 21 borde
697 322 28 28 pä
740 322 67 22 sädan
822 324 45 28 väg

113 356 75 22 kunna
203 357 122 27 upphäfvas
341 356 40 21 och
397 356 129 21 modifieras.
556 352 74 25 Äfven
646 364 26 14 en
687 364 70 14 annan
772 358 95 20 omstän-

114 390 76 29 dighet
205 394 38 25 tog
259 390 104 21 utskottet
377 385 78 26 härvid
470 390 8 21 i
492 390 150 27 betraktande,
655 390 107 29 nemligen
774 390 49 28 den,
835 393 32 19 att

111 424 204 29 jordlägenheterna
333 424 65 22 redan
418 432 52 13 vore
489 424 49 21 med
558 424 82 22 skatter
656 424 32 22 till
703 428 70 19 staten
788 428 79 26 ytterst

114 459 129 28 betungade,
264 458 76 22 medan
363 458 97 22 deremot
477 458 129 22 industriela
623 458 143 30 inrättningar
785 459 82 29 ätnjöte

115 492 52 23 flere
183 492 246 30 företrädesrättigheter
444 492 42 22 och
502 492 115 28 förmåner,
632 492 114 22 deribland
761 493 42 22 den
817 494 51 21 lättv

114 527 45 27 het,
182 527 103 21 hvarmed
307 527 27 21 de
356 526 82 22 erhölle
460 527 36 21 län
516 527 48 21 frän
583 530 71 18 staten
673 526 46 22 dels
741 527 56 28 med,
819 525 48 24 dels

114 564 51 20 utan
181 562 68 27 ränta,
265 565 58 18 utom
339 561 67 22 andra
421 561 102 27 fördelar,
538 569 47 13 som
600 560 196 23 industriidkarene
808 565 60 18 vetat

115 595 105 22 förskaffa
238 597 34 26 sig
287 596 28 28 pä
331 595 26 22 de
372 595 68 22 andra
455 595 226 22 samhällsklassernas
695 596 128 27 bekostnad,
837 596 32 21 el-

114 630 33 21 ler
165 630 32 21 till
216 630 63 21 deras
298 629 68 22 skada
385 630 41 21 och
445 630 145 28 förfäng,:om
602 631 39 28 jag
657 630 23 21 sä
695 630 32 21 får
741 633 59 26 yttra
815 631 52 28 mig,

114 668 53 18 utan
182 668 31 18 att
228 672 61 14 anses
305 665 99 28 begagna
420 664 74 22 alltför
510 664 67 21 härda
592 664 41 21 och
649 665 87 28 stränga
751 665 46 27 ord,
813 665 56 21 hvil-

114 699 39 21 ket
171 699 27 28 pä
216 699 54 21 intet
288 699 43 20 sätt
349 699 24 20 är
387 699 45 21 min
447 699 80 28 afsigt.
558 697 45 30 Jag
618 699 51 21 ville
683 699 184 29 hufvudsakligen

115 733 123 27 framhälla,
254 735 31 18 att
303 733 78 28 mänga
396 733 24 20 af
433 732 27 21 de
476 732 254 29 företrädesrättigheter,
745 741 47 14 som
806 733 62 22 kom-

116 767 39 21 mit
177 767 27 22 de
226 767 127 21 industriela
375 767 172 28 inrättningarne
568 767 34 20 till
624 767 42 27 del,
689 775 52 14 vore
759 768 25 21 af
799 767 69 22 sädan

115 801 150 22 beskaffenhet
287 804 31 18 att
339 801 27 21 de
384 801 72 21 kunde
475 801 29 28 pä
523 801 157 21 administrativ
699 802 43 27 väg
757 801 110 29 ätertagas

116 836 53 21 eller
191 836 124 28 begränsas,
334 835 126 29 isynnerhet
478 843 35 13 om
529 835 69 28 begge
614 836 166 21 statsmakterne
795 835 74 23 dertill

115 908 38 24 pet
175 904 40 21 och
239 904 73 21 adelns
336 904 112 28 samtycke
468 904 54 21 söka
541 907 31 17 att
591 904 111 28 upphäfva
717 903 60 22 detta
791 904 76 24 ständs

115 938 129 21 omnämnde
259 938 144 28 privilegium,
419 945 47 14 som
481 937 39 22 har
535 937 66 29 helgd
617 939 25 20 af
653 937 114 29 grundlag.

184 978 57 21 Herr
257 977 143 25 Sundman:
438 977 32 22 Pä
489 979 43 20 sätt
550 978 68 21 under
633 978 152 21 diskussionen
800 978 67 22 redan

116 1013 91 26 anförts,
222 1013 68 20 finner
305 1013 63 20 äfven
381 1013 39 28 jag
436 1015 30 18 att
482 1012 106 21 utskottet
602 1012 49 21 lätit
666 1019 25 14 en
707 1012 49 22 svär
767 1011 102 23 inkonse-

116 1054 68 21 gvens
203 1047 86 20 komma
308 1047 33 28 sig
359 1047 34 20 till
412 1047 49 26 last,
480 1046 29 21 dä
528 1046 106 21 utskottet
652 1047 46 20 frän
713 1046 154 28 skyldigheten

115 1085 32 18 att
169 1081 86 28 deltaga
277 1081 7 21 i
306 1081 236 28 skjutsningsbesväret
565 1081 128 28 undantagit
712 1080 156 23 frälsesäterier

116 1115 48 22 med
187 1115 51 21 flere
260 1116 3 20 i
283 1123 62 13 mom.
363 1116 10 20 1
394 1115 142 28 uppräknade
555 1115 132 28 lägenheter,
706 1122 49 14 men
769 1115 99 22 deremot

115 1151 76 27 längre
206 1150 54 20 fram
276 1150 96 20 förordat
387 1152 31 18 att
433 1152 30 18 ett
478 1150 78 26 sädant
570 1149 115 29 äliggande
701 1149 70 21 skulle
787 1149 83 22 ähvälf-

116 1192 38 14 vas
177 1184 149 26 lotshemman,
350 1184 55 20 bruk
427 1184 40 20 och
488 1183 68 23 andra
578 1183 126 21 industriela
725 1184 145 28 inrättningar

116 1222 56 18 samt
190 1218 190 26 landthandlande,
398 1218 76 21 hvilka
493 1218 63 21 äfven
572 1218 94 22 derifrän
682 1218 87 28 ätnjutit
785 1218 85 21 befriel-

116 1260 22 16 se
153 1252 68 21 under
237 1252 153 28 förutsättning
405 1255 31 17 att
451 1253 18 27 ej
486 1252 67 21 heller
568 1252 68 21 blifva
648 1252 48 21 med
708 1254 31 19 ett
750 1251 53 22 slikt
815 1258 54 14 onus

117 1287 127 28 betungade.
282 1286 39 21 Ett
340 1286 128 22 förändradt
483 1286 135 22 förhållande
633 1286 128 21 härutinnan
777 1285 70 21 skulle
862 1286 8 21 i

115 1322 43 20 alla
176 1322 63 20 dessa
258 1320 36 22 fall
313 1320 66 21 hafva
397 1328 82 13 samma
498 1320 83 28 påföljd
596 1320 52 21 eller
663 1320 124 28 minskning
802 1320 7 20 i
825 1320 44 21 för-

114 1356 151 27 mögenheten,
288 1354 69 22 såsom
381 1355 24 21 af
423 1354 48 22 herr
488 1354 115 22 Frenckell
623 1355 97 21 närmare
740 1354 128 22 framhållits

116 1389 39 21 och
177 1390 5 20 i
202 1389 87 21 hvilken
311 1389 79 20 talares
410 1388 161 29 slutpåstående
590 1392 55 18 samt
664 1388 99 29 yttrande
779 1388 6 21 i
802 1388 67 28 öfrigt

113 1425 37 28 jag
166 1423 6 23 i
189 1423 42 22 allo
247 1424 84 21 förenar
346 1423 51 28 mig,
