1031 1700
793 141 39 21 147

174 200 58 24 Herr
253 202 130 22 Juselius:
423 203 46 27 Jag
491 206 63 24 tager
576 203 44 27 mig
643 202 92 22 friheten
758 203 101 23 hemstäl-

105 234 30 30 Ja,
154 240 31 18 att
200 237 85 21 ståndet
300 237 65 21 måtte
381 238 6 20 i
404 237 49 21 dess
470 236 74 22 helhet
560 237 115 27 godkänna
691 238 117 21 utskottets
824 233 35 27 be-

106 271 118 27 tänkande,
247 271 68 28 enligt
338 271 84 21 hvilket
445 270 42 22 den
507 270 79 29 nådiga
606 272 163 27 propositionen
789 272 70 22 skulle

106 305 129 22 oförändrad
259 309 88 24 antagas
370 308 56 18 samt
448 306 71 20 såsom
543 305 163 28 önskningsmäl
735 306 124 22 framhållas

105 339 27 21 de
152 340 149 28 förändringar
319 339 107 21 utskottet
445 339 121 29 föreslagit.
602 338 40 22 Ett
661 340 78 28 tillägg
758 340 50 22 ville
821 342 38 28 jag

105 373 68 22 likväl
190 376 59 26 göra.
279 373 44 21 Det
339 375 22 19 är
377 374 107 28 nemligen
501 374 30 20 uti
547 374 12 28 &
574 374 26 20 41
617 374 109 28 stadgadt,
742 378 32 18 att
789 383 70 20 press-

106 406 168 30 Ofverstyrelsen
298 408 40 21 och
361 408 185 21 ombudsmannen
570 416 39 20 ega
632 412 31 18 att
683 409 92 29 belägga
794 410 65 20 skrift

105 442 49 21 med
177 442 103 28 gvarstad
301 442 66 21 innan
385 442 43 21 ätal
448 444 58 19 emot
524 442 125 21 densamma
663 442 38 22 vid
716 443 94 22 domstol
826 448 33 17 ut-

105 477 65 21 föres.
203 473 36 24 Dä
257 484 28 13 nu
300 484 26 14 en
342 476 67 21 sädan
424 476 60 21 makt
499 476 42 21 och
557 476 127 28 myndighet
701 477 72 21 blifvit
788 486 71 19 press-

106 510 169 29 öfverstyrelsen
294 510 40 22 och
353 510 50 22 dess
422 511 143 21 ombudsman
585 507 145 31 förbehållen,
745 520 62 13 anser
819 514 39 27 jag

105 545 42 21 den
166 545 111 21 föreskrift
296 544 70 22 tillika
385 544 53 22 böra
454 544 86 29 inflyta,
556 548 31 18 att
602 552 34 14 om
653 545 120 22 domstolen
789 546 69 21 finner

106 579 49 22 dem
175 579 64 22 deraf
255 579 64 21 hafva
339 579 108 28 begagnat
462 579 35 28 sig
513 583 51 17 utan
580 579 28 21 all
624 579 117 29 anledning
756 580 40 21 och
812 581 7 20 i
835 588 23 13 o-

106 613 88 29 trängdt
209 614 52 27 mäl,
277 614 26 21 de
319 613 52 22 böra
387 621 52 13 vara
454 612 101 29 skyldige
571 617 31 18 att
617 613 77 22 stända
709 613 100 30 lämpligt
821 622 37 15 an-

106 655 50 14 svar
179 651 54 18 samt
256 648 83 28 utgifva
357 647 199 29 skadeersättning,
575 648 29 27 pä
621 647 38 22 det
677 648 90 21 sälunda
785 649 72 28 nägon

105 683 94 28 motvigt
220 683 35 20 mä
275 682 115 21 förefinnas
408 685 46 17 mot
473 681 109 22 missbruk
597 682 24 21 af
633 682 94 21 nämnda
741 682 60 21 makt
816 683 41 21 och

105 716 134 29 myndighet.
277 716 107 23 —Skriftens
408 716 113 21 författare
544 715 79 22 saknar
644 716 62 28 eljest
728 717 39 20 allt
785 716 72 29 skydd

105 754 46 17 mot
169 750 127 29 godtycket,
317 751 51 20 enär
387 749 131 28 gvarstaden
533 749 109 22 meddelas
658 751 63 20 innan
737 751 65 21 mälet
817 751 40 22 hos

105 785 122 21 domstolen
244 785 108 20 förevarit.

174 824 57 21 Herr
245 824 88 21 Holm:
363 823 44 22 Det
425 831 27 14 nu
473 824 124 27 föreslagna
615 824 101 29 tillägget
731 831 65 22 synes
812 825 45 28 mig

105 857 146 29 Ofverflödigt,
271 858 28 21 dä
317 858 36 21 det
373 858 70 21 tillika
463 859 24 20 är
502 858 109 28 stadgadt,
627 861 31 18 att
673 859 64 21 målet
752 859 55 21 skall
823 859 34 21 till

106 893 77 28 ätgärd
198 893 36 20 vid
251 892 92 21 domstol
356 893 102 25 anmälas,
470 897 56 16 samt
538 892 119 21 domstolen
670 893 35 20 väl
718 893 96 21 kommer
826 897 31 17 att

105 927 7 20 i
133 927 154 28 sammanhang
309 926 47 21 med
375 926 37 21 det
430 926 90 28 slutliga
536 927 92 28 utslaget
642 927 100 20 meddela
756 927 101 28 yttrande

105 960 111 29 angående
236 960 36 21 det
287 960 130 21 skadestånd
434 961 41 20 och
491 960 42 21 den
548 961 309 28 rättegängskostnadsersätt:

105 998 54 25 ntng
174 995 123 28 nägondera
313 998 74 25 parten
404 995 42 20 kan
461 994 71 21 finnas
548 994 87 29 skyldig
651 998 30 17 att
697 995 90 28 utgifva.

174 1033 57 22 Herr
245 1034 131 21 Juselius:
400 1035 44 20 Det
459 1034 43 21 kan
514 1034 67 21 likväl
592 1034 48 21 icke
652 1034 113 28 bestridas,
777 1038 32 18 att
821 1035 36 22 be-

105 1068 71 21 stämd
197 1068 111 21 föreskrift
325 1069 7 20 i
348 1068 155 28 författningen
520 1069 78 20 saknas
613 1068 74 22 derom
703 1072 31 17 att
749 1070 108 27 öfversty-

105 1103 70 21 relsen
195 1103 40 20 och
255 1102 50 22 dess
324 1102 142 21 ombudsman
481 1102 7 21 i
505 1102 80 21 sädana
601 1103 36 20 fall
654 1103 61 20 skola
731 1110 51 13 vara
797 1103 60 28 skyl-

105 1137 50 28 dige
175 1140 31 18 att
217 1138 80 20 ersätta
310 1136 91 21 kostnad
415 1136 41 21 och
474 1136 68 21 skada
554 1136 40 21 och
606 1137 66 27 nägot
686 1136 120 29 stadgande
821 1145 36 13 om

106 1179 80 13 ansvar
201 1171 33 21 för
249 1171 48 20 dem
312 1170 67 21 finnes
396 1171 48 21 icke
460 1170 67 22 heller
543 1174 73 17 utsatt.
648 1170 45 28 Jag
709 1178 62 14 anser
786 1171 71 21 derfö-

104 1213 24 13 re
151 1208 32 18 att
205 1205 67 26 böter,
291 1205 99 27 lämpade
410 1205 55 20 efter
480 1204 26 21 de
522 1205 7 20 i
545 1204 67 28 öfrigt
627 1204 6 21 i
650 1205 154 27 författningen
822 1206 35 20 be

105 1239 85 21 stämda
205 1239 178 27 bötesbeloppen,
400 1238 66 22 borde
482 1238 34 21 för
532 1238 74 28 dylika
621 1238 100 28 ätgärder
735 1239 7 20 i
754 1238 103 28 oträngdt

104 1273 44 21 mål
171 1273 118 21 fastställas
312 1276 55 18 samt
385 1271 79 22 sådant
481 1280 52 13 vara
552 1273 24 20 af
592 1272 87 28 skyldig
698 1272 100 21 omtanke
821 1279 35 15 om

104 1308 151 20 författarenes
271 1308 42 20 rätt
328 1305 142 29 nödvändigt.

174 1341 71 23 Sedan
261 1341 50 21 herr
326 1341 151 20 talmannen
490 1340 53 21 härå
558 1340 76 28 frågat,
650 1339 107 21 buruvida
771 1340 86 22 ståndet

104 1373 97 23 önskade
219 1378 31 18 att
266 1374 146 22 betänkandet
427 1375 47 21 icke
490 1374 70 21 skulle
576 1375 13 27 &
606 1375 32 19 för
654 1374 12 28 &
682 1374 33 21 till
731 1374 125 22 diskussion

103 1412 116 26 upptagas,
237 1412 52 18 utan
307 1409 7 21 i
333 1409 32 21 sin
383 1409 73 21 helhet
475 1408 128 27 behandlas,
626 1411 55 18 samt
696 1408 94 28 jakande
806 1415 50 15 svar

104 1444 98 28 afgifvits
217 1444 13 20 å
241 1443 70 22 denna
325 1443 174 28 framställning,
510 1442 85 28 yttrade
611 1442 73 22 vidare
