1031 1700
207 80 40 20 160

177 148 72 21 bättra
267 146 244 28 kommunikationerne,
530 144 41 24 och
590 146 59 22 detta
668 146 125 22 sträfvande
811 146 68 22 mästö
894 143 35 25 väl

177 184 91 25 antagas
287 181 86 21 komma
392 180 39 22 allt
450 180 74 22 vidare
543 184 31 18 att
590 180 78 29 fortgä.
703 180 53 22 Man
772 181 39 21 har
827 181 48 21 sökt
891 183 38 25 att,

177 215 72 21 sävidt
271 215 85 29 möjligt
378 216 30 27 är,
428 215 68 21 befria
513 214 158 29 landsvägarne
691 215 128 21 ätminstone
837 215 46 21 frän
903 215 26 21 de

178 250 69 22 större
269 250 108 21 backarme
400 249 41 21 och
460 252 32 18 att
509 249 8 21 i
536 249 117 21 allmänhet
671 249 59 21 hålla
745 250 94 28 vägarne
854 249 7 21 i
876 248 54 29 godt

178 284 70 27 skick,
266 284 83 21 hvilket
365 284 63 21 äfven
444 284 6 20 i
466 284 71 28 nägon
553 282 48 22 män
617 283 69 21 mäste
702 284 69 20 lindra
786 284 144 28 skjutsnings-

178 321 89 25 tungan,
289 319 51 20 enär
359 318 135 28 skjutsandet
512 317 124 29 derigenom
656 318 42 21 blir
713 318 82 21 mindre
811 318 119 28 besvärligt

178 352 41 21 och
242 352 33 20 för
298 352 101 21 hästarne
418 352 82 21 mindre
519 352 135 28 päkostande
673 352 40 21 och
730 352 81 28 farligt.
847 352 83 21 Vidare

178 386 39 21 har
237 386 246 27 sjökommunikationen
502 386 7 21 i
528 386 83 21 landets
630 386 47 21 inre
692 386 60 21 delar
768 386 71 22 blifvit
854 386 76 28 betyd-

178 420 41 28 ligt
233 420 68 21 lättad
317 427 77 21 genom
410 428 42 20 nya
467 420 103 21 farleders
587 420 116 28 öppnande
718 420 41 22 och
775 420 153 28 vattudragens

178 454 142 22 förbindande
335 454 48 21 med
400 454 120 21 hvarandra
535 454 40 21 och
591 454 49 21 med
655 454 81 28 hafvet,
751 454 84 22 hvilket
849 454 81 22 förhäl-

178 488 63 22 lande
257 488 138 29 naturligtvis
411 488 97 21 kommer
522 491 32 18 att
569 488 97 22 alltmera
681 489 119 27 utvecklas,
813 489 40 21 och
865 489 64 21 hvar-

177 523 88 29 igenom
284 523 103 21 behofvet
402 524 21 20 at
438 522 144 28 skjutshästar
596 522 67 22 måste
679 523 7 21 i
701 523 81 21 sådana
797 523 80 21 trakter
893 530 36 13 an:

178 558 98 28 senligen
295 557 95 22 minskas
410 557 12 21 ä
440 557 42 21 den
497 557 31 21 tid
543 557 24 21 af
580 557 45 21 äret
640 557 28 21 dä
683 558 245 27 sjökommunikationen

178 591 43 22 kan
244 592 117 29 begagnas,
385 591 124 28 isynnerhet
528 591 66 22 sedan
613 592 55 21 efter
687 591 57 22 hand
759 591 51 22 flere
825 591 104 28 ängbätar

178 626 87 28 uppstä,
284 626 75 21 hvilka
377 625 101 22 befordra
496 625 90 22 trafiken
602 625 28 29 pä
645 628 31 19 ett
692 627 33 20 för
741 625 122 22 densamma
878 625 51 22 vida

178 660 129 27 begvämare
323 659 41 22 och
380 660 168 28 fördelaktigare
564 660 48 21 sätt.
645 653 284 35 Ängbätskommunikatio*

178 702 41 13 nen
241 694 63 29 längs
323 694 85 21 landets
427 694 48 21 hela
493 695 50 20 kust
561 697 55 18 samt
634 694 42 21 den
693 694 65 21 sedan
774 702 25 14 en
815 694 32 21 tid
862 694 66 21 redan

178 728 85 29 färdiga
279 729 119 28 jernvägen
417 728 90 21 emellan
525 728 69 21 denna
613 728 48 21 stad
677 728 41 21 och
734 728 133 21 Tavastehus
883 728 47 21 hafs

178 770 28 14 va
228 763 128 28 visserligen
379 763 66 20 ocksä
467 763 48 20 icke
537 763 24 20 sä
582 763 47 20 litet
651 762 96 29 bidragit
769 763 32 20 till
819 762 82 21 lättnad
922 762 7 21 i

178 797 225 28 skjutsningstungan.
437 796 84 22 Genom
541 796 35 21 det
594 804 28 13 nu
638 797 92 20 anförda
745 797 38 20 har
795 797 38 28 jag
848 797 18 27 ej
883 796 47 21 haft

179 831 35 21 för
229 831 66 28 afsigt
310 833 31 18 att
353 831 119 20 framställa
484 831 40 20 den
536 830 64 29 äsigt,
612 833 31 18 att
655 830 214 29 skjutsningstungan
881 831 48 20 icke

178 873 53 13 vore
250 865 33 21 för
301 865 85 21 landets
402 865 106 28 jordbruk
524 865 126 28 tryckande,
666 873 47 13 men
727 865 38 28 jag
780 865 38 20 bar
833 865 50 21 sökt
897 865 32 20 vi-

179 907 24 14 sa
225 903 32 17 att
278 899 60 22 detta
361 899 83 27 besvär,
467 899 66 21 ehuru
553 899 36 21 det
608 899 28 28 pä
654 907 27 13 en
697 899 34 21 del
747 903 57 17 orter
819 899 42 21 kan
877 906 52 13 vara

179 933 83 28 ganska
281 933 144 29 betungande,
443 933 67 21 likväl
528 933 28 28 pä
571 933 37 21 det
623 933 49 21 hela
687 936 59 25 taget
761 933 47 22 icke
824 934 23 20 är
862 933 67 28 nägot

179 969 24 20 sä
224 968 60 21 svärt
301 975 62 18 onus,
381 975 47 14 som
447 975 48 14 man
514 968 7 21 i
540 967 117 22 allmänhet
672 967 76 28 tyckes
764 967 109 22 föreställa
888 967 40 28 sig.

178 1003 45 20 För
244 1002 67 29 öfrigt
333 1009 65 21 synes
420 1002 44 27 mig
487 1009 25 14 en
534 1002 96 28 lindring
653 1001 128 21 härutinnan
804 1001 125 28 lämpligast

178 1037 73 20 kunna
269 1035 159 22 ästadkommas
444 1036 96 27 sälunda,
556 1039 31 17 att
602 1044 26 12 en
644 1035 35 22 del
696 1037 23 20 af
733 1035 195 27 bränvinsskatten,

178 1071 89 20 såframt
286 1070 163 28 lagstiftningen
470 1070 74 21 härom
560 1070 97 21 kommer
673 1073 31 18 att
718 1070 78 21 ordnas
811 1070 6 21 i
833 1069 36 22 det
884 1069 45 28 syf-

177 1108 22 17 te
221 1105 138 28 regeringens
378 1105 6 20 i
406 1105 71 20 ämnet
495 1104 33 21 till
547 1104 113 21 ständerne
677 1105 82 20 aflätna
774 1104 81 28 förslag
869 1105 60 19 inne-

178 1139 75 27 håller,
269 1139 69 21 skulle
354 1139 86 21 anvisas
457 1139 21 21 ät
493 1139 105 28 styrelsen
614 1139 35 21 för
664 1142 31 18 att
710 1139 109 21 användas
831 1139 32 21 till
876 1138 54 21 hälle

178 1174 161 28 skjutsningens
359 1173 106 21 ställande
482 1173 27 28 pä
524 1173 141 28 entreprenad
681 1173 12 21 ä
708 1173 27 21 de
750 1176 64 24 orter,
829 1180 46 14 som
892 1173 37 19 äro

178 1208 25 21 af
215 1208 237 28 skjutsningsbesväret
468 1210 54 18 mest
537 1207 144 27 betungande.
719 1206 87 22 Sådana
821 1210 108 24 entrepre:

177 1242 67 21 nader
259 1242 62 21 torde
337 1242 107 27 nemligen
460 1242 61 28 eljest
536 1242 76 20 endast
627 1241 156 29 undantagsvis
799 1241 85 21 komma
896 1240 34 21 till

178 1275 70 27 stånd,
271 1276 51 20 enär
342 1276 107 28 allmogen
469 1276 28 27 pä
515 1276 78 28 många
612 1280 57 16 orter
684 1276 48 20 icke
748 1282 63 22 synes
827 1282 50 14 vara
894 1274 35 22 be:

177 1310 70 28 nägen
267 1312 31 18 att
314 1310 104 28 befrämja
433 1310 63 21 deras
511 1310 123 27 uppkomst,
651 1310 84 20 hvilket
749 1310 64 20 äfven
829 1308 101 22 framhäl-

177 1344 36 20 lits
229 1344 6 20 i
251 1344 117 20 utskottets
383 1344 143 27 betänkande,
542 1351 45 14 som
602 1344 83 20 utvisar
701 1346 36 24 att,
753 1344 7 20 i
776 1343 117 27 anledning
908 1344 25 20 af

177 1377 74 22 derom
274 1377 65 22 väckt
361 1378 62 28 fråga
445 1378 25 21 af
488 1378 135 29 regeringen,
646 1378 27 22 de
692 1377 236 30 skjutsningsskyldige
