1031 1700
199 99 42 21 346

170 160 226 22 Tammerforsbanan.
426 160 82 22 Vidare
523 168 65 21 synes
604 168 50 13 man
670 160 73 22 kunna
755 163 85 26 antaga,
853 164 30 18 att
895 161 32 21 in-

170 195 127 21 komsterna
319 195 63 21 skola
405 194 67 22 blifva
494 196 70 20 större
583 196 24 19 af
622 194 80 22 Lahtis
723 196 67 20 banan
806 196 26 20 än
849 196 23 20 af
884 196 42 20 den

171 228 144 28 sistnämnda,
334 233 31 24 ty,
381 229 71 21 såsom
468 228 66 22 redan
552 228 71 21 blifvit
639 229 130 27 framhället,
785 230 84 20 komme
884 230 42 20 den

171 266 32 20 att
217 266 98 26 upptaga
331 263 146 28 produkterna
493 263 47 21 från
557 270 25 14 en
599 263 88 28 mycket
699 263 157 22 vidsträcktare
868 264 58 21 trakt

172 298 28 21 än
222 297 43 22 den
284 298 67 21 andra
371 298 75 21 banan.
484 297 78 21 Fäster
581 305 48 13 man
645 297 47 21 åter
707 298 104 21 särskildt
826 298 100 21 afseende

172 332 29 28 på
215 332 28 21 de
258 331 126 28 produkter,
400 339 45 13 som
461 331 73 21 kunna
550 331 68 21 blifva
633 332 90 20 föremål
739 332 33 21 för
781 333 146 27 jernvägstra-

172 366 59 21 fiken
253 366 41 21 hos
317 373 43 19 oss,
383 366 24 21 så
429 366 73 28 intaga
524 366 218 28 skogsprodukterna
764 366 112 22 deribland
896 370 31 17 ett

172 399 146 23 framstående
332 407 54 19 rum,
406 408 34 13 om
456 400 47 21 icke
518 400 33 20 till
568 400 40 21 och
625 400 49 21 med
690 400 37 21 det
741 400 95 28 främsta,
852 400 39 21 och
905 402 24 20 af

172 434 60 21 detta
246 434 60 28 slags
321 434 119 28 produkter
455 434 61 21 torde
532 438 51 17 utan
599 435 128 27 gensägelse
742 435 109 21 trakterna
864 436 62 26 kring

172 468 91 28 Päijäne
285 468 74 22 kunna
377 468 68 21 aflåta
464 468 50 21 vida
533 476 59 14 mera
607 470 27 20 än
651 469 111 21 trakterna
777 469 36 21 vid
829 469 26 21 de
871 473 56 17 vest-

173 502 174 22 Tavastländska
370 503 162 28 vattendragen.
568 502 13 21 I
603 504 102 20 afseende
727 504 12 20 å
761 504 166 28 ladugårdspro-

173 537 108 21 dukterna
299 538 24 20 är
341 537 145 21 förhållandet
500 538 126 20 detsamma.
664 537 65 21 Fvad
746 538 101 21 beträffar
862 538 65 20 alster

173 572 25 21 af
215 571 136 28 jordbruket,
375 572 23 21 så
420 575 46 18 tror
485 573 38 26 jag
546 575 32 18 att
596 571 177 28 Päijänetrakten
791 573 63 20 deraf
870 573 56 20 skall

173 606 75 21 kunna
266 606 67 21 aflåta
351 606 45 21 lika
412 607 86 28 mycket
514 613 46 14 som
576 609 88 18 orterna
679 607 28 27 på
721 607 37 21 det
773 607 66 21 andra
854 607 72 26 hållet,

173 643 24 26 ty
219 641 64 20 äfven
306 640 38 21 der
361 641 69 20 finnas
451 640 91 29 bördiga
562 641 39 21 och
622 641 112 21 sädesrika
749 641 86 21 trakter.
865 640 61 29 Taga

173 674 22 21 vi
215 674 46 21 åter
279 674 7 21 i
306 674 141 21 betraktande
466 675 117 20 tillförseln
603 675 32 20 till
655 675 26 21 de
697 675 71 28 bägge
783 675 71 21 skilda
869 675 57 21 trak-

173 711 69 24 terna,
264 709 25 20 så
311 708 42 21 kan
373 709 37 20 det
429 709 91 20 förutses
541 712 31 17 att
591 709 41 20 den
649 709 67 21 måste
733 709 67 21 blifva
815 711 68 19 större
899 710 27 27 på

173 742 78 22 Lahtis
271 743 76 26 banan,
366 743 90 21 emedan
475 751 25 13 en
516 743 69 21 större
601 743 128 28 folkmängd
744 743 84 21 komine
844 747 31 17 att
889 751 37 20 ge-

173 784 51 14 nom
240 777 42 20 den
299 777 68 20 förses
383 777 49 21 med
448 777 46 21 sina
511 777 110 21 behofver.
651 777 78 21 Denna
741 777 66 21 banas
820 777 106 22 företräde

174 811 7 21 i
200 811 139 21 ekonomiskt
357 811 101 22 afseende
478 819 64 20 synes
558 811 44 28 mig
618 811 86 21 derföre
720 812 75 27 gifvet.
825 811 53 22 Man
893 815 33 18 ta-

172 845 33 21 lar
228 845 88 28 mycket
338 853 35 13 om
393 846 156 27 jernvägarnes
572 845 184 29 utomordentliga
779 846 97 27 förmåga
894 849 32 18 att

173 879 115 22 framkalla
311 879 74 28 odling
405 879 40 21 och
464 880 100 27 välmåga
582 880 40 21 der
640 879 27 22 de
683 880 90 28 framgå,
788 887 26 14 en
831 880 96 28 förmåga

173 921 47 14 som
240 914 19 27 ej
281 913 66 22 heller
363 913 42 21 kan
422 913 112 27 bestridas,
549 921 35 14 om
600 913 42 22 ock
657 913 50 22 dess
723 913 136 22 verksambet
878 914 49 21 blif-

173 948 32 21 vit
220 948 67 28 något
302 945 154 24 öfverdrifven.
486 947 51 22 Just
552 955 26 14 en
594 948 68 21 sådan
677 948 95 21 lifvande
787 948 58 21 kraft
856 948 70 21 skulle

173 981 46 22 åter
243 981 106 22 behöfvas
373 983 34 20 för
428 981 28 22 de
475 981 38 22 vid
532 990 64 13 norra
614 982 71 21 ändan
706 983 24 20 af
746 981 89 29 Päijäne
855 983 72 28 beläg-

173 1023 27 14 na
226 1019 97 23 orterna,
351 1016 75 21 hvilka
447 1024 27 13 nu
498 1017 6 20 i
527 1017 77 27 odling
626 1017 35 20 stä
683 1017 108 28 betydligt
814 1017 54 20 efter
889 1025 36 12 an-

173 1050 39 21 dra
227 1050 60 21 delar
303 1051 23 20 af
339 1050 79 21 landet.
456 1046 72 25 Äfven
544 1051 60 20 detta
619 1059 52 12 vore
686 1051 84 20 således
785 1054 31 17 ett
831 1051 46 20 skäl
893 1052 33 20 för

174 1085 70 20 banan
264 1085 33 20 till
316 1084 84 22 Lahtis.
434 1084 44 22 För
494 1085 66 28 öfrigt
576 1085 38 21 vill
628 1085 38 28 jag
677 1085 52 21 icke
745 1085 101 20 anmärka
861 1085 67 28 något

173 1122 59 18 emot
247 1119 70 21 banan
333 1119 33 21 till
383 1118 155 28 Tammerfors,
550 1119 72 21 derest
634 1119 41 21 den
687 1119 41 21 kan
740 1119 81 21 utföras
834 1119 26 28 på
872 1127 55 13 sam-

174 1161 35 13 ma
224 1153 58 29 gång
298 1153 47 21 med
361 1153 41 21 den
419 1154 24 20 af
455 1154 44 28 mig
516 1153 116 21 förordade
645 1154 203 27 bansträckningen,
860 1157 23 25 ty
895 1154 33 20 äf-

173 1196 41 13 ven
237 1188 42 20 den
304 1188 108 21 försvarar
435 1188 134 28 fullkomligt
591 1188 33 20 sin
647 1188 57 28 plats
723 1188 7 20 i
749 1188 78 28 planen
845 1188 32 21 till
897 1191 31 18 ett

173 1222 103 21 framtida
288 1222 143 28 jernvägsnät
446 1222 6 20 i
468 1221 101 22 Finland.

243 1267 114 23 Anmältes
373 1267 41 21 och
430 1271 108 25 emottogs
554 1275 25 13 en
595 1267 128 28 deputation
740 1267 46 21 från
798 1267 130 28 prestestån-

173 1301 44 26 det,
233 1301 78 21 anförd
327 1301 24 21 af
362 1304 89 25 prosten
466 1301 72 21 Julius
550 1301 120 22 Immannel
685 1301 63 29 Berg,
760 1309 46 13 som
818 1301 108 21 meddela-

173 1336 27 21 de
215 1335 99 21 ståndets
330 1335 82 21 fattade
428 1336 70 20 beslut
513 1336 6 20 i
536 1336 117 28 anledning
669 1336 24 20 af
701 1339 153 17 sammansatta
865 1339 63 17 stats-

173 1370 41 21 och
235 1369 249 28 bevillningsutskottets
502 1369 124 29 uppgjorda
641 1369 82 29 förslag
739 1370 33 20 till
789 1369 139 28 bevillnings-

173 1404 79 28 stadga
271 1407 55 17 samt
345 1407 31 17 att
392 1403 85 25 ståndet
492 1404 84 29 antagit
591 1407 154 18 sammansatta
761 1404 44 28 lag-
821 1404 40 21 och
877 1403 51 22 eko-
