1031 1700
798 139 40 21 475

186 202 141 28 Proposition
344 202 6 20 i
366 202 73 21 ämnet
454 201 46 22 blef
514 201 52 21 härå
580 201 122 22 framställd
717 205 55 19 samt
783 201 85 29 inbjud-

118 236 81 28 ningen
221 236 48 22 med
291 236 114 22 obestridd
424 235 110 29 pluralitet
553 238 51 19 utan
623 236 100 28 votering
741 237 24 21 af
781 236 87 22 ståndet

118 273 101 25 antagen.

187 315 106 29 Slutligen
313 316 97 28 företogs
426 315 152 28 ridderskapet
593 315 40 22 och
649 314 75 22 adelns
739 315 8 21 i
762 322 105 14 samman-

116 349 232 30 jemkningsförslaget
363 353 112 25 upptagna
491 349 130 29 inbjudning
636 349 33 21 till
685 348 136 30 underdånig
831 357 37 20 pe-

120 384 63 21 tition
201 392 36 13 om
256 384 145 22 tillsättandet
420 384 24 20 af
456 391 26 14 en
498 383 95 23 särskild
606 384 206 29 jernvägsstyrelse,
827 390 40 14 un-

119 418 39 22 der
173 418 64 22 hvars
248 418 89 28 ledning
346 417 209 29 jernvägsarbetena
568 417 69 21 skulle
649 418 94 25 utföras;
759 425 48 14 men
820 424 47 15 som

120 452 168 29 presteståndet,
310 452 68 28 enligt
400 451 64 22 skedt
486 451 217 29 tillkännagifvande,
726 452 85 21 förenat
833 452 34 28 sig

118 486 50 22 med
187 486 178 29 borgareståndet
384 486 7 20 i
406 486 50 21 dess
472 485 72 22 beslut
560 488 32 18 att
606 486 32 21 uti
653 485 44 21 slik
711 486 92 28 petition
818 485 48 22 icke

120 520 87 30 deltaga
222 521 40 21 och
272 520 80 30 jemväl
364 520 159 21 bondeståndet
536 520 100 21 omfattat
647 520 113 22 enahanda
771 520 94 28 mening,

118 555 91 22 hvilken
225 555 89 22 sålunda
329 554 101 29 utgjorde
446 554 102 22 ståndens
563 553 117 30 pluralitet,
699 554 24 22 så
737 554 81 29 ansågs
833 556 32 19 att

119 589 77 31 dervid
211 589 70 22 skulle
297 588 108 22 förblifva.

187 634 72 23 Sedan
274 634 27 21 de
316 633 186 30 omständigheter
514 635 7 20 i
533 633 333 30 sammanjemkningsförslaget,

120 677 48 14 som
186 669 64 21 rörde
269 668 185 29 borgareståndet,
471 668 88 22 härmed
574 669 72 21 blifvit
661 669 24 21 af
698 669 85 22 ståndet
798 668 68 23 hand-

120 703 71 28 lagde,
214 703 81 22 beslöts
314 706 31 18 att
362 702 203 29 protokollsutdrag
584 710 36 14 om
635 703 27 21 de
678 703 103 28 vidtagna
795 703 72 28 åtgär-

120 737 68 21 derna
205 737 8 21 i
231 738 78 25 ämnet,
328 737 114 22 äfvensom
456 737 7 20 i
478 737 118 28 anledning
612 737 24 21 af
649 737 170 28 presteståndets
834 737 33 20 in-

120 771 107 29 bjudning
249 771 110 29 angående
381 771 77 28 anslag
476 771 33 21 till
528 771 149 22 förbättrande
695 771 25 22 af
731 771 136 22 vattenkom-

120 805 161 23 munikationen
303 805 13 22 å
337 805 57 22 Uleä
412 805 61 22 träsk
492 805 41 22 och
551 805 58 22 Uleä
627 805 36 28 elf,
683 805 70 22 skulle
768 805 97 22 utfärdas

120 839 33 21 till
169 840 100 28 samtliga
283 839 141 22 medständen
440 839 41 22 och
494 839 251 28 expeditionsutskottet,
756 839 32 21 till
800 839 66 22 hvars

120 873 74 22 vidare
209 873 163 30 handläggning
387 873 64 22 dessa
466 874 91 22 ärender
572 873 103 29 derjemte
687 873 179 23 öfverlemnades.

187 913 68 22 Detta
276 913 200 28 protokollsutdrag
495 913 48 23 blef
558 913 53 23 härä
628 916 78 28 genast
721 916 89 26 uppsatt
824 913 42 22 och

121 947 32 22 till
165 947 110 30 justering
291 947 93 30 uppläst.
711 965 4 4 4

188 998 58 24 Herr
265 998 149 23 talmannen
437 999 103 28 föredrog
563 999 151 28 ridderskapet
731 998 41 22 och
790 998 76 23 adelns

120 1033 129 29 inbjudning
270 1033 33 21 till
321 1033 129 28 deltagande
469 1033 7 21 i
495 1033 135 29 underdänig
648 1033 91 28 petition
755 1033 111 28 angäende

120 1067 161 28 soldattorpens
300 1067 122 21 inrättande
438 1067 7 22 i
459 1067 97 29 enlighet
571 1067 49 22 med
634 1067 27 22 de
677 1067 74 22 derom
765 1067 101 28 gällande

119 1101 60 22 äldre
201 1101 153 28 författningar
373 1104 55 18 samt
446 1109 36 14 om
500 1101 143 22 nedsättande
658 1101 24 22 af
694 1109 27 14 en
736 1101 80 22 komitö
832 1102 34 20 för

120 1136 173 28 reorganisation
307 1136 24 21 af
343 1136 211 28 indelningsverket;
577 1136 41 22 och
634 1136 87 22 föreföll
735 1135 76 22 dervid
826 1136 40 21 föl-

116 1170 67 28 jande
197 1170 136 21 diskussion:

187 1203 58 22 Herr
260 1203 166 29 Tengström:
455 1203 171 30 Ifrägavarande
640 1205 77 21 ämnen
733 1205 37 20 äro
787 1204 24 21 af
823 1204 43 21 den

119 1242 60 18 stora
194 1238 42 21 och
251 1238 7 20 i
273 1238 164 22 förhållandena
452 1238 129 28 ingripande
596 1239 55 28 vigt,
663 1242 31 18 att
704 1239 35 21 för
749 1238 63 22 deras
823 1238 43 21 till-

119 1272 168 22 fredsställande
306 1272 87 29 lösning
410 1280 66 21 synes
495 1280 52 15 vara
562 1273 24 21 af
598 1273 72 23 nöden
685 1276 31 18 att
731 1272 26 22 de
772 1272 71 22 blefve
859 1272 8 22 i

119 1306 98 22 ständets
233 1306 99 22 enskilda
343 1307 177 22 besvärsutskott
530 1307 94 22 beredda
638 1308 66 20 innan
716 1306 86 23 ständet
812 1314 55 21 upp-

118 1344 52 26 toge
188 1341 49 21 dem
256 1341 32 21 till
307 1341 109 29 pröfning.
450 1341 81 22 Dertill
546 1342 24 21 är
585 1342 69 20 likväl
668 1348 89 14 numera
771 1340 48 22 icke
834 1340 31 22 tid

119 1376 41 21 och
183 1375 92 21 tillfälle.
312 1376 44 21 Det
373 1375 78 28 tyckes
470 1375 113 23 dessutom
598 1376 42 21 ock
655 1383 51 14 vara
721 1382 44 22 nog
780 1375 87 29 mycket

118 1413 31 18 att
167 1410 29 27 pä
213 1417 26 13 en
255 1409 55 21 enda
325 1410 104 28 landtdag
444 1410 130 28 petitionera
589 1418 35 13 om
637 1409 149 29 jordskattens
801 1409 66 29 aflyf-

118 1444 72 27 tande,
209 1443 295 29 hällskjutsningsbesvärets
520 1444 121 28 lindrande,
657 1444 110 29 reglering
782 1444 25 21 af
818 1451 49 21 pre-
