1031 1700
812 130 39 20 163

122 188 51 23 åren
189 188 108 30 betydligt
312 189 69 27 ökats,
397 190 41 20 och
454 190 56 20 ännu
526 197 45 14 mer
587 190 40 21 blir
642 189 108 23 olikheten
767 192 6 21 i
789 193 84 28 ögonen

122 224 102 27 fallande,
247 231 35 13 om
305 231 47 13 man
372 224 112 26 betänker,
504 224 53 20 huru
578 225 50 27 föga
645 225 134 29 betungande
795 228 79 26 skjuts-

122 259 167 27 ningsbesväret
303 258 6 20 i
325 258 77 28 sjelfva
418 258 75 21 verket
508 266 38 13 var
560 258 28 28 på
603 259 40 20 den
660 259 38 27 tid,
713 260 28 20 då
753 261 120 20 förenämn-

122 292 28 22 de
168 292 109 22 åtskilnad
298 292 89 21 emellan
401 292 203 28 jordlägenheterne
620 294 54 20 först
689 294 102 20 infördes.
830 294 44 28 Jag

123 327 43 21 kan
185 327 85 21 derföre
289 327 18 27 ej
328 326 75 28 frångå
418 326 41 21 den
475 326 57 28 åsigt
548 330 29 17 att
593 327 60 21 såväl
668 328 89 20 rättvisa
773 335 45 13 som
835 328 40 21 bil-

122 361 70 28 lighet
210 360 86 28 påkalla
311 360 27 21 de
353 360 166 28 privilegierade
532 361 214 28 jordlägenheternas
762 362 112 28 deltagan-

123 394 27 22 de
169 395 7 21 i
193 395 66 28 sagde
275 394 83 22 besvär.
395 394 65 21 Hvad
476 394 103 22 särskildt
594 395 67 29 angår
676 396 75 28 frågan
767 396 107 22 huruvida

122 428 93 22 nämnde
232 428 223 28 företrädesrättighet
471 436 86 14 numera
572 429 35 21 må
622 436 61 14 anses
695 430 104 22 innefatta
810 438 64 20 egen-

122 464 55 26 skap
193 464 25 20 af
231 462 114 29 grundlag,
361 463 23 20 så
400 463 38 20 vill
450 463 39 27 jag
505 463 109 21 såtillvida
629 463 96 29 återtaga
740 465 48 20 mitt
799 464 74 22 derom

123 498 84 27 afgifna
225 497 108 29 yttrande,
349 500 30 18 att
392 498 37 27 jag
444 497 7 21 i
467 496 70 22 denna
552 497 35 21 del
603 505 26 13 nu
646 498 47 20 icke
708 498 79 21 uttalar
801 498 72 29 någon

124 531 99 21 bestämd
242 531 63 29 åsigt,
325 531 88 21 emedan
432 530 78 22 sakens
530 531 47 29 vigt
592 531 40 21 och
648 532 147 21 beskaffenhet
809 539 64 21 synes

122 564 75 23 fordra
220 569 30 17 ett
272 566 97 20 närmare
392 564 153 29 begrundande
568 565 24 21 af
611 566 76 21 ämnet.
725 565 149 22 Nästnämnde

124 600 61 28 fråga
205 599 61 21 torde
285 600 33 21 för
337 599 133 21 närvarande
489 600 18 27 ej
524 599 67 21 heller
607 599 92 22 behöfva
714 600 94 28 afgöras,
823 601 52 21 enär

124 634 38 21 det
184 641 27 13 nu
234 634 48 20 icke
305 633 68 28 gäller
392 636 32 18 att
442 633 168 28 tillvägabringa
628 634 71 28 någon
719 633 96 22 bestämd
831 634 43 28 lag,

124 672 52 17 utan
200 670 76 19 endast
295 671 31 17 att
344 668 82 27 afgifva
445 670 30 18 ett
494 668 25 20 af
531 668 126 28 regeringen
673 668 76 21 äskadt
765 668 109 21 utlåtande

125 709 35 14 om
183 701 301 28 skjutsningsskyldighetens
503 701 109 22 ordnande
631 701 28 28 på
677 702 136 29 lämpligaste
831 703 44 20 sätt

123 734 60 23 inom
199 736 26 21 de
241 737 95 27 gränser,
355 743 47 13 som
417 736 7 21 i
440 736 40 21 den
497 735 78 28 nådiga
590 736 162 27 propositionen
767 737 37 20 äro
820 743 55 21 upp-

123 774 73 24 tagne,
220 771 39 20 och
280 771 30 20 uti
330 770 83 21 hvilket
430 769 110 22 utlåtande
557 771 38 27 jag
610 777 62 14 anser
687 770 121 27 ständerne,
823 771 52 20 obe-

124 804 80 21 roende
224 805 24 20 af
265 805 42 20 alla
327 804 97 21 formella
443 804 190 28 omständigheter,
649 804 72 21 kunna
735 805 68 20 uttala
818 805 35 28 sig
867 805 7 20 i

123 838 37 21 det
183 839 63 27 syfte,
271 841 30 18 att
321 838 297 28 skjutsningsskyldigheten,
633 839 33 20 till
685 838 190 21 åstadkommande

124 872 25 21 af
166 880 25 13 en
204 873 95 27 jemnare
316 872 39 21 och
372 873 28 26 på
415 873 100 27 billighet
530 879 58 14 mera
603 872 97 28 grundad
716 872 122 29 fördelning
854 873 24 20 af

124 906 71 21 denna
215 910 73 24 tunga,
309 907 65 20 borde
393 906 121 22 utsträckas
534 907 62 20 äfven
613 907 31 20 till
661 915 27 12 nu
704 907 171 28 ifrågavarande,

124 941 49 20 från
197 940 108 21 besvärets
328 940 120 29 utgörande
471 941 137 27 undantagne
631 941 130 28 lägenheter.
787 940 88 21 .Skulle

123 975 130 28 regeringen
273 975 120 20 sedermera
409 982 50 13 anse
474 974 60 21 detta
549 975 124 20 ständernes
689 972 100 31 yttrande
804 975 72 20 föran-

123 1009 50 20 leda
192 1009 34 20 till
247 1008 92 28 ändring
357 1009 52 20 eller
427 1008 154 28 upphäfvande
597 1009 23 21 af
632 1009 100 28 gällande
747 1009 128 28 grundlags-

125 1041 168 29 bestämningar,
316 1043 23 20 så
358 1043 126 20 ankommer
502 1042 36 21 det
557 1043 28 27 på
600 1043 125 27 regeringen
741 1046 32 17 att
788 1043 87 27 vidtaga

124 1076 27 21 de
170 1077 107 27 åtgärder,
298 1083 46 14 som
360 1078 6 19 i
382 1077 116 28 anledning
513 1077 64 20 deraf
589 1077 73 20 kunna
677 1077 68 21 blifva
761 1076 22 21 af
797 1076 78 21 nöden.

193 1121 58 22 Herr
266 1120 87 24 Holm:
383 1121 41 23 Uti
440 1122 38 22 sitt
493 1129 52 22 nyss
562 1123 82 28 afgifna
659 1122 100 29 yttrande
774 1122 39 21 har
828 1122 49 22 herr

124 1156 76 22 Mölsä
222 1164 77 21 genom
318 1160 30 18 ett
367 1158 97 26 exempel
484 1157 53 21 eller
556 1165 25 13 en
602 1158 60 27 fråga
677 1157 50 21 sökt
741 1156 135 29 ådagalägga

125 1192 42 20 den
187 1192 110 24 orättvisa,
317 1198 46 14 som
379 1191 70 21 skulle
464 1191 60 28 ligga
539 1191 45 21 deri
600 1195 31 17 att
646 1191 36 20 det
697 1191 114 28 ypperliga
827 1191 50 21 fräl-

124 1229 34 17 set
181 1225 130 21 fortfarande
334 1226 113 26 förblefve,
470 1226 71 20 såsom
562 1226 36 20 det
617 1226 64 20 sedan
701 1225 70 20 sekler
787 1224 90 22 tillbaka

124 1260 63 26 varit,
211 1259 93 21 befriadt
323 1260 46 20 från
387 1259 153 29 skyldigheten
560 1262 31 17 att
609 1259 85 28 deltaga
710 1258 7 21 i
733 1258 144 28 skjutsnings-

124 1294 107 21 besväret.
267 1293 45 29 Jag
335 1294 37 20 ber
391 1297 31 17 att
441 1294 21 20 få
482 1293 112 21 framhålla
609 1297 30 17 ett
655 1293 94 27 exempel
765 1292 7 22 i
788 1296 89 18 motsatt

124 1328 65 28 syfte.
224 1327 43 21 Om
285 1327 51 22 flere
355 1327 111 29 arfvingar
481 1328 69 20 finnas
566 1328 31 20 till
615 1330 30 18 ett
660 1327 161 26 allodialsäteri,
836 1328 41 20 och

125 1369 28 14 en
176 1362 24 20 af
216 1362 47 21 dem
283 1362 82 21 utlöser
383 1362 26 20 de
430 1362 73 26 andra,
520 1362 23 20 sä
558 1362 99 28 erlägger
672 1361 39 21 den
729 1362 56 20 förre
801 1368 25 14 en
842 1361 36 21 be-

123 1396 82 28 tydligt
227 1396 69 21 större
315 1396 86 21 utlösen
418 1395 47 22 med
482 1396 100 21 afseende
598 1396 51 20 derä
663 1398 31 18 att
709 1394 128 29 lägenheten
854 1396 23 21 är

123 1429 85 22 befriad
224 1429 49 22 från
288 1429 296 29 skjutsningsskyldigheten.
621 1429 75 23 Skulle
711 1428 122 23 sedermera
847 1432 30 22 ett
