1031 1700
822 134 11 20 7

112 203 47 27 nig,
171 203 40 21 och
226 203 107 21 utskottet
348 202 44 28 har,
409 202 28 29 pä
452 203 69 27 grund
537 205 24 19 af
574 203 48 21 från
636 203 71 21 skilda
722 202 44 22 håll
781 203 81 22 inhem-

112 236 49 22 tade
180 237 157 28 upplysningar
357 237 47 21 utaf
420 237 8 21 i
446 237 71 21 ämnet
532 237 85 21 erfarne
633 244 108 21 personer,
756 238 49 28 följt
820 238 41 21 den

113 271 212 29 beräkningsgrund,
341 274 31 18 att
387 271 68 21 under
470 271 90 22 aderton
575 271 60 29 dygn
651 272 47 28 fyra
713 272 82 28 gånger
810 280 53 20 pan-

112 306 117 28 nerymden
252 305 70 22 skulle
345 305 72 21 kunna
439 305 38 21 vid
499 305 226 29 husbehofsbränning
743 306 118 22 tillverkas.

111 340 45 28 Jag
178 340 38 21 har
238 340 35 21 väl
297 340 48 20 hört
367 340 64 28 sägas
454 342 31 18 att
503 340 64 21 äfven
586 339 48 21 med
649 340 41 21 den
706 340 156 28 ofullständiga

112 374 104 28 redskap,
236 382 45 13 som
301 374 37 20 vid
354 373 259 28 husbehofstillverkning
628 374 24 20 af
665 374 90 21 bränvin
771 374 39 21 hos
825 381 36 14 oss

113 408 115 28 begagnas,
244 408 56 21 skall
315 408 73 20 kunna
404 408 92 20 erhållas
508 407 57 21 ända
577 408 32 20 till
622 415 38 14 sex
671 408 82 29 gånger
764 416 97 20 pannans

112 442 73 28 rymd,
205 450 47 13 men
271 442 124 21 derutöfver
410 442 38 20 har
464 442 253 28 afverkningsförmågan
733 443 44 28 mig
793 446 68 18 veter-

112 476 59 28 ligen
187 476 17 28 ej
221 476 72 21 blifvit
307 476 25 21 af
345 476 135 28 sakkunnige
495 483 103 21 personer
613 476 138 28 uppskattad.
781 476 45 22 Det
837 477 24 20 är

113 510 107 28 nemligen
239 513 30 18 att
289 510 123 27 bemärkas,
428 513 31 18 att
477 510 41 22 den
537 510 104 28 redskap,
657 518 46 14 som
718 510 39 22 hos
773 518 36 14 oss
825 511 35 21 be-

113 552 89 21 gagnas,
218 544 89 22 alldeles
322 544 48 22 icke
386 545 23 20 är
424 544 44 21 lika
484 544 111 22 beskaffad
611 544 48 22 med
671 544 47 27 den,
730 552 45 13 som
787 545 7 20 i
807 544 54 22 Sve-

113 580 45 27 rige
174 579 35 22 vid
226 579 254 28 husbehofsbränningen
495 579 117 21 användes.
644 579 35 21 Då
693 579 166 28 tillverkningen

113 613 38 22 der
169 614 81 21 kunnat
267 614 128 28 uppdrifvas
415 613 43 27 till,
474 614 54 21 efter
544 613 57 22 hvad
615 615 38 27 jag
668 613 49 22 hört
732 613 127 28 uppgifvas,

113 656 45 13 mer
179 649 27 23 Än
224 656 25 13 en
269 648 58 29 gång
342 647 160 29 pannerymden
518 648 6 21 i
540 647 92 29 dygnet,
649 649 24 20 sä
688 648 39 21 bör
742 647 70 27 detta,
827 647 32 21 sä-

113 689 46 14 som
176 683 37 27 jag
231 682 66 21 redan
317 681 100 26 nämnde,
433 682 135 21 uteslutande
583 682 128 28 tillskrifvas
726 682 133 27 redskapens

113 717 58 20 olika
186 716 158 21 konstruktion.
367 715 49 22 Den
432 715 39 22 hos
487 723 35 14 oss
536 716 100 29 brukliga
646 717 119 27 redskapen
777 717 24 20 är
813 716 46 21 der-

112 753 58 19 emot
189 751 23 20 så
231 750 103 27 inrättad,
353 753 31 18 att
399 750 33 21 för
448 753 32 18 att
494 750 82 21 erhålla
590 758 26 13 en
632 750 131 29 pannerymd
779 750 81 29 färdigt

113 784 90 21 bränvin
221 784 107 21 erfordras
344 785 65 20 minst
424 787 31 18 tre
470 784 72 29 dygns
558 784 155 29 bränningstid.
751 783 108 30 Slutligen

113 819 51 21 ville
183 820 48 27 jag,
254 819 32 21 till
309 818 54 29 följd
386 819 64 20 deraf
466 821 30 18 att
514 819 49 20 med
583 819 122 21 bränvinets
721 818 139 28 beskattning

114 852 181 29 bufvudsakligen
314 853 57 22 afses
386 856 32 17 att
433 853 77 21 bereda
526 856 70 18 staten
611 860 27 14 en
653 853 86 28 förhöjd
754 853 105 26 inkomst,

113 887 128 25 framställa,
261 895 34 13 om
310 887 48 21 icke
377 886 86 22 ståndet
481 887 80 28 ansåge
579 887 100 28 lämpligt
694 889 31 19 att
741 887 119 28 bordlägga

112 921 89 22 ärendet
216 921 32 21 till
263 921 50 21 dess
328 921 78 21 tvänne
422 921 63 21 stånd
500 921 46 21 deri
561 921 63 21 fattat
639 921 80 26 beslut,
733 921 28 27 på
776 920 37 21 det
827 921 33 20 så-

112 955 66 21 lända
201 955 34 21 må
258 955 144 22 förekommas
420 957 31 18 att
470 955 36 21 två
520 954 64 22 stånd
598 955 7 21 i
620 955 61 21 deras
698 955 70 21 beslut
783 957 77 18 stanna

113 993 44 17 mot
176 989 26 21 de
217 989 70 28 bägge
303 989 70 28 öfriga
388 989 90 21 stånden
494 989 40 21 och
550 992 69 19 staten
634 989 125 28 derigenom
774 989 85 21 komme

112 1026 32 18 att
166 1023 27 28 gå
216 1024 63 20 miste
301 1031 35 13 om
358 1023 42 21 den
422 1023 94 22 inkomst
540 1024 24 21 af
580 1023 279 28 bränvinstillverkningen,

112 1057 79 21 hvaraf
203 1057 41 22 den
259 1058 64 27 göres
339 1057 71 22 behof.
447 1057 44 28 Jag
507 1058 38 21 vill
561 1057 76 22 härvid
653 1059 18 26 ej
687 1058 127 28 ifrågasätta
829 1061 31 17 att

112 1092 37 21 det
167 1092 71 21 kunde
257 1092 64 21 hafva
336 1091 47 22 skäl
399 1092 48 21 med
462 1092 34 28 sig
512 1095 31 18 att
558 1095 76 26 genast
649 1092 67 21 uttala
731 1092 34 28 sig
781 1092 33 20 för
829 1091 31 21 fa-

113 1125 204 30 briksbränningen,
341 1134 47 14 men
408 1134 34 14 om
462 1134 48 14 man
526 1127 129 28 öfverväger
670 1129 30 19 att
715 1126 102 28 möjligen
833 1133 27 22 en

112 1161 70 20 större
198 1160 69 21 fördel
282 1168 78 20 genom
376 1160 265 29 husbehofsbränningens
654 1160 150 22 bibehällande
815 1160 44 21 tills

112 1194 73 22 vidare
204 1194 42 21 kan
266 1196 34 20 för
319 1195 36 21 det
370 1195 107 21 allmänna
492 1195 189 28 tillvägabringas,
697 1195 24 21 sä
736 1194 62 22 torde
813 1194 48 21 mitt

111 1228 84 29 förslag
217 1231 31 18 att
266 1228 88 22 invänta
373 1228 27 22 de
418 1229 70 29 öfrige
504 1229 103 22 ständens
624 1229 68 21 beslut
707 1229 8 21 i
730 1230 72 20 ämnet
816 1228 44 21 mä-

111 1262 71 22 hända
197 1263 72 21 kunna
284 1263 134 27 godkännas.

178 1302 58 22 Herr
251 1302 157 22 Wesander:
438 1303 11 21 I
471 1304 37 21 fall
527 1304 67 28 något
612 1304 24 21 sä
651 1302 208 30 olycksbringande,

110 1345 46 14 som
176 1337 236 29 bränvinsbränningen
428 1338 34 20 för
478 1338 47 21 värt
540 1338 51 21 land
606 1338 56 21 visat
677 1338 34 28 sig
726 1343 62 20 vara,
803 1337 56 20 ännu

110 1372 55 21 skall
188 1372 39 20 här
249 1371 130 28 bibehållas,
398 1379 48 14 men
464 1372 66 21 hvars
549 1372 137 28 fullkomliga
705 1370 154 28 upphäfvande

106 1407 39 27 jag
163 1406 58 21 helst
239 1406 96 21 önskade
350 1408 31 18 att
396 1406 98 27 förorda,
510 1406 86 21 förenar
608 1406 38 28 jag
662 1405 44 29 mig
721 1404 49 21 med
786 1403 73 23 herrar

110 1440 131 27 Lindegvist
263 1440 40 21 och
326 1439 81 22 Hildén
430 1440 6 21 i
460 1443 31 18 att
509 1443 80 25 antaga
607 1440 37 20 det
663 1439 64 21 minst
745 1437 59 23 onda
818 1439 40 21 och
