1031 1700
206 64 41 23 170

177 128 60 28 ligen
252 128 105 27 anmärkt,
372 130 31 20 att
417 128 36 22 det
467 136 29 13 nu
510 128 77 22 endast
602 135 52 15 vore
670 128 61 28 fråga
742 136 35 14 om
790 131 31 19 att
832 128 97 22 ständer-

176 170 27 14 ne
225 162 71 22 skulle
319 162 94 22 aflemna
434 165 31 19 ett
486 163 24 21 af
526 163 127 27 regeringen
672 162 121 22 infordradt
812 163 116 26 utlåtande,

175 199 54 19 utan
244 199 32 19 att
290 197 72 28 någon
376 196 227 30 lagstiftningsåtgärd
618 196 64 22 deraf
691 197 70 21 skulle
773 197 87 29 påfölja,
873 200 55 18 samt

176 234 32 18 att
230 231 115 21 ständerne
367 231 37 21 vid
426 231 77 23 sådant
521 230 135 22 förhållande
675 231 72 21 kunde
765 231 84 29 grunda
869 231 58 22 detta

176 265 102 29 yttrande
293 265 135 21 uteslutande
443 265 29 29 på
486 265 54 27 skäl,
555 264 100 22 hemtade
667 265 47 21 från
727 265 137 28 billighetens
876 272 50 22 syn-

175 300 78 28 punkt.
285 299 35 22 De
335 303 32 18 tre
382 300 52 21 sista
449 300 120 28 punkterne
584 300 7 20 i
606 300 118 20 utskottets
740 299 135 22 betänkande
891 307 36 13 an-

175 334 54 28 tyda
250 334 64 26 dock,
336 336 32 18 att
386 334 76 28 frågan
482 334 38 22 har
540 341 26 13 en
585 342 59 13 mera
659 334 133 20 omfattande
808 334 119 28 betydelse,

175 368 43 21 och
233 368 104 20 utskottet
352 368 40 21 har
406 368 7 20 i
428 368 62 21 dessa
505 368 99 27 punkter,
620 368 33 20 till
669 367 74 22 hvilka
755 368 40 28 jag
811 368 36 20 ber
863 371 30 17 att
905 368 22 21 få

175 402 99 27 hänvisa,
292 402 147 28 uttryckligen
457 402 77 21 uttalat
548 401 42 22 den
605 402 64 28 åsigt,
685 405 31 17 att
730 402 67 20 sedan
812 402 114 21 ständerne

176 436 88 28 afgifvit
278 436 62 21 deras
356 436 105 22 förmenta
472 436 117 27 utlåtande,
602 436 69 21 skulle
684 436 77 20 sakens
773 436 110 21 ordnande
895 436 31 20 öf-

175 471 121 21 verlemnas
311 470 22 22 åt
346 470 135 29 regeringen,
496 470 88 22 hvilken
595 470 140 28 naturligtvis
747 470 27 21 då
787 470 65 21 borde
864 470 63 21 ställa

175 505 35 29 sig
228 505 59 21 detta
305 505 125 21 ständernes
449 504 109 22 utlåtande
576 504 34 22 till
625 504 136 29 iakttagelse,
775 505 63 20 äfven
854 504 72 22 såvidt

175 539 36 21 det
226 540 93 28 anginge
335 539 41 21 den
392 539 165 28 privilegierade
570 538 89 29 jordens
671 538 137 29 betungande
820 538 47 21 med
880 538 45 21 del-

175 574 94 28 tagande
287 574 7 21 i
313 573 294 30 skjutsningsskyldigheten,
630 581 35 13 om
683 573 108 28 nemligen
810 573 115 21 ständerne

175 608 67 21 funne
260 608 34 21 för
312 608 55 29 godt
382 610 32 19 att
428 608 76 23 sådant
518 607 115 29 tillstyrka.
670 607 45 22 Det
729 608 24 20 är
767 607 25 21 af
804 607 70 22 denna
889 615 37 13 an-

175 642 90 29 ledning
280 643 39 27 jag
337 645 71 18 ansett
424 642 36 22 det
479 649 50 14 vara
548 642 24 21 af
585 642 52 28 vigt,
653 645 32 18 att
700 641 121 27 ständerne,
837 641 40 21 och
892 641 34 21 så-

175 677 60 20 ledes
258 677 63 20 äfven
344 676 184 29 borgareståndet,
550 676 96 21 uttalade
665 676 36 28 sig
719 675 88 26 derhän,
822 679 31 17 att
867 676 59 20 stän-

175 710 68 21 derne
264 711 49 20 icke
331 710 73 23 kunna
422 711 33 22 till
474 718 25 14 en
515 710 127 28 förändring
656 711 7 20 i
679 709 77 22 sådant
771 710 56 28 syfte
843 711 24 20 af
879 710 46 28 gäl-

175 745 64 20 lande
254 744 107 29 grundlag
376 745 116 22 medverka
506 745 28 28 på
549 744 42 21 den
606 745 43 28 väg
664 745 76 28 frågan
751 744 74 21 derom
836 752 28 13 nu
877 745 49 21 blif-

175 779 32 20 vit
221 779 114 21 ständerne
351 779 105 28 förelagd.

243 818 57 22 Herr
314 818 99 23 Mölsä;
449 818 13 21 I
480 819 116 27 anledning
614 819 25 20 af
655 819 49 20 herr
722 817 141 30 Tengströms
883 821 43 25 ytt-

175 853 66 22 rande
256 856 32 18 att
303 853 76 21 endast
394 853 150 29 ridderskapet
560 853 40 21 och
617 851 63 23 adeln
696 853 69 21 skulle
781 860 40 21 ega
836 853 43 20 rätt
894 856 33 17 att

174 887 32 21 uti
224 887 70 30 denna
313 887 61 28 fråga
390 887 82 28 afgifva
487 890 30 18 ett
532 887 74 21 ”veto”
622 890 57 18 emot
694 887 26 20 de
736 887 71 28 öfriga
822 887 103 20 ständens

174 921 230 21 sammanstämmande
421 921 75 28 beslut,
511 921 38 22 vill
562 922 39 27 jag
616 921 77 26 erinra,
709 924 31 17 att
757 921 5 20 i
774 921 101 21 händelse
888 929 37 12 en-

173 955 106 29 hällighet
293 955 7 21 i
315 955 43 21 alla
373 955 102 22 ståndens
490 956 70 21 beslut
575 955 55 21 skall
646 963 53 13 vara
715 956 22 20 af
751 955 71 20 nöden
838 956 33 20 för
883 955 41 21 frå-

173 997 54 21 gans
247 989 124 30 afgörande,
391 990 24 22 så
434 990 130 21 tillkommer
582 990 58 21 detta
656 990 75 20 ”veto”
747 989 44 21 lika
808 989 33 20 väl
858 990 66 27 något

173 1025 25 20 af
211 1024 27 21 de
253 1025 66 20 andra
334 1024 98 27 stånden,
448 1031 46 14 som
509 1024 151 27 ridderskapet
675 1024 42 21 och
733 1023 68 22 adeln.
836 1023 88 29 Frågan

173 1058 70 29 gäller
261 1061 30 18 ett
309 1058 139 29 privilegium
468 1059 33 20 för
516 1066 25 13 en
557 1059 45 20 viss
618 1056 59 23 klass
690 1058 163 28 jordegendom,
869 1059 55 20 säle-

173 1092 38 21 des
227 1096 30 18 ett
272 1092 190 28 realprivilegium,
478 1092 63 22 hvars
557 1092 154 28 upphäfvande
726 1093 48 20 icke
791 1093 39 20 bör
845 1093 80 21 uteslu-

172 1127 64 21 tande
257 1127 51 21 bero
327 1127 24 21 af
363 1127 150 27 ridderskapet
528 1127 40 21 och
584 1125 74 23 adelns
675 1127 137 27 tillgörande,
827 1127 98 29 isynner-

172 1161 37 21 het
227 1164 18 26 ej
265 1168 94 20 numera,
378 1161 66 21 sedan
460 1162 60 20 detta
534 1161 62 21 stånd
612 1162 72 27 afsagt
699 1162 34 27 sig
748 1161 129 28 rättigheten
893 1165 32 17 att

172 1199 83 23 ensamt
278 1196 77 20 besitta
377 1195 66 21 sådan
464 1196 56 27 jord.
558 1196 57 20 Herr
634 1190 129 33 Öhrnbergs
783 1196 142 28 anmärkning

172 1234 59 16 emot
245 1230 48 21 mitt
308 1229 108 29 yttrande,
432 1233 30 17 att
478 1229 36 21 det
529 1237 27 13 nu
572 1230 47 20 icke
636 1238 51 12 vore
704 1230 60 28 fråga
776 1237 34 13 om
823 1233 30 17 att
865 1231 59 20 stifta

171 1264 44 28 lag,
238 1267 51 17 utan
311 1264 76 20 endast
410 1266 31 18 att
464 1264 82 28 afsifva
565 1267 31 17 ett
615 1264 117 26 utlåtande,
752 1271 63 13 anser
827 1264 38 28 jag
880 1264 45 28 mig

171 1298 74 20 kunna
268 1298 110 20 underlåta
402 1302 30 16 att
455 1299 97 21 närmare
571 1298 85 21 bemöta
675 1298 40 20 och
736 1298 128 21 inskränker
880 1298 45 28 mig

170 1332 33 20 till
227 1335 31 18 att
280 1332 93 28 åberopa
397 1332 56 21 hvad
474 1333 38 27 jag
534 1333 6 20 i
564 1332 59 21 detta
645 1332 102 21 afseende
766 1332 67 21 redan
852 1336 72 24 yttrat.

171 1365 44 23 Det
238 1366 60 22 torde
321 1367 33 20 för
377 1366 67 29 öfrigt
468 1367 66 22 blitva
554 1367 85 22 tillfälle
659 1370 31 18 att
709 1367 98 21 närmare
825 1367 101 21 utveckla
