1031 1700
785 148 42 21 449

103 212 92 28 ungefär
213 211 28 29 på
259 218 79 14 samma
357 210 142 29 ståndpunkt,
522 217 46 14 som
586 210 42 22 den
648 210 46 22 före
711 210 144 31 landtdagens

104 246 76 28 början
195 245 113 21 innehade.

173 278 57 22 Herr
245 278 145 22 Sundman:
415 278 162 28 Ridderskapet
592 278 42 22 och
649 278 74 22 adelns
739 279 71 21 beslut
824 280 32 21 in-

105 314 93 21 nefattar
221 313 64 22 bland
306 317 65 17 annat
389 316 38 24 att,
446 313 7 21 i
469 313 115 21 förväntan
598 313 30 28 på
643 314 86 28 frågans
744 313 112 22 definitiva

106 347 117 27 ordnande,
238 347 206 29 donationsegarene
460 346 120 22 emellertid
595 347 70 22 skulle
680 347 107 22 affordras
802 355 54 21 upp-

106 382 42 28 gift
166 382 13 20 å
196 382 41 21 den
256 382 60 21 lösen
331 382 27 21 de
374 382 34 20 för
422 381 139 21 afträdandet
575 381 25 21 af
612 381 47 21 sina
673 382 125 28 lägenheter
813 382 44 22 for-

106 416 79 25 drade;
208 423 47 14 men
270 416 71 29 någon
361 416 112 21 föreskrift
490 415 70 21 finnes
578 416 18 28 ej
616 415 54 22 huru
686 416 91 22 förfaras
793 416 64 28 skall,

107 458 35 13 om
158 450 208 28 donationsegarene
381 450 46 22 helt
441 450 41 21 och
498 450 68 21 hållet
580 451 103 21 motsätta
698 450 34 28 sig
747 458 26 14 en
788 450 68 22 sådan

107 484 219 23 öfverenskommelse
341 485 6 21 i
363 484 66 30 godo,
447 484 53 22 eller
515 492 35 14 om
566 485 34 21 för
614 492 27 14 en
656 485 101 28 lägenhet
772 485 85 22 fordras

108 522 14 17 t.
139 526 32 14 ex.
188 522 31 18 ett
233 520 52 27 pris,
300 527 46 13 som
361 520 24 20 är
400 519 92 21 dubbelt
506 517 68 30 högre
589 520 27 20 än
628 519 144 28 egendomens
783 520 74 21 värde.

109 552 79 30 Någon
211 554 129 28 uppgörelse
359 560 35 15 om
412 553 141 29 lägenhetens
572 553 126 22 afträdande
717 553 70 22 skulle
802 554 8 21 i
825 554 34 21 så-

108 587 53 22 dant
175 588 39 20 fall
230 588 143 29 förmodligen
388 589 19 28 ej
424 587 73 22 kunna
512 587 86 22 komma
613 588 8 21 i
635 588 70 29 fråga,
719 588 41 21 och
777 588 81 29 följden

109 621 79 28 blefve,
210 621 71 22 såsom
301 623 38 27 jag
361 622 65 21 redan
449 622 125 27 framhällit,
597 625 32 18 att
647 622 78 21 sakens
743 622 116 21 utförande

109 656 87 21 komme
215 659 31 18 att
261 656 114 28 oändligen
392 656 114 28 fördröjas;
522 656 40 21 och
578 656 83 21 kanske
675 657 56 20 ännu
747 657 74 20 femtio
836 657 23 20 är

110 690 51 29 åtgå
180 690 64 21 innan
264 689 37 22 det
319 690 89 21 afsedda
423 690 129 27 ändamålet;
568 690 131 29 förbättring
712 690 8 21 i
735 690 126 22 donations-

111 723 122 23 böndernes
248 725 114 28 ställning,
377 725 70 21 skulle
462 725 92 27 uppnås.

180 764 57 21 Herr
252 765 168 27 Lindeqvist:
456 764 45 21 För
523 765 44 20 min
589 762 35 23 del
646 764 42 22 kan
708 765 39 28 jag
764 765 19 28 ej
802 765 59 21 finna

111 799 80 21 minsta
212 799 111 28 grundade
345 799 48 20 skäl
414 799 34 21 till
471 799 42 21 den
536 799 25 21 af
577 799 49 20 herr
645 798 111 23 Sundman
775 799 86 28 yttrade

112 833 90 28 farhåga
221 836 32 18 att
271 833 150 28 ridderskapet
438 833 41 21 och
495 833 75 22 adelns
588 833 76 27 beslut,
679 841 35 13 om
729 833 37 22 det
781 833 80 22 biträd-

112 867 39 21 des
173 867 24 22 af
213 867 26 21 de
259 867 67 22 andra
344 867 98 27 stånden,
460 867 72 21 skulle
546 867 66 21 hafva
628 867 33 21 till
675 867 83 28 påföljd
773 870 32 18 att
820 867 42 22 frå-

112 909 55 21 gans
182 901 87 29 lösning
285 902 84 21 komme
385 905 31 17 att
431 901 61 28 dröja
508 902 55 20 ännu
580 902 7 20 i
602 902 74 20 femtio
691 901 30 22 år.
757 900 45 30 Jag
817 904 46 19 tror

113 936 93 21 tvärtom
222 939 31 18 att
268 936 40 21 den
324 936 24 21 af
360 935 151 28 ridderskapet
526 935 41 21 och
583 935 61 22 adeln
661 932 124 31 föreslagna
795 936 68 27 utväg

113 970 48 21 icke
177 970 91 21 allenast
283 974 54 17 mest
351 970 203 21 öfverensstämmer
568 970 49 21 med
633 970 90 21 rättvisa
739 969 39 22 och
791 969 72 29 billig-

113 1004 43 26 het,
179 1007 50 18 utan
248 1005 63 20 äfven
330 1007 85 18 snarast
432 1004 60 21 leder
507 1004 33 21 till
556 1004 66 21 målet
636 1007 55 18 samt
706 1003 99 22 förordar
820 1004 44 21 för-

114 1037 100 22 denskull
237 1038 121 27 antagande
375 1038 25 21 af
415 1037 157 29 inbjudningen
588 1038 41 21 och
645 1037 130 29 frängäende
790 1038 25 21 af
827 1038 38 21 det

114 1072 59 21 förra
188 1071 99 28 beslutet,
304 1072 32 21 till
352 1071 84 22 hvilket
448 1073 38 28 jag
501 1072 37 21 vid
554 1073 127 28 voteringen
696 1071 49 22 med
759 1072 44 21 min
818 1073 47 20 röst

114 1106 48 21 icke
178 1106 68 21 heller
261 1106 83 28 bidrog.

184 1140 57 22 Herr
252 1140 98 22 Mölsä:
370 1139 161 30 Ridderskapet
542 1140 41 22 och
592 1140 74 22 adelns
675 1140 83 29 förslag
766 1140 67 30 gär
810 1135 24 39 ju
841 1143 24 19 ut

115 1175 28 28 pä
158 1178 32 18 att
205 1175 74 28 frägan
295 1174 71 22 skulle
381 1174 59 21 hvila
455 1174 78 22 endast
544 1175 33 21 till
589 1176 62 20 nästa
662 1174 111 30 landtdag,
784 1174 27 22 dä
823 1174 41 23 den

116 1210 46 20 åter
174 1208 65 22 borde
255 1208 86 21 komma
356 1208 67 21 under
438 1208 128 22 ständernes
581 1208 168 29 öfvervägande,
765 1211 54 19 samt
834 1212 33 16 att

116 1242 119 22 emellertid
258 1250 25 13 en
307 1242 141 22 kommission
470 1242 71 22 skulle
560 1242 109 22 nedsättas
688 1244 35 20 för
741 1245 38 24 att,
795 1242 72 21 sävidt

116 1278 86 27 möjligt
221 1278 30 25 är,
269 1277 128 21 införskaffa
416 1276 41 22 den
476 1277 35 21 för
530 1277 86 28 frågans
637 1276 130 28 behandling
785 1276 82 28 nödiga

116 1312 134 28 upplysning
265 1311 40 21 och
321 1311 122 29 utredning.
470 1310 46 29 Jag
531 1312 57 20 inser
603 1311 28 21 dä
646 1312 18 27 ej
681 1311 28 28 pä
724 1309 57 23 hvad
795 1310 72 28 grund

116 1353 50 13 man
185 1345 54 21 talar
257 1352 34 14 om
311 1348 30 18 ett
356 1345 132 28 femtioärigt
503 1345 103 29 dröjsmäl
622 1345 49 21 med
686 1344 78 22 sakens
779 1344 89 28 slutliga

116 1379 118 27 ordnande,
252 1380 89 20 säframt
359 1380 18 27 ej
398 1379 48 21 herr
462 1378 119 28 Sundman,
599 1386 47 14 som
661 1386 73 14 ensam
751 1378 117 22 framhällit

116 1414 71 21 denna
203 1414 63 27 äsigt,
282 1414 57 20 velat
354 1414 80 28 antyda
449 1417 31 17 att
496 1414 22 20 vi
534 1414 6 20 i
557 1414 74 20 femtio
647 1414 24 20 är
685 1413 71 21 skulle
772 1412 21 22 fä
804 1413 65 21 vänta

117 1448 28 28 pä
161 1448 110 27 landtdag,
288 1455 46 13 men
347 1448 39 27 jag
402 1448 83 28 hoppas
502 1451 31 17 att
548 1448 48 20 icke
612 1447 70 27 nägon
695 1454 70 14 annan
779 1448 23 20 af
810 1446 59 22 stän-

143 1492 64 23 Välloft.
217 1493 140 22 lorgareständets
363 1493 82 22 protokoll
455 1493 100 22 landtdagen
565 1492 121 18 1863—1864
700 1493 27 18 4:e
733 1493 20 17 B.
813 1486 26 21 29
