1031 1700
797 138 41 21 379

114 200 143 28 ovilkorligen
277 201 80 27 aftyna,
377 208 34 14 om
431 200 27 22 de
476 200 48 22 icke
540 200 82 22 erhålla
638 200 95 22 fördelen
749 202 24 21 af
786 201 81 24 tidsen-

114 234 44 29 liga
174 234 217 22 kommunikationer.

183 274 58 24 Herr
261 272 52 24 O.J.
331 273 141 29 Grönberg:
503 273 35 22 Då
553 274 27 22 de
594 274 67 21 redan
677 275 98 21 beslutna
791 275 76 21 banor-

114 316 28 14 na
158 309 32 21 till
206 308 145 22 Tammerfors
366 308 40 21 och
422 308 78 24 Lahtis
515 308 62 22 torde
592 308 61 29 gifva
668 308 128 29 tillräckligt
807 310 61 20 arbe-

114 347 21 17 te
158 343 67 21 under
247 342 28 22 de
293 346 32 18 tre
344 342 30 28 år,
394 343 55 21 efter
467 342 86 22 hvilkas
569 343 88 27 förlopp
672 343 21 21 vi
709 342 84 28 hoppas
809 343 22 21 få
845 350 23 14 se

114 370 85 28 landets
215 376 87 22 ständer
317 376 46 22 åter
379 376 190 27 sammankallade,
585 376 90 22 utbeder
687 378 39 27 jag
741 377 44 32 mig
801 377 22 21 få
834 376 34 21 till

114 411 86 21 ståndet
216 411 118 26 hemställa,
349 418 36 14 om
400 410 48 22 icke
465 411 75 28 frågan
556 418 35 14 om
607 410 68 23 banan
687 411 34 21 till
732 404 51 28 Åbo
795 410 73 22 kunde

114 446 81 24 lemnas
211 445 107 22 beroende
333 445 33 21 till
382 445 63 21 nästa
460 425 110 52 landtdag.

183 484 58 22 Herr
255 484 166 22 Dahlström:
450 484 45 28 Jag
510 485 58 21 inser
583 484 48 22 icke
647 484 100 23 hvarföre
758 486 19 26 ej
791 485 78 28 borga-

115 519 117 27 reståndet,
251 520 6 20 i
277 518 68 22 likhet
360 518 48 22 med
424 518 28 22 de
468 518 71 29 öfriga
554 518 98 28 stånden,
667 519 72 21 kunde
754 518 28 22 nu
801 519 67 21 redan

115 554 69 21 uttala
202 554 33 21 sin
255 553 56 28 åsigt
329 553 8 24 i
355 554 79 22 ämnet,
471 552 119 29 Meningen
607 560 51 15 vore
673 553 48 23 icke
736 553 86 22 derföre
837 556 31 18 att

117 581 122 31 Åbobanan
258 587 135 28 nödvändigt
408 587 40 21 bör
463 587 89 28 bringas
568 587 32 21 till
616 587 114 22 utförande
745 588 47 21 före
807 588 62 23 nästa

115 622 112 29 landtdag,
242 622 71 21 derest
328 621 41 21 den
385 621 99 23 inträffar
498 622 55 22 efter
568 625 32 18 tre
615 622 29 22 är.

184 661 36 25 Då
238 661 71 29 någon
324 661 67 24 talare
406 661 49 24 icke
470 661 75 23 vidare
560 661 95 28 begärde
670 662 68 27 ordet,
753 645 116 41 framställs

115 696 28 23 de
159 696 49 24 herr
223 695 148 24 talmannen
387 695 97 28 följande
499 696 147 30 proposition;

184 730 71 23 Anser
270 729 91 30 ståndet,
377 730 7 23 i
399 729 69 22 likhet
483 729 49 24 med
548 729 113 28 utskottet,
676 730 67 29 något
755 730 114 28 tillgöran-

116 765 27 24 de
159 765 33 24 för
207 764 162 29 anläggningen
385 764 24 21 af
418 764 92 30 jernväg
522 763 34 22 till
567 757 51 28 Åbo
631 764 33 23 för
676 764 133 23 närvarande
821 764 48 24 icke

116 799 53 24 böra
187 799 53 24 ske?
262 799 52 23 eller
333 798 37 24 vill
390 797 86 28 ståndet
491 801 59 28 yttra
564 799 42 30 sig
614 799 88 26 derhän,
717 802 32 17 att
763 799 106 28 styrelsen

116 834 35 22 mä
166 841 52 16 vara
233 833 89 23 betänkt
337 832 28 31 på
380 832 116 31 byggande
512 833 24 20 af
548 832 71 24 denna
634 833 63 26 bana,
708 832 24 25 sä
743 835 60 19 snart
811 833 58 28 jern-

116 867 148 28 vägslinierna
287 866 292 24 Tavastehus-Tammerfors
602 867 42 22 och
662 866 207 25 Riihimäki-Lahtis

116 901 74 23 blifvit
205 900 137 25 fulländade?

186 936 33 21 De
235 943 46 16 som
297 935 52 31 vilja
363 935 37 24 det
416 935 65 30 förra,
497 942 63 17 svara
572 935 30 30 ja,
617 935 28 22 de
660 942 46 17 som
718 935 59 23 rösta
789 935 34 23 för
833 934 37 23 det

116 977 83 20 senare,
214 970 41 28 nej,

185 1009 168 32 Propositionen
377 1009 129 22 besvarades
528 1009 48 24 med
601 1009 103 24 blandadt
723 1009 23 28 ja
768 1009 41 22 och
829 1009 41 30 nej,

116 1044 119 31 hvarjemte
254 1043 104 30 begärdes
378 1044 107 28 votering,
500 1051 47 16 som
563 1045 59 27 förty
638 1044 97 27 företogs
750 1043 40 24 och
807 1043 63 24 utföll

116 1078 50 25 med
182 1079 25 21 19
221 1079 22 28 ja
259 1082 45 20 mot
319 1078 12 21 8
347 1079 45 26 nej;
416 1077 40 22 och
476 1078 142 27 förklarades,
636 1078 7 21 i
663 1077 96 29 enlighet
774 1077 96 28 härmed,

116 1113 117 22 utskottets
250 1112 133 24 betänkande
400 1112 6 22 i
422 1111 72 25 denna
509 1113 35 22 del
560 1120 52 16 vara
626 1113 25 22 af
663 1112 87 23 ståndet
765 1115 93 26 antaget,

185 1158 58 23 Herr
258 1158 150 23 talmannen
428 1158 104 29 föredrog
548 1158 74 22 vidare
637 1158 117 22 utskottets
770 1157 101 29 yttrande

116 1192 112 29 angående
247 1192 41 22 den
307 1192 123 28 föreslagna
447 1193 118 28 jernvägen
586 1192 32 22 till
638 1192 87 28 Borgå;
747 1192 42 21 och
805 1195 66 25 antog

117 1226 94 27 ståndet,
230 1226 28 28 på
275 1226 74 23 derom
369 1226 121 22 framställd
506 1227 143 27 proposition,
664 1226 117 22 utskottets
798 1225 73 24 betän-

116 1261 72 23 kande
203 1261 6 21 i
225 1261 70 21 denna
310 1260 35 23 del
361 1260 48 22 med
426 1260 163 29 öfvervägande
604 1261 119 28 pluralitet.

186 1306 127 22 Utskottets
333 1306 143 27 betänkande,
499 1306 112 29 angående
626 1302 41 26 det
685 1306 7 21 i
707 1305 165 31 propositionen

117 1340 96 30 begärda
232 1340 76 28 anslag
328 1340 25 21 af
368 1340 229 28 etthundrafyratusen
613 1340 60 23 mark
689 1340 33 21 till
738 1340 135 21 anställande

116 1376 25 21 af
154 1374 76 22 försök
245 1374 49 24 med
310 1375 92 21 smalare
416 1375 51 30 spår
482 1376 35 20 för
529 1375 93 28 jernväg
637 1375 28 21 än
679 1374 42 22 den
736 1374 7 21 i
756 1374 74 21 landet
841 1382 32 13 re-

116 1410 43 21 dan
182 1412 95 25 antagna
299 1408 138 32 spärvidden,
456 1409 114 29 föredrogs
589 1416 29 14 nu
638 1408 41 22 och
694 1408 136 29 godkändes,
846 1408 27 31 pä

115 1444 76 23 derom
207 1442 123 24 framställd
345 1442 144 32 proposition,
505 1444 25 23 af
542 1442 86 26 ständet
643 1443 113 31 enhälligt.
