1031 1700
793 141 41 22 351

108 205 103 28 digheten
234 205 23 21 af
278 204 132 28 omlastning
430 204 48 26 och,
497 211 35 13 om
552 204 81 21 antalet
648 204 25 21 af
685 212 111 21 vaggoner
811 206 52 22 eller

109 241 80 26 fartyg,
209 246 46 14 som
274 239 33 20 för
326 238 97 22 tillfället
442 238 70 21 finnas
528 241 31 18 att
574 238 64 29 tillgå
653 238 28 28 på
696 239 78 28 stället,
790 241 25 21 är
829 241 35 21 för

110 274 47 20 litet
179 276 32 18 att
228 276 109 25 emottaga
355 272 28 22 de
402 272 106 22 aflastade
528 280 100 19 varorna,
644 273 63 21 äfven
722 274 89 28 upplag,
827 282 38 14 va-

110 315 75 14 rornas
200 307 129 29 inläggning
344 307 7 21 i
362 307 123 27 magasiner
496 306 40 21 och
550 307 115 28 uttagning
677 307 71 27 derur,
759 309 106 28 mätning,

110 343 97 27 vägning
229 342 53 21 eller
300 341 94 28 räkning
412 348 28 14 m.
455 348 35 20 m.,
510 341 84 21 hvilket
608 341 40 21 allt
663 342 17 27 ej
697 342 69 28 tjenar
781 345 32 18 att
827 350 38 14 un-

111 376 93 22 derlätta
225 375 227 23 kommunikationens
475 375 148 29 begagnande.
661 376 72 22 Dessa
755 376 110 22 Tammer-

112 412 128 21 forsbanans
263 410 122 21 företräden
408 410 37 20 äro
465 410 25 21 så
508 410 90 28 vigtiga,
618 410 24 21 så
661 411 166 29 ögonskenliga,
841 411 25 21 så

112 446 133 28 uppenbara,
268 448 31 18 att
317 452 49 14 man
385 445 68 20 måste
472 444 104 21 förundra
595 445 35 28 sig
645 444 100 22 deröfver
759 449 33 18 att
807 446 59 21 olika

113 480 112 27 meningar
243 479 74 21 härom
333 478 73 21 kunna
421 478 76 22 finnas,
534 478 40 21 Ett
590 478 70 22 biskäl
676 480 34 20 för
724 479 71 22 denna
807 481 59 27 jern-

114 515 43 27 väg
175 513 72 21 kunde
263 514 38 27 jag
319 514 57 20 ännu
392 513 112 27 uppgifva,
520 512 108 28 nemligen
644 512 49 22 dess
709 514 110 28 egenskap
835 516 32 18 att

114 556 52 13 vara
185 548 75 28 början
276 548 24 21 af
311 555 27 14 en
354 546 101 23 framtida
471 547 55 21 bana
541 547 33 22 till
590 542 149 33 Österbotten,
755 554 47 15 som
817 548 49 21 här-

115 583 44 21 tills
182 583 72 21 blifvit
272 582 25 21 så
314 582 88 28 mycket
420 581 142 22 tillbakasatt.
598 581 46 22 Det
661 583 24 20 är
700 582 85 21 derföre
801 582 66 22 också

115 617 104 28 naturligt
237 620 32 18 att
283 616 124 21 densamma
422 617 68 20 möter
505 617 117 27 motstånd,
637 619 24 26 ty
677 617 34 21 för
725 611 142 27 Österbotten

116 659 62 14 anser
193 659 49 13 man
258 654 31 17 att
304 652 18 27 ej
339 651 67 28 något
421 650 105 21 behöfver
540 651 72 28 göras.
646 646 33 25 Är
693 651 37 21 det
749 651 62 28 fråga
829 654 39 24 att,

116 686 71 21 såsom
209 685 46 27 här,
278 685 79 21 bereda
379 685 71 28 någon
472 684 71 22 fördel
565 685 131 22 åtminstone
717 685 7 21 i
747 685 122 27 framtiden,

116 721 55 27 göra
189 720 71 28 någon
278 720 91 21 rättvisa
384 719 22 21 åt
420 726 65 14 norra
499 719 62 21 delen
577 719 24 21 af
614 719 80 27 landet,
709 719 65 22 hvars
789 719 80 22 talrika

116 754 131 21 innevånare
268 753 57 22 dock
343 753 63 22 skola
425 753 91 28 bidraga
534 753 33 21 till
582 753 64 22 dessa
661 753 208 22 kommunikations-

117 789 82 21 medels
216 788 139 27 bekostande,
369 788 25 21 så
409 787 50 28 höja
474 789 35 27 sig
524 791 77 25 genast
615 789 70 20 röster
696 787 103 22 deremot.
821 788 50 21 Allt

118 823 55 21 skall
193 823 152 21 koncentreras
363 822 7 21 i
389 823 65 20 södra
472 822 63 21 delen
551 822 24 21 af
588 822 80 27 landet,
683 823 39 20 allt
736 822 58 21 hvad
809 822 61 21 kom-

118 857 159 21 munikationer
292 857 60 21 heter
367 856 57 21 skall
439 856 105 29 anläggas
559 857 7 20 i
578 857 49 21 dess
640 857 65 21 södra
716 857 41 21 och
769 857 102 28 sydöstra

119 891 66 21 delar.
221 890 36 22 Dä
275 891 104 21 missvext
397 890 98 22 inträffar
513 891 7 21 i
535 891 27 21 de
578 899 64 13 norra
657 891 93 27 delarne,
765 891 24 21 så
805 891 66 28 afspi-

119 933 35 13 sas
169 925 28 22 de
212 925 49 21 med
276 925 118 21 understöd
410 925 34 21 för
459 925 103 27 tillfället,
576 933 49 14 men
641 928 32 19 att
687 933 78 21 genom
781 925 91 22 förbätt-

119 959 52 22 rade
192 959 211 22 kommunikationer
421 960 58 21 sätta
496 959 65 22 dessa
580 959 121 22 landsorter
715 959 8 22 i
737 959 88 22 tillfälle
840 962 33 19 att

120 994 51 28 höja
192 994 34 21 sin
248 993 99 28 industri,
366 994 34 21 sin
418 993 200 30 ladngärdsskötsel
638 994 41 21 och
694 993 92 22 sålunda
800 993 73 29 hjelpa

121 1029 34 27 sig
171 1028 83 27 sjelfva,
269 1028 36 21 det
320 1029 25 20 är
360 1035 26 14 en
401 1029 91 20 rättvisa
507 1035 47 14 som
569 1036 49 13 man
630 1028 97 29 ihärdigt
738 1028 67 21 nekar
817 1028 56 27 dem,

120 1063 93 20 likasom
231 1062 49 21 icke
295 1062 64 21 dessa
373 1062 134 22 landsorters
522 1062 131 22 innevänare
667 1070 53 14 vore
735 1062 140 21 medlemmar

122 1097 24 21 af
158 1103 81 14 samma
254 1096 54 27 folk,
323 1096 52 21 barn
392 1097 24 20 af
430 1104 82 14 samma
527 1097 115 28 folkfamilj
659 1096 48 22 med
722 1096 84 21 landets
822 1096 53 21 öfri-

122 1139 28 20 ga
173 1130 124 29 bebyggare
315 1130 42 22 och
376 1130 45 22 lika
440 1130 48 22 med
503 1130 64 22 dessa
579 1126 90 49 deltoge
683 1130 9 22 i
707 1129 166 30 statsbidragen.

122 1165 67 21 Hvad
204 1164 101 22 beträffar
319 1164 38 22 det
372 1164 67 22 andra
453 1168 92 18 rummet
560 1164 29 29 pä
604 1165 113 28 förslaget,
731 1164 62 33 eller
794 1164 55 22 det
843 1172 33 14 in-

123 1199 78 21 bördes
221 1198 117 22 företrädet
355 1199 92 21 emellan
466 1199 95 21 banorna
579 1199 34 21 till
628 1198 79 22 Lahtis
722 1192 41 28 och
778 1191 59 35 Åbo,
851 1198 25 22 sä

123 1240 66 22 synes
206 1233 45 28 mig
269 1232 59 22 detta
343 1240 58 14 mera
416 1233 77 21 tvifvel
508 1232 163 22 underkastadt.
700 1232 177 28 Propositionen,

123 1268 106 20 utskottet
244 1267 42 21 och
301 1267 37 21 tvä
353 1266 63 22 ständ
431 1266 66 23 hafva
511 1267 58 21 dock
584 1270 69 25 yttrat
667 1267 35 29 sig
717 1267 34 21 för
765 1266 42 21 den
819 1266 59 21 förra

124 1301 66 21 linien
211 1301 40 21 och
267 1300 72 22 derför
355 1301 64 21 äfven
434 1302 73 20 anfört
522 1301 58 28 goda
594 1301 55 27 skäl,
665 1300 48 22 skäl
729 1307 47 14 som
791 1300 36 21 väl
846 1303 32 19 ta-

124 1336 22 20 la
168 1336 33 20 för
224 1335 67 21 andra
312 1338 99 24 rummet,
432 1343 49 13 men
504 1336 34 21 för
556 1336 65 28 ingen
640 1335 35 22 del
693 1335 35 21 för
746 1333 38 23 det
802 1334 76 22 första.

124 1369 44 29 Jag
188 1376 62 15 anser
269 1370 44 28 mig
332 1370 65 21 äfven
415 1370 7 20 i
438 1370 70 21 denna
524 1370 35 21 del
575 1370 53 21 böra
642 1368 89 22 förorda
746 1368 133 30 antagandet

125 1405 25 21 af
163 1403 116 22 utskottets
295 1404 143 21 betänkande.

194 1443 59 21 Herr
266 1443 134 23 Juselius:
428 1439 74 27 Äfven
516 1444 39 29 jag
570 1443 63 22 utber
648 1443 45 30 mig
708 1442 22 23 fä
745 1443 76 23 främst
836 1442 43 23 för-
