1031 1700
190 77 39 20 152

161 140 110 28 genheter,
287 140 74 21 hvilka
377 141 123 21 omnämnas
516 141 6 20 i
539 148 63 13 mom.
619 141 19 25 5,
654 141 110 20 äfvensom
780 140 133 21 beträffande

161 173 196 27 landtbandlande,
375 174 73 22 hvilka
464 175 208 28 utiifrågavarande
684 174 101 22 afseende
797 175 24 20 af
830 174 83 21 utskot-

162 212 31 17 tet
212 208 97 21 hänförts
329 209 31 20 till
380 216 81 14 samma
480 209 97 28 kategori
594 208 46 22 med
657 208 62 22 dessa
735 208 132 23 sistnämnde
882 209 32 20 lä-

162 242 110 28 genheter.
310 238 71 26 Äfven
402 243 38 21 här
458 251 50 20 eger
527 243 37 21 det
583 242 135 22 förhållande
733 250 46 14 rum
795 246 31 18 att
840 242 74 28 lägen-

162 276 99 27 heterne,
283 277 7 21 i
314 278 37 20 fall
374 277 262 28 skjutsningsskyldighet
658 277 47 21 dem
725 276 100 29 ålägges,
844 276 70 22 skulle

164 312 81 20 förlora
261 312 5 20 i
284 312 76 26 värde,
377 312 27 27 på
419 319 81 13 samma
515 312 42 20 sätt
572 319 46 13 som
635 312 26 20 de
678 311 148 21 förstnämnde
841 311 73 29 lägen-

163 345 97 27 heterne,
285 346 38 20 och
347 354 102 19 egarenes
474 345 150 29 förmögenhet
641 346 55 21 efter
714 345 112 21 enahanda
845 344 70 30 grund

164 379 107 26 minskas,
291 379 83 21 hvilket
394 380 23 20 af
430 380 48 20 dem
493 380 47 20 icke
556 380 82 20 kunnat
653 382 62 26 tagas
731 380 5 20 i
753 379 118 29 beräkning
887 378 28 22 då

164 414 36 25 de,
217 413 67 21 under
299 413 123 28 åtnjutande
439 415 23 19 af
476 414 63 20 fribet
555 414 46 20 från
617 414 244 28 skjutsningsbesväret,
878 421 37 13 an-

165 448 72 28 tingen
261 455 77 21 genom
359 448 43 27 köp
421 448 51 20 eller
490 448 28 28 på
537 451 64 17 annat
620 448 43 20 sätt
678 448 113 20 åtkommit
805 448 52 20 eller
873 447 42 21 ock

165 482 76 28 sjelfve
257 482 100 21 bekostat
373 482 144 28 nppförandet
532 483 24 20 af
568 482 66 28 sagde
647 482 148 28 inrättningar.
817 481 32 21 På
861 488 55 14 sam-

166 524 33 13 ma
222 517 43 20 sätt
288 516 64 21 hafva
375 516 183 22 landthandlande
576 516 86 21 erhållit
681 516 102 28 rättighet
799 519 31 18 att
845 515 71 22 drifva

167 550 77 21 handel
259 554 58 17 emot
333 551 71 20 vilkor
420 551 40 21 och
476 550 155 29 skyldigheter,
647 550 46 22 deri
705 550 211 29 skjutsningsbesvä-

167 588 32 18 ret
221 585 48 21 icke
291 585 80 28 ingått,
391 585 39 21 och
450 585 83 22 hvilket
552 585 76 21 besvär
644 585 83 21 således
743 585 70 20 skulle
829 584 87 21 åsamka

167 619 48 21 dem
231 627 25 13 en
273 619 72 28 utgift,
361 627 45 12 som
422 619 32 21 till
471 620 44 20 lika
530 622 55 18 stort
600 619 81 28 belopp
693 620 85 20 komme
791 622 30 18 att
833 619 84 21 minska

167 653 62 21 deras
245 653 69 28 årliga
331 654 57 20 vinst
404 654 22 20 af
440 654 193 21 handelsrörelsen.
663 653 66 22 Detta
745 661 64 20 synes
825 653 44 28 mig
881 660 37 13 va-

168 695 23 13 ra
213 687 80 28 tydligt
316 687 40 21 och
377 688 65 25 klart,
462 696 47 13 men
529 687 106 22 utskottet
654 687 39 21 har
708 687 56 21 dock
781 687 46 21 icke
843 687 75 21 tvekat

169 724 30 18 att
215 722 11 20 å
243 729 48 20 pag.
307 722 12 20 6
336 722 67 20 uttala
422 722 40 20 den
479 723 61 26 äsigt,
557 725 31 18 att
603 722 36 21 det
655 723 17 28 ej
690 722 102 20 innebure
807 721 71 28 någon
895 728 23 13 o-

168 756 90 20 rättvisa
274 759 31 17 att
320 756 78 28 ålägga
414 756 25 21 de
456 756 6 21 i
475 764 61 13 mom.
550 757 12 20 5
575 755 140 28 uppräknade
727 755 124 28 lägenheter
863 757 55 19 samt

168 789 183 21 landthandlande
367 793 31 17 att
412 790 86 28 deltaga
514 791 5 19 i
536 790 241 28 skjntsningsbesväret.
813 789 44 28 Jag
871 789 48 21 der-

169 827 57 17 emot
249 823 42 21 kan
315 824 17 27 ej
355 824 59 20 finna
432 828 64 17 annat
515 825 26 20 än
561 828 30 16 att
607 825 59 20 detta
683 831 50 13 vore
748 831 25 13 en
791 823 128 27 obestridlig

169 858 113 24 orättvisa,
303 858 47 23 icke
369 857 85 22 derföre
470 861 30 18 att
513 859 37 27 jag
566 866 62 13 anser
644 862 30 17 ett
690 858 76 20 sådant
781 857 114 28 åliggande
911 857 7 21 i

169 892 40 21 och
230 892 34 21 för
282 892 34 28 sig
335 892 58 28 sjelft
412 900 50 13 vara
478 893 95 27 obilligt,
589 896 22 24 ty
625 893 38 27 jag
680 900 51 13 vore
746 893 92 20 tvärtom
855 891 65 21 benä-

169 933 42 21 gen
234 929 31 18 att
287 926 71 21 dertill
379 926 119 28 tillstyrka,
518 935 47 12 men
585 927 47 20 med
649 927 36 20 det
700 925 133 29 uttryckliga
849 925 71 21 förbe-

169 960 44 21 håll
237 963 30 18 att
289 960 67 28 något
375 960 109 28 undantag
503 961 6 20 i
529 961 89 20 berörde
638 960 101 21 afseende
754 961 19 27 ej
789 960 84 21 komme
889 962 31 18 att

170 994 38 21 ske
227 995 34 20 för
280 995 26 20 de
325 995 6 20 i
351 1002 63 13 mom.
432 996 9 19 1
459 999 109 24 upptagne
583 995 132 28 lägenheter,
730 998 51 17 utan
797 993 123 29 fullkomlig

169 1028 144 29 likställighet
328 1028 75 21 härvid
420 1029 87 21 införas.

238 1074 57 21 Herr
311 1073 137 22 Thermén:
470 1074 52 21 Icke
538 1074 66 21 heller
617 1075 38 28 jag
667 1074 41 21 kan
725 1073 115 29 godkänna
851 1073 37 22 det
899 1074 24 21 af

169 1108 106 21 utskottet
295 1109 90 20 anförda
404 1109 39 21 och
460 1109 24 21 af
496 1109 40 20 den
553 1109 130 29 föregående
699 1108 82 21 talaren
796 1108 64 20 redan
877 1115 44 14 om-

170 1143 93 21 nämnda
275 1144 74 25 motiv,
361 1150 46 14 som
420 1144 104 21 utskottet
536 1144 44 28 lagt
592 1144 31 20 till
636 1143 70 28 grund
719 1144 33 20 för
763 1142 38 22 sitt
812 1143 109 20 utlåtande

171 1177 6 21 i
194 1184 62 14 mom.
275 1178 17 20 1.
323 1177 100 21 Orsaken
440 1178 32 20 till
488 1178 47 20 mitt
551 1178 108 27 ogillande
676 1178 24 20 af
713 1176 91 21 nämnde
819 1177 66 20 motiv
898 1178 24 19 är

170 1211 52 28 den,
239 1214 30 18 att
282 1212 37 28 jag
336 1219 62 13 anser
413 1219 81 13 samma
509 1212 47 20 skäl
568 1212 72 20 kunna
653 1212 104 28 åberopas
769 1211 70 21 såsom
851 1210 70 29 grund

171 1246 33 20 för
221 1246 98 20 befrielse
332 1246 46 21 från
392 1246 73 29 hvarje
481 1246 115 27 tillökning
609 1246 4 21 i
625 1246 65 26 skatt,
703 1246 45 22 från
762 1245 72 27 hvarje
848 1245 75 21 bevill«

171 1280 139 28 ningsafgift,
327 1280 45 21 från
389 1280 83 21 hvilket
488 1287 53 14 onus
556 1287 46 13 som
618 1280 63 21 helst.
706 1279 33 21 De
751 1279 64 21 hafva
827 1280 42 20 alla
881 1279 41 21 den

171 1322 158 21 gemensamma
345 1314 109 28 egenskap
470 1318 30 16 att
514 1314 82 21 minska
608 1315 144 27 tillgängarne
765 1314 38 20 hos
815 1314 48 26 den,
876 1321 45 14 som

172 1348 63 20 deraf
255 1348 100 20 drabbas.
393 1348 155 21 Förhållandet
566 1350 23 20 är
608 1348 127 26 emellertid,
755 1351 30 17 att
805 1348 80 21 enhvar
901 1348 25 21 af

172 1382 84 21 landets
272 1382 129 22 innevånare
418 1382 31 21 till
467 1383 43 21 viss
526 1383 52 28 grad
595 1383 37 22 har
650 1382 68 23 fördel
735 1382 24 22 af
767 1382 83 21 landets
863 1382 59 21 kom-
