<?xml version="1.0" encoding="UTF-8"?>
<alto xmlns="http://www.loc.gov/standards/alto/ns-v3#" xmlns:xlink="http://www.w3.org/1999/xlink" xmlns:xsi="http://www.w3.org/2001/XMLSchema-instance" xsi:schemaLocation="http://www.loc.gov/standards/alto/ns-v3# http://www.loc.gov/alto/v3/alto-3-0.xsd">
	<Description>
		<MeasurementUnit>pixel</MeasurementUnit>
		<sourceImageInformation>
			<fileName>/tmp/tess_vazjjfcm_input.PNG</fileName>
		</sourceImageInformation>
		<OCRProcessing ID="OCR_0">
			<ocrProcessingStep>
				<processingSoftware>
					<softwareName>tesseract 5.3.4</softwareName>
				</processingSoftware>
			</ocrProcessingStep>
		</OCRProcessing>
	</Description>
	<Layout>
		<Page WIDTH="1031" HEIGHT="1700" PHYSICAL_IMG_NR="0" ID="page_0">
			<PrintSpace HPOS="0" VPOS="0" WIDTH="1031" HEIGHT="1700">
				<ComposedBlock ID="cblock_0" HPOS="781" VPOS="139" WIDTH="42" HEIGHT="22">
					<TextBlock ID="block_0" HPOS="781" VPOS="139" WIDTH="42" HEIGHT="22">
						<TextLine ID="line_0" HPOS="781" VPOS="139" WIDTH="42" HEIGHT="22">
							<String ID="string_0" HPOS="781" VPOS="139" WIDTH="42" HEIGHT="22" WC="0.95" CONTENT="253"/>
						</TextLine>
					</TextBlock>
				</ComposedBlock>
				<ComposedBlock ID="cblock_1" HPOS="99" VPOS="200" WIDTH="767" HEIGHT="1275">
					<TextBlock ID="block_1" HPOS="99" VPOS="200" WIDTH="758" HEIGHT="342">
						<TextLine ID="line_1" HPOS="168" VPOS="200" WIDTH="684" HEIGHT="31">
							<String ID="string_1" HPOS="168" VPOS="203" WIDTH="56" HEIGHT="22" WC="0.81" CONTENT="Hefr"/><SP WIDTH="15" VPOS="203" HPOS="224"/>
							<String ID="string_2" HPOS="239" VPOS="202" WIDTH="130" HEIGHT="22" WC="0.94" CONTENT="Juselius:"/><SP WIDTH="31" VPOS="202" HPOS="369"/>
							<String ID="string_3" HPOS="400" VPOS="202" WIDTH="44" HEIGHT="22" WC="0.93" CONTENT="Till"/><SP WIDTH="20" VPOS="202" HPOS="444"/>
							<String ID="string_4" HPOS="464" VPOS="200" WIDTH="128" HEIGHT="23" WC="0.96" CONTENT="bemötande"/><SP WIDTH="16" VPOS="200" HPOS="592"/>
							<String ID="string_5" HPOS="608" VPOS="201" WIDTH="24" HEIGHT="21" WC="0.96" CONTENT="af"/><SP WIDTH="12" VPOS="201" HPOS="632"/>
							<String ID="string_6" HPOS="644" VPOS="200" WIDTH="51" HEIGHT="23" WC="0.93" CONTENT="herr"/><SP WIDTH="15" VPOS="200" HPOS="695"/>
							<String ID="string_7" HPOS="710" VPOS="200" WIDTH="142" HEIGHT="31" WC="0.92" CONTENT="Tengströms"/>
						</TextLine>
						<TextLine ID="line_2" HPOS="99" VPOS="236" WIDTH="755" HEIGHT="30">
							<String ID="string_8" HPOS="99" VPOS="242" WIDTH="86" HEIGHT="18" WC="0.78" CONTENT="senaste"/><SP WIDTH="15" VPOS="242" HPOS="185"/>
							<String ID="string_9" HPOS="200" VPOS="237" WIDTH="99" HEIGHT="29" WC="0.96" CONTENT="yttrande"/><SP WIDTH="20" VPOS="237" HPOS="299"/>
							<String ID="string_10" HPOS="319" VPOS="237" WIDTH="33" HEIGHT="21" WC="0.96" CONTENT="får"/><SP WIDTH="16" VPOS="237" HPOS="352"/>
							<String ID="string_11" HPOS="368" VPOS="238" WIDTH="40" HEIGHT="27" WC="0.93" CONTENT="jag"/><SP WIDTH="18" VPOS="238" HPOS="408"/>
							<String ID="string_12" HPOS="426" VPOS="236" WIDTH="106" HEIGHT="29" WC="0.92" CONTENT="genmäla,"/><SP WIDTH="16" VPOS="236" HPOS="532"/>
							<String ID="string_13" HPOS="548" VPOS="239" WIDTH="32" HEIGHT="18" WC="0.96" CONTENT="att"/><SP WIDTH="13" VPOS="239" HPOS="580"/>
							<String ID="string_14" HPOS="593" VPOS="244" WIDTH="35" HEIGHT="13" WC="0.93" CONTENT="om"/><SP WIDTH="16" VPOS="244" HPOS="628"/>
							<String ID="string_15" HPOS="644" VPOS="236" WIDTH="115" HEIGHT="22" WC="0.90" CONTENT="ständerne"/><SP WIDTH="16" VPOS="236" HPOS="759"/>
							<String ID="string_16" HPOS="775" VPOS="237" WIDTH="6" HEIGHT="21" WC="0.93" CONTENT="i"/><SP WIDTH="17" VPOS="237" HPOS="781"/>
							<String ID="string_17" HPOS="798" VPOS="238" WIDTH="56" HEIGHT="21" WC="0.92" CONTENT="före-"/>
						</TextLine>
						<TextLine ID="line_3" HPOS="100" VPOS="270" WIDTH="754" HEIGHT="31">
							<String ID="string_18" HPOS="100" VPOS="272" WIDTH="84" HEIGHT="29" WC="0.93" CONTENT="gående"/><SP WIDTH="22" VPOS="272" HPOS="184"/>
							<String ID="string_19" HPOS="206" VPOS="271" WIDTH="97" HEIGHT="27" WC="0.92" CONTENT="ärender,"/><SP WIDTH="22" VPOS="271" HPOS="303"/>
							<String ID="string_20" HPOS="325" VPOS="271" WIDTH="38" HEIGHT="21" WC="0.96" CONTENT="der"/><SP WIDTH="18" VPOS="271" HPOS="363"/>
							<String ID="string_21" HPOS="381" VPOS="271" WIDTH="38" HEIGHT="21" WC="0.96" CONTENT="det"/><SP WIDTH="19" VPOS="271" HPOS="419"/>
							<String ID="string_22" HPOS="438" VPOS="270" WIDTH="56" HEIGHT="21" WC="0.96" CONTENT="varit"/><SP WIDTH="19" VPOS="270" HPOS="494"/>
							<String ID="string_23" HPOS="513" VPOS="270" WIDTH="61" HEIGHT="29" WC="0.96" CONTENT="fråga"/><SP WIDTH="15" VPOS="270" HPOS="574"/>
							<String ID="string_24" HPOS="589" VPOS="278" WIDTH="35" HEIGHT="13" WC="0.96" CONTENT="om"/><SP WIDTH="15" VPOS="278" HPOS="624"/>
							<String ID="string_25" HPOS="639" VPOS="273" WIDTH="32" HEIGHT="18" WC="0.96" CONTENT="att"/><SP WIDTH="15" VPOS="273" HPOS="671"/>
							<String ID="string_26" HPOS="686" VPOS="270" WIDTH="69" HEIGHT="21" WC="0.96" CONTENT="uttala"/><SP WIDTH="14" VPOS="270" HPOS="755"/>
							<String ID="string_27" HPOS="769" VPOS="271" WIDTH="35" HEIGHT="28" WC="0.93" CONTENT="sig"/><SP WIDTH="14" VPOS="271" HPOS="804"/>
							<String ID="string_28" HPOS="818" VPOS="272" WIDTH="36" HEIGHT="21" WC="0.91" CONTENT="rö-"/>
						</TextLine>
						<TextLine ID="line_4" HPOS="100" VPOS="304" WIDTH="756" HEIGHT="30">
							<String ID="string_29" HPOS="100" VPOS="306" WIDTH="67" HEIGHT="22" WC="0.96" CONTENT="rande"/><SP WIDTH="22" VPOS="306" HPOS="167"/>
							<String ID="string_30" HPOS="189" VPOS="306" WIDTH="67" HEIGHT="28" WC="0.95" CONTENT="några"/><SP WIDTH="21" VPOS="306" HPOS="256"/>
							<String ID="string_31" HPOS="277" VPOS="307" WIDTH="59" HEIGHT="20" WC="0.95" CONTENT="vissa"/><SP WIDTH="18" VPOS="307" HPOS="336"/>
							<String ID="string_32" HPOS="354" VPOS="305" WIDTH="110" HEIGHT="21" WC="0.95" CONTENT="allmänna"/><SP WIDTH="18" VPOS="305" HPOS="464"/>
							<String ID="string_33" HPOS="482" VPOS="305" WIDTH="147" HEIGHT="28" WC="0.93" CONTENT="grundsatser,"/><SP WIDTH="15" VPOS="305" HPOS="629"/>
							<String ID="string_34" HPOS="644" VPOS="304" WIDTH="88" HEIGHT="29" WC="0.91" CONTENT="afgifvit"/><SP WIDTH="14" VPOS="304" HPOS="732"/>
							<String ID="string_35" HPOS="746" VPOS="304" WIDTH="27" HEIGHT="22" WC="0.93" CONTENT="de"/><SP WIDTH="15" VPOS="304" HPOS="773"/>
							<String ID="string_36" HPOS="788" VPOS="306" WIDTH="68" HEIGHT="21" WC="0.92" CONTENT="infor-"/>
						</TextLine>
						<TextLine ID="line_5" HPOS="100" VPOS="339" WIDTH="756" HEIGHT="30">
							<String ID="string_37" HPOS="100" VPOS="341" WIDTH="67" HEIGHT="21" WC="0.91" CONTENT="drade"/><SP WIDTH="22" VPOS="341" HPOS="167"/>
							<String ID="string_38" HPOS="189" VPOS="340" WIDTH="136" HEIGHT="29" WC="0.90" CONTENT="yttrandena,"/><SP WIDTH="21" VPOS="340" HPOS="325"/>
							<String ID="string_39" HPOS="346" VPOS="340" WIDTH="25" HEIGHT="21" WC="0.96" CONTENT="så"/><SP WIDTH="23" VPOS="340" HPOS="371"/>
							<String ID="string_40" HPOS="394" VPOS="339" WIDTH="63" HEIGHT="28" WC="0.96" CONTENT="följer"/><SP WIDTH="22" VPOS="339" HPOS="457"/>
							<String ID="string_41" HPOS="479" VPOS="339" WIDTH="65" HEIGHT="21" WC="0.96" CONTENT="deraf"/><SP WIDTH="15" VPOS="339" HPOS="544"/>
							<String ID="string_42" HPOS="559" VPOS="339" WIDTH="48" HEIGHT="21" WC="0.96" CONTENT="icke"/><SP WIDTH="19" VPOS="339" HPOS="607"/>
							<String ID="string_43" HPOS="626" VPOS="342" WIDTH="31" HEIGHT="18" WC="0.93" CONTENT="att"/><SP WIDTH="14" VPOS="342" HPOS="657"/>
							<String ID="string_44" HPOS="671" VPOS="339" WIDTH="116" HEIGHT="22" WC="0.92" CONTENT="ständerne"/><SP WIDTH="15" VPOS="339" HPOS="787"/>
							<String ID="string_45" HPOS="802" VPOS="339" WIDTH="54" HEIGHT="23" WC="0.96" CONTENT="böra"/>
						</TextLine>
						<TextLine ID="line_6" HPOS="101" VPOS="373" WIDTH="754" HEIGHT="30">
							<String ID="string_46" HPOS="101" VPOS="376" WIDTH="53" HEIGHT="21" WC="0.96" CONTENT="eller"/><SP WIDTH="21" VPOS="376" HPOS="154"/>
							<String ID="string_47" HPOS="175" VPOS="382" WIDTH="39" HEIGHT="15" WC="0.95" CONTENT="ens"/><SP WIDTH="22" VPOS="382" HPOS="214"/>
							<String ID="string_48" HPOS="236" VPOS="374" WIDTH="72" HEIGHT="22" WC="0.96" CONTENT="kunna"/><SP WIDTH="19" VPOS="374" HPOS="308"/>
							<String ID="string_49" HPOS="327" VPOS="374" WIDTH="27" HEIGHT="28" WC="0.96" CONTENT="på"/><SP WIDTH="19" VPOS="374" HPOS="354"/>
							<String ID="string_50" HPOS="373" VPOS="373" WIDTH="113" HEIGHT="22" WC="0.96" CONTENT="enahanda"/><SP WIDTH="20" VPOS="373" HPOS="486"/>
							<String ID="string_51" HPOS="506" VPOS="374" WIDTH="44" HEIGHT="20" WC="0.96" CONTENT="sätt"/><SP WIDTH="18" VPOS="374" HPOS="550"/>
							<String ID="string_52" HPOS="568" VPOS="373" WIDTH="67" HEIGHT="21" WC="0.96" CONTENT="uttala"/><SP WIDTH="15" VPOS="373" HPOS="635"/>
							<String ID="string_53" HPOS="650" VPOS="373" WIDTH="35" HEIGHT="29" WC="0.95" CONTENT="sig"/><SP WIDTH="15" VPOS="373" HPOS="685"/>
							<String ID="string_54" HPOS="700" VPOS="374" WIDTH="6" HEIGHT="20" WC="0.95" CONTENT="i"/><SP WIDTH="16" VPOS="374" HPOS="706"/>
							<String ID="string_55" HPOS="722" VPOS="374" WIDTH="43" HEIGHT="21" WC="0.96" CONTENT="alla"/><SP WIDTH="14" VPOS="374" HPOS="765"/>
							<String ID="string_56" HPOS="779" VPOS="374" WIDTH="76" HEIGHT="29" WC="0.96" CONTENT="dylika"/>
						</TextLine>
						<TextLine ID="line_7" HPOS="102" VPOS="407" WIDTH="754" HEIGHT="30">
							<String ID="string_57" HPOS="102" VPOS="409" WIDTH="100" HEIGHT="26" WC="0.92" CONTENT="ärender;"/><SP WIDTH="22" VPOS="409" HPOS="202"/>
							<String ID="string_58" HPOS="224" VPOS="408" WIDTH="40" HEIGHT="22" WC="0.96" CONTENT="och"/><SP WIDTH="16" VPOS="408" HPOS="264"/>
							<String ID="string_59" HPOS="280" VPOS="416" WIDTH="34" HEIGHT="14" WC="0.93" CONTENT="om"/><SP WIDTH="16" VPOS="416" HPOS="314"/>
							<String ID="string_60" HPOS="330" VPOS="408" WIDTH="116" HEIGHT="29" WC="0.92" CONTENT="ständerne"/><SP WIDTH="16" VPOS="408" HPOS="446"/>
							<String ID="string_61" HPOS="462" VPOS="408" WIDTH="30" HEIGHT="21" WC="0.96" CONTENT="uti"/><SP WIDTH="16" VPOS="408" HPOS="492"/>
							<String ID="string_62" HPOS="508" VPOS="407" WIDTH="140" HEIGHT="21" WC="0.96" CONTENT="förevarande"/><SP WIDTH="15" VPOS="407" HPOS="648"/>
							<String ID="string_63" HPOS="663" VPOS="409" WIDTH="63" HEIGHT="21" WC="0.93" CONTENT="ämne"/><SP WIDTH="15" VPOS="409" HPOS="726"/>
							<String ID="string_64" HPOS="741" VPOS="408" WIDTH="115" HEIGHT="22" WC="0.53" CONTENT="tillkätta-"/>
						</TextLine>
						<TextLine ID="line_8" HPOS="102" VPOS="441" WIDTH="754" HEIGHT="32">
							<String ID="string_65" HPOS="102" VPOS="444" WIDTH="61" HEIGHT="29" WC="0.96" CONTENT="gifva"/><SP WIDTH="22" VPOS="444" HPOS="163"/>
							<String ID="string_66" HPOS="185" VPOS="447" WIDTH="31" HEIGHT="18" WC="0.96" CONTENT="att"/><SP WIDTH="18" VPOS="447" HPOS="216"/>
							<String ID="string_67" HPOS="234" VPOS="443" WIDTH="27" HEIGHT="22" WC="0.96" CONTENT="de"/><SP WIDTH="18" VPOS="443" HPOS="261"/>
							<String ID="string_68" HPOS="279" VPOS="450" WIDTH="51" HEIGHT="14" WC="0.96" CONTENT="anse"/><SP WIDTH="16" VPOS="450" HPOS="330"/>
							<String ID="string_69" HPOS="346" VPOS="450" WIDTH="26" HEIGHT="14" WC="0.96" CONTENT="en"/><SP WIDTH="16" VPOS="450" HPOS="372"/>
							<String ID="string_70" HPOS="388" VPOS="443" WIDTH="98" HEIGHT="20" WC="0.96" CONTENT="närmare"/><SP WIDTH="16" VPOS="443" HPOS="486"/>
							<String ID="string_71" HPOS="502" VPOS="441" WIDTH="116" HEIGHT="29" WC="0.97" CONTENT="utredning"/><SP WIDTH="15" VPOS="441" HPOS="618"/>
							<String ID="string_72" HPOS="633" VPOS="443" WIDTH="25" HEIGHT="20" WC="0.96" CONTENT="af"/><SP WIDTH="11" VPOS="443" HPOS="658"/>
							<String ID="string_73" HPOS="669" VPOS="442" WIDTH="120" HEIGHT="22" WC="0.85" CONTENT="detsammä"/><SP WIDTH="15" VPOS="442" HPOS="789"/>
							<String ID="string_74" HPOS="804" VPOS="444" WIDTH="52" HEIGHT="20" WC="0.31" CONTENT="vara"/>
						</TextLine>
						<TextLine ID="line_9" HPOS="103" VPOS="476" WIDTH="753" HEIGHT="30">
							<String ID="string_75" HPOS="103" VPOS="478" WIDTH="104" HEIGHT="28" WC="0.92" CONTENT="behöflig,"/><SP WIDTH="19" VPOS="478" HPOS="207"/>
							<String ID="string_76" HPOS="226" VPOS="478" WIDTH="24" HEIGHT="21" WC="0.96" CONTENT="så"/><SP WIDTH="18" VPOS="478" HPOS="250"/>
							<String ID="string_77" HPOS="268" VPOS="478" WIDTH="44" HEIGHT="21" WC="0.96" CONTENT="står"/><SP WIDTH="15" VPOS="478" HPOS="312"/>
							<String ID="string_78" HPOS="327" VPOS="484" WIDTH="26" HEIGHT="14" WC="0.96" CONTENT="en"/><SP WIDTH="16" VPOS="484" HPOS="353"/>
							<String ID="string_79" HPOS="369" VPOS="476" WIDTH="68" HEIGHT="22" WC="0.96" CONTENT="sådan"/><SP WIDTH="17" VPOS="476" HPOS="437"/>
							<String ID="string_80" HPOS="454" VPOS="476" WIDTH="77" HEIGHT="28" WC="0.96" CONTENT="åtgärd"/><SP WIDTH="16" VPOS="476" HPOS="531"/>
							<String ID="string_81" HPOS="547" VPOS="476" WIDTH="88" HEIGHT="21" WC="0.96" CONTENT="alldeles"/><SP WIDTH="16" VPOS="476" HPOS="635"/>
							<String ID="string_82" HPOS="651" VPOS="476" WIDTH="48" HEIGHT="22" WC="0.96" CONTENT="icke"/><SP WIDTH="16" VPOS="476" HPOS="699"/>
							<String ID="string_83" HPOS="715" VPOS="478" WIDTH="6" HEIGHT="20" WC="0.96" CONTENT="i"/><SP WIDTH="16" VPOS="478" HPOS="721"/>
							<String ID="string_84" HPOS="737" VPOS="476" WIDTH="54" HEIGHT="22" WC="0.89" CONTENT="strid"/><SP WIDTH="16" VPOS="476" HPOS="791"/>
							<String ID="string_85" HPOS="807" VPOS="478" WIDTH="49" HEIGHT="21" WC="0.94" CONTENT="med"/>
						</TextLine>
						<TextLine ID="line_10" HPOS="103" VPOS="508" WIDTH="754" HEIGHT="34">
							<String ID="string_86" HPOS="103" VPOS="512" WIDTH="28" HEIGHT="22" WC="0.96" CONTENT="de"/><SP WIDTH="12" VPOS="512" HPOS="131"/>
							<String ID="string_87" HPOS="143" VPOS="512" WIDTH="100" HEIGHT="30" WC="0.93" CONTENT="åtgärder"/><SP WIDTH="11" VPOS="512" HPOS="243"/>
							<String ID="string_88" HPOS="254" VPOS="512" WIDTH="115" HEIGHT="22" WC="0.93" CONTENT="ständerne"/><SP WIDTH="12" VPOS="512" HPOS="369"/>
							<String ID="string_89" HPOS="381" VPOS="512" WIDTH="6" HEIGHT="20" WC="0.97" CONTENT="i"/><SP WIDTH="10" VPOS="512" HPOS="387"/>
							<String ID="string_90" HPOS="397" VPOS="511" WIDTH="67" HEIGHT="21" WC="0.96" CONTENT="andra"/><SP WIDTH="8" VPOS="511" HPOS="464"/>
							<String ID="string_91" HPOS="472" VPOS="511" WIDTH="44" HEIGHT="21" WC="0.93" CONTENT="lika"/><SP WIDTH="9" VPOS="511" HPOS="516"/>
							<String ID="string_92" HPOS="525" VPOS="510" WIDTH="124" HEIGHT="22" WC="0.92" CONTENT="beskaffade"/><SP WIDTH="8" VPOS="510" HPOS="649"/>
							<String ID="string_93" HPOS="657" VPOS="511" WIDTH="91" HEIGHT="21" WC="0.92" CONTENT="ärender"/><SP WIDTH="8" VPOS="511" HPOS="748"/>
							<String ID="string_94" HPOS="756" VPOS="508" WIDTH="101" HEIGHT="32" WC="0.82" CONTENT="vidtagit."/>
						</TextLine>
					</TextBlock>
					<TextBlock ID="block_2" HPOS="104" VPOS="547" WIDTH="760" HEIGHT="547">
						<TextLine ID="line_11" HPOS="173" VPOS="547" WIDTH="685" HEIGHT="34">
							<String ID="string_95" HPOS="173" VPOS="552" WIDTH="56" HEIGHT="22" WC="0.95" CONTENT="Herr"/><SP WIDTH="15" VPOS="552" HPOS="229"/>
							<String ID="string_96" HPOS="244" VPOS="552" WIDTH="170" HEIGHT="29" WC="0.93" CONTENT="Tengström:"/><SP WIDTH="37" VPOS="552" HPOS="414"/>
							<String ID="string_97" HPOS="451" VPOS="547" WIDTH="66" HEIGHT="26" WC="0.83" CONTENT="Ännn"/><SP WIDTH="17" VPOS="547" HPOS="517"/>
							<String ID="string_98" HPOS="534" VPOS="550" WIDTH="94" HEIGHT="22" WC="0.96" CONTENT="anhåller"/><SP WIDTH="16" VPOS="550" HPOS="628"/>
							<String ID="string_99" HPOS="644" VPOS="551" WIDTH="39" HEIGHT="30" WC="0.96" CONTENT="jag"/><SP WIDTH="19" VPOS="551" HPOS="683"/>
							<String ID="string_100" HPOS="702" VPOS="554" WIDTH="31" HEIGHT="19" WC="0.96" CONTENT="att"/><SP WIDTH="18" VPOS="554" HPOS="733"/>
							<String ID="string_101" HPOS="751" VPOS="547" WIDTH="22" HEIGHT="26" WC="0.96" CONTENT="få"/><SP WIDTH="16" VPOS="547" HPOS="773"/>
							<String ID="string_102" HPOS="789" VPOS="550" WIDTH="69" HEIGHT="30" WC="0.91" CONTENT="fråga;"/>
						</TextLine>
						<TextLine ID="line_12" HPOS="104" VPOS="581" WIDTH="753" HEIGHT="35">
							<String ID="string_103" HPOS="104" VPOS="587" WIDTH="107" HEIGHT="22" WC="0.96" CONTENT="huruvida"/><SP WIDTH="22" VPOS="587" HPOS="211"/>
							<String ID="string_104" HPOS="233" VPOS="595" WIDTH="78" HEIGHT="21" WC="0.96" CONTENT="genom"/><SP WIDTH="22" VPOS="595" HPOS="311"/>
							<String ID="string_105" HPOS="333" VPOS="585" WIDTH="122" HEIGHT="22" WC="0.96" CONTENT="statistiska"/><SP WIDTH="21" VPOS="585" HPOS="455"/>
							<String ID="string_106" HPOS="476" VPOS="585" WIDTH="160" HEIGHT="29" WC="0.96" CONTENT="upplysningar"/><SP WIDTH="19" VPOS="585" HPOS="636"/>
							<String ID="string_107" HPOS="655" VPOS="585" WIDTH="42" HEIGHT="22" WC="0.93" CONTENT="kati"/><SP WIDTH="19" VPOS="585" HPOS="697"/>
							<String ID="string_108" HPOS="716" VPOS="581" WIDTH="87" HEIGHT="27" WC="0.90" CONTENT="utfedas"/><SP WIDTH="19" VPOS="581" HPOS="803"/>
							<String ID="string_109" HPOS="822" VPOS="589" WIDTH="35" HEIGHT="18" WC="0.77" CONTENT="öin"/>
						</TextLine>
						<TextLine ID="line_13" HPOS="104" VPOS="616" WIDTH="754" HEIGHT="34">
							<String ID="string_110" HPOS="104" VPOS="622" WIDTH="38" HEIGHT="21" WC="0.96" CONTENT="det"/><SP WIDTH="21" VPOS="622" HPOS="142"/>
							<String ID="string_111" HPOS="163" VPOS="623" WIDTH="24" HEIGHT="20" WC="0.95" CONTENT="är"/><SP WIDTH="22" VPOS="623" HPOS="187"/>
							<String ID="string_112" HPOS="209" VPOS="621" WIDTH="73" HEIGHT="29" WC="0.95" CONTENT="billigt"/><SP WIDTH="22" VPOS="621" HPOS="282"/>
							<String ID="string_113" HPOS="304" VPOS="624" WIDTH="31" HEIGHT="19" WC="0.93" CONTENT="att"/><SP WIDTH="22" VPOS="624" HPOS="335"/>
							<String ID="string_114" HPOS="357" VPOS="620" WIDTH="43" HEIGHT="21" WC="0.93" CONTENT="alla"/><SP WIDTH="16" VPOS="620" HPOS="400"/>
							<String ID="string_115" HPOS="416" VPOS="619" WIDTH="117" HEIGHT="30" WC="0.93" CONTENT="jordegare"/><SP WIDTH="18" VPOS="619" HPOS="533"/>
							<String ID="string_116" HPOS="551" VPOS="619" WIDTH="45" HEIGHT="22" WC="0.93" CONTENT="lika"/><SP WIDTH="19" VPOS="619" HPOS="596"/>
							<String ID="string_117" HPOS="615" VPOS="620" WIDTH="106" HEIGHT="29" WC="0.93" CONTENT="betungas"/><SP WIDTH="18" VPOS="620" HPOS="721"/>
							<String ID="string_118" HPOS="739" VPOS="620" WIDTH="49" HEIGHT="22" WC="0.76" CONTENT="med"/><SP WIDTH="16" VPOS="620" HPOS="788"/>
							<String ID="string_119" HPOS="804" VPOS="616" WIDTH="54" HEIGHT="26" WC="0.91" CONTENT="häll-"/>
						</TextLine>
						<TextLine ID="line_14" HPOS="104" VPOS="650" WIDTH="753" HEIGHT="35">
							<String ID="string_120" HPOS="104" VPOS="656" WIDTH="130" HEIGHT="29" WC="0.55" CONTENT="skjatsning,"/><SP WIDTH="22" VPOS="656" HPOS="234"/>
							<String ID="string_121" HPOS="256" VPOS="655" WIDTH="53" HEIGHT="22" WC="0.96" CONTENT="eller"/><SP WIDTH="21" VPOS="655" HPOS="309"/>
							<String ID="string_122" HPOS="330" VPOS="662" WIDTH="34" HEIGHT="14" WC="0.96" CONTENT="om"/><SP WIDTH="23" VPOS="662" HPOS="364"/>
							<String ID="string_123" HPOS="387" VPOS="654" WIDTH="35" HEIGHT="21" WC="0.95" CONTENT="till"/><SP WIDTH="18" VPOS="654" HPOS="422"/>
							<String ID="string_124" HPOS="440" VPOS="654" WIDTH="97" HEIGHT="28" WC="0.93" CONTENT="exempel"/><SP WIDTH="20" VPOS="654" HPOS="537"/>
							<String ID="string_125" HPOS="557" VPOS="654" WIDTH="184" HEIGHT="22" WC="0.92" CONTENT="militieboställen"/><SP WIDTH="20" VPOS="654" HPOS="741"/>
							<String ID="string_126" HPOS="761" VPOS="650" WIDTH="54" HEIGHT="27" WC="0.95" CONTENT="böra"/><SP WIDTH="15" VPOS="650" HPOS="815"/>
							<String ID="string_127" HPOS="830" VPOS="659" WIDTH="27" HEIGHT="21" WC="0.95" CONTENT="nu"/>
						</TextLine>
						<TextLine ID="line_15" HPOS="105" VPOS="687" WIDTH="754" HEIGHT="32">
							<String ID="string_128" HPOS="105" VPOS="693" WIDTH="76" HEIGHT="26" WC="0.96" CONTENT="genast"/><SP WIDTH="22" VPOS="693" HPOS="181"/>
							<String ID="string_129" HPOS="203" VPOS="690" WIDTH="52" HEIGHT="25" WC="0.96" CONTENT="eller"/><SP WIDTH="22" VPOS="690" HPOS="255"/>
							<String ID="string_130" HPOS="277" VPOS="690" WIDTH="55" HEIGHT="21" WC="0.96" CONTENT="först"/><SP WIDTH="21" VPOS="690" HPOS="332"/>
							<String ID="string_131" HPOS="353" VPOS="688" WIDTH="55" HEIGHT="22" WC="0.96" CONTENT="efter"/><SP WIDTH="22" VPOS="688" HPOS="408"/>
							<String ID="string_132" HPOS="430" VPOS="688" WIDTH="124" HEIGHT="22" WC="0.93" CONTENT="nuvarande"/><SP WIDTH="22" VPOS="688" HPOS="554"/>
							<String ID="string_133" HPOS="576" VPOS="688" WIDTH="179" HEIGHT="23" WC="0.91" CONTENT="innehafvarenes"/><SP WIDTH="22" VPOS="688" HPOS="755"/>
							<String ID="string_134" HPOS="777" VPOS="687" WIDTH="82" HEIGHT="31" WC="0.86" CONTENT="afgäng"/>
						</TextLine>
						<TextLine ID="line_16" HPOS="105" VPOS="721" WIDTH="754" HEIGHT="31">
							<String ID="string_135" HPOS="105" VPOS="724" WIDTH="87" HEIGHT="23" WC="0.92" CONTENT="dermed"/><SP WIDTH="17" VPOS="724" HPOS="192"/>
							<String ID="string_136" HPOS="209" VPOS="724" WIDTH="100" HEIGHT="27" WC="0.92" CONTENT="belastas,"/><SP WIDTH="16" VPOS="724" HPOS="309"/>
							<String ID="string_137" HPOS="325" VPOS="723" WIDTH="52" HEIGHT="22" WC="0.95" CONTENT="eller"/><SP WIDTH="15" VPOS="723" HPOS="377"/>
							<String ID="string_138" HPOS="392" VPOS="730" WIDTH="36" HEIGHT="14" WC="0.95" CONTENT="om"/><SP WIDTH="16" VPOS="730" HPOS="428"/>
							<String ID="string_139" HPOS="444" VPOS="731" WIDTH="78" HEIGHT="20" WC="0.93" CONTENT="genom"/><SP WIDTH="16" VPOS="731" HPOS="522"/>
							<String ID="string_140" HPOS="538" VPOS="722" WIDTH="75" HEIGHT="30" WC="0.92" CONTENT="dylika"/><SP WIDTH="15" VPOS="722" HPOS="613"/>
							<String ID="string_141" HPOS="628" VPOS="721" WIDTH="112" HEIGHT="31" WC="0.96" CONTENT="uppgifter"/><SP WIDTH="14" VPOS="721" HPOS="740"/>
							<String ID="string_142" HPOS="754" VPOS="722" WIDTH="43" HEIGHT="23" WC="0.93" CONTENT="kan"/><SP WIDTH="16" VPOS="722" HPOS="797"/>
							<String ID="string_143" HPOS="813" VPOS="722" WIDTH="46" HEIGHT="23" WC="0.92" CONTENT="vin-"/>
						</TextLine>
						<TextLine ID="line_17" HPOS="105" VPOS="756" WIDTH="759" HEIGHT="31">
							<String ID="string_144" HPOS="105" VPOS="766" WIDTH="39" HEIGHT="14" WC="0.92" CONTENT="nas"/><SP WIDTH="19" VPOS="766" HPOS="144"/>
							<String ID="string_145" HPOS="163" VPOS="759" WIDTH="70" HEIGHT="28" WC="0.96" CONTENT="någon"/><SP WIDTH="20" VPOS="759" HPOS="233"/>
							<String ID="string_146" HPOS="253" VPOS="757" WIDTH="69" HEIGHT="30" WC="0.96" CONTENT="grund"/><SP WIDTH="17" VPOS="757" HPOS="322"/>
							<String ID="string_147" HPOS="339" VPOS="757" WIDTH="53" HEIGHT="22" WC="0.96" CONTENT="eller"/><SP WIDTH="15" VPOS="757" HPOS="392"/>
							<String ID="string_148" HPOS="407" VPOS="757" WIDTH="90" HEIGHT="29" WC="0.96" CONTENT="ledning"/><SP WIDTH="15" VPOS="757" HPOS="497"/>
							<String ID="string_149" HPOS="512" VPOS="757" WIDTH="34" HEIGHT="21" WC="0.93" CONTENT="för"/><SP WIDTH="16" VPOS="757" HPOS="546"/>
							<String ID="string_150" HPOS="562" VPOS="756" WIDTH="167" HEIGHT="23" WC="0.92" CONTENT="bedömmandet"/><SP WIDTH="14" VPOS="756" HPOS="729"/>
							<String ID="string_151" HPOS="743" VPOS="764" WIDTH="35" HEIGHT="15" WC="0.93" CONTENT="om"/><SP WIDTH="15" VPOS="764" HPOS="778"/>
							<String ID="string_152" HPOS="793" VPOS="756" WIDTH="71" HEIGHT="23" WC="0.82" CONTENT="fabri--"/>
						</TextLine>
						<TextLine ID="line_18" HPOS="106" VPOS="790" WIDTH="754" HEIGHT="31">
							<String ID="string_153" HPOS="106" VPOS="793" WIDTH="39" HEIGHT="21" WC="0.96" CONTENT="ker"/><SP WIDTH="20" VPOS="793" HPOS="145"/>
							<String ID="string_154" HPOS="165" VPOS="793" WIDTH="27" HEIGHT="28" WC="0.96" CONTENT="pä"/><SP WIDTH="18" VPOS="793" HPOS="192"/>
							<String ID="string_155" HPOS="210" VPOS="792" WIDTH="73" HEIGHT="21" WC="0.96" CONTENT="landet"/><SP WIDTH="18" VPOS="792" HPOS="283"/>
							<String ID="string_156" HPOS="301" VPOS="791" WIDTH="62" HEIGHT="22" WC="0.96" CONTENT="skola"/><SP WIDTH="19" VPOS="791" HPOS="363"/>
							<String ID="string_157" HPOS="382" VPOS="792" WIDTH="6" HEIGHT="21" WC="0.93" CONTENT="i"/><SP WIDTH="17" VPOS="792" HPOS="388"/>
							<String ID="string_158" HPOS="405" VPOS="791" WIDTH="196" HEIGHT="28" WC="0.86" CONTENT="hällskjutsningen"/><SP WIDTH="16" VPOS="791" HPOS="601"/>
							<String ID="string_159" HPOS="617" VPOS="790" WIDTH="87" HEIGHT="29" WC="0.96" CONTENT="deltaga"/><SP WIDTH="15" VPOS="790" HPOS="704"/>
							<String ID="string_160" HPOS="719" VPOS="795" WIDTH="56" HEIGHT="18" WC="0.96" CONTENT="samt"/><SP WIDTH="14" VPOS="795" HPOS="775"/>
							<String ID="string_161" HPOS="789" VPOS="792" WIDTH="71" HEIGHT="21" WC="0.96" CONTENT="denna"/>
						</TextLine>
						<TextLine ID="line_19" HPOS="106" VPOS="825" WIDTH="755" HEIGHT="30">
							<String ID="string_162" HPOS="106" VPOS="827" WIDTH="84" HEIGHT="22" WC="0.91" CONTENT="drabba"/><SP WIDTH="15" VPOS="827" HPOS="190"/>
							<String ID="string_163" HPOS="205" VPOS="827" WIDTH="102" HEIGHT="28" WC="0.96" CONTENT="antingen"/><SP WIDTH="16" VPOS="827" HPOS="307"/>
							<String ID="string_164" HPOS="323" VPOS="825" WIDTH="77" HEIGHT="22" WC="0.96" CONTENT="endast"/><SP WIDTH="15" VPOS="825" HPOS="400"/>
							<String ID="string_165" HPOS="415" VPOS="825" WIDTH="49" HEIGHT="22" WC="0.96" CONTENT="dem"/><SP WIDTH="16" VPOS="825" HPOS="464"/>
							<String ID="string_166" HPOS="480" VPOS="832" WIDTH="46" HEIGHT="15" WC="0.92" CONTENT="som"/><SP WIDTH="16" VPOS="832" HPOS="526"/>
							<String ID="string_167" HPOS="542" VPOS="825" WIDTH="115" HEIGHT="22" WC="0.91" CONTENT="framdeles"/><SP WIDTH="15" VPOS="825" HPOS="657"/>
							<String ID="string_168" HPOS="672" VPOS="825" WIDTH="121" HEIGHT="22" WC="0.92" CONTENT="tillkomma"/><SP WIDTH="14" VPOS="825" HPOS="793"/>
							<String ID="string_169" HPOS="807" VPOS="826" WIDTH="54" HEIGHT="21" WC="0.96" CONTENT="eller"/>
						</TextLine>
						<TextLine ID="line_20" HPOS="107" VPOS="859" WIDTH="754" HEIGHT="29">
							<String ID="string_170" HPOS="107" VPOS="862" WIDTH="63" HEIGHT="21" WC="0.95" CONTENT="äfven"/><SP WIDTH="16" VPOS="862" HPOS="170"/>
							<String ID="string_171" HPOS="186" VPOS="861" WIDTH="64" HEIGHT="22" WC="0.93" CONTENT="redan"/><SP WIDTH="17" VPOS="861" HPOS="250"/>
							<String ID="string_172" HPOS="267" VPOS="861" WIDTH="110" HEIGHT="27" WC="0.95" CONTENT="befintliga"/><SP WIDTH="17" VPOS="861" HPOS="377"/>
							<String ID="string_173" HPOS="394" VPOS="859" WIDTH="109" HEIGHT="22" WC="0.96" CONTENT="fabriker?"/><SP WIDTH="36" VPOS="859" HPOS="503"/>
							<String ID="string_174" HPOS="539" VPOS="859" WIDTH="45" HEIGHT="22" WC="0.89" CONTENT="Det"/><SP WIDTH="14" VPOS="859" HPOS="584"/>
							<String ID="string_175" HPOS="598" VPOS="861" WIDTH="24" HEIGHT="20" WC="0.96" CONTENT="är"/><SP WIDTH="15" VPOS="861" HPOS="622"/>
							<String ID="string_176" HPOS="637" VPOS="860" WIDTH="122" HEIGHT="28" WC="0.96" CONTENT="uppenbart"/><SP WIDTH="13" VPOS="860" HPOS="759"/>
							<String ID="string_177" HPOS="772" VPOS="863" WIDTH="31" HEIGHT="18" WC="0.93" CONTENT="att"/><SP WIDTH="15" VPOS="863" HPOS="803"/>
							<String ID="string_178" HPOS="818" VPOS="863" WIDTH="43" HEIGHT="18" WC="0.93" CONTENT="sta-"/>
						</TextLine>
						<TextLine ID="line_21" HPOS="107" VPOS="893" WIDTH="757" HEIGHT="30">
							<String ID="string_179" HPOS="107" VPOS="895" WIDTH="86" HEIGHT="22" WC="0.90" CONTENT="tistiska"/><SP WIDTH="22" VPOS="895" HPOS="193"/>
							<String ID="string_180" HPOS="215" VPOS="895" WIDTH="158" HEIGHT="28" WC="0.93" CONTENT="upplysningar"/><SP WIDTH="22" VPOS="895" HPOS="373"/>
							<String ID="string_181" HPOS="395" VPOS="895" WIDTH="19" HEIGHT="27" WC="0.90" CONTENT="ej"/><SP WIDTH="24" VPOS="895" HPOS="414"/>
							<String ID="string_182" HPOS="438" VPOS="893" WIDTH="72" HEIGHT="22" WC="0.93" CONTENT="kunna"/><SP WIDTH="18" VPOS="893" HPOS="510"/>
							<String ID="string_183" HPOS="528" VPOS="894" WIDTH="92" HEIGHT="21" WC="0.92" CONTENT="inverka"/><SP WIDTH="18" VPOS="894" HPOS="620"/>
							<String ID="string_184" HPOS="638" VPOS="894" WIDTH="27" HEIGHT="28" WC="0.93" CONTENT="pä"/><SP WIDTH="16" VPOS="894" HPOS="665"/>
							<String ID="string_185" HPOS="681" VPOS="894" WIDTH="143" HEIGHT="21" WC="0.92" CONTENT="besvarandet"/><SP WIDTH="15" VPOS="894" HPOS="824"/>
							<String ID="string_186" HPOS="839" VPOS="893" WIDTH="25" HEIGHT="22" WC="0.97" CONTENT="af"/>
						</TextLine>
						<TextLine ID="line_22" HPOS="107" VPOS="927" WIDTH="754" HEIGHT="30">
							<String ID="string_187" HPOS="107" VPOS="930" WIDTH="64" HEIGHT="21" WC="0.90" CONTENT="dessa"/><SP WIDTH="20" VPOS="930" HPOS="171"/>
							<String ID="string_188" HPOS="191" VPOS="929" WIDTH="80" HEIGHT="28" WC="0.90" CONTENT="frägor,"/><SP WIDTH="16" VPOS="929" HPOS="271"/>
							<String ID="string_189" HPOS="287" VPOS="929" WIDTH="100" HEIGHT="21" WC="0.92" CONTENT="hvarföre"/><SP WIDTH="13" VPOS="929" HPOS="387"/>
							<String ID="string_190" HPOS="400" VPOS="929" WIDTH="40" HEIGHT="28" WC="0.93" CONTENT="jag"/><SP WIDTH="16" VPOS="929" HPOS="440"/>
							<String ID="string_191" HPOS="456" VPOS="928" WIDTH="132" HEIGHT="21" WC="0.93" CONTENT="fortfarande"/><SP WIDTH="16" VPOS="928" HPOS="588"/>
							<String ID="string_192" HPOS="604" VPOS="927" WIDTH="80" HEIGHT="22" WC="0.92" CONTENT="vidblir"/><SP WIDTH="15" VPOS="927" HPOS="684"/>
							<String ID="string_193" HPOS="699" VPOS="929" WIDTH="44" HEIGHT="20" WC="0.93" CONTENT="min"/><SP WIDTH="16" VPOS="929" HPOS="743"/>
							<String ID="string_194" HPOS="759" VPOS="929" WIDTH="56" HEIGHT="28" WC="0.92" CONTENT="äsigt"/><SP WIDTH="16" VPOS="929" HPOS="815"/>
							<String ID="string_195" HPOS="831" VPOS="931" WIDTH="30" HEIGHT="18" WC="0.97" CONTENT="att"/>
						</TextLine>
						<TextLine ID="line_23" HPOS="108" VPOS="962" WIDTH="754" HEIGHT="30">
							<String ID="string_196" HPOS="108" VPOS="964" WIDTH="125" HEIGHT="23" WC="0.92" CONTENT="ständernes"/><SP WIDTH="19" VPOS="964" HPOS="233"/>
							<String ID="string_197" HPOS="252" VPOS="963" WIDTH="100" HEIGHT="29" WC="0.92" CONTENT="yttrande"/><SP WIDTH="19" VPOS="963" HPOS="352"/>
							<String ID="string_198" HPOS="371" VPOS="962" WIDTH="113" HEIGHT="29" WC="0.92" CONTENT="angäende"/><SP WIDTH="14" VPOS="962" HPOS="484"/>
							<String ID="string_199" HPOS="498" VPOS="962" WIDTH="27" HEIGHT="21" WC="0.96" CONTENT="de"/><SP WIDTH="16" VPOS="962" HPOS="525"/>
							<String ID="string_200" HPOS="541" VPOS="962" WIDTH="108" HEIGHT="21" WC="0.92" CONTENT="allmänna"/><SP WIDTH="15" VPOS="962" HPOS="649"/>
							<String ID="string_201" HPOS="664" VPOS="962" WIDTH="147" HEIGHT="29" WC="0.89" CONTENT="grundsatser,"/><SP WIDTH="14" VPOS="962" HPOS="811"/>
							<String ID="string_202" HPOS="825" VPOS="969" WIDTH="37" HEIGHT="14" WC="0.96" CONTENT="om"/>
						</TextLine>
						<TextLine ID="line_24" HPOS="109" VPOS="996" WIDTH="753" HEIGHT="29">
							<String ID="string_203" HPOS="109" VPOS="998" WIDTH="74" HEIGHT="22" WC="0.96" CONTENT="hvilka"/><SP WIDTH="21" VPOS="998" HPOS="183"/>
							<String ID="string_204" HPOS="204" VPOS="998" WIDTH="63" HEIGHT="21" WC="0.93" CONTENT="deras"/><SP WIDTH="22" VPOS="998" HPOS="267"/>
							<String ID="string_205" HPOS="289" VPOS="997" WIDTH="110" HEIGHT="22" WC="0.96" CONTENT="utlåtande"/><SP WIDTH="23" VPOS="997" HPOS="399"/>
							<String ID="string_206" HPOS="422" VPOS="997" WIDTH="24" HEIGHT="21" WC="0.97" CONTENT="af"/><SP WIDTH="15" VPOS="997" HPOS="446"/>
							<String ID="string_207" HPOS="461" VPOS="997" WIDTH="128" HEIGHT="28" WC="0.93" CONTENT="regeringen"/><SP WIDTH="21" VPOS="997" HPOS="589"/>
							<String ID="string_208" HPOS="610" VPOS="997" WIDTH="72" HEIGHT="21" WC="0.93" CONTENT="blifvit"/><SP WIDTH="18" VPOS="997" HPOS="682"/>
							<String ID="string_209" HPOS="700" VPOS="996" WIDTH="98" HEIGHT="29" WC="0.92" CONTENT="begärdt,"/><SP WIDTH="15" VPOS="996" HPOS="798"/>
							<String ID="string_210" HPOS="813" VPOS="996" WIDTH="49" HEIGHT="22" WC="0.96" CONTENT="icke"/>
						</TextLine>
						<TextLine ID="line_25" HPOS="108" VPOS="1030" WIDTH="755" HEIGHT="29">
							<String ID="string_211" HPOS="108" VPOS="1034" WIDTH="24" HEIGHT="20" WC="0.96" CONTENT="är"/><SP WIDTH="23" VPOS="1034" HPOS="132"/>
							<String ID="string_212" HPOS="155" VPOS="1032" WIDTH="107" HEIGHT="22" WC="0.96" CONTENT="beroende"/><SP WIDTH="23" VPOS="1032" HPOS="262"/>
							<String ID="string_213" HPOS="285" VPOS="1032" WIDTH="24" HEIGHT="21" WC="0.92" CONTENT="af"/><SP WIDTH="16" VPOS="1032" HPOS="309"/>
							<String ID="string_214" HPOS="325" VPOS="1031" WIDTH="71" HEIGHT="28" WC="0.94" CONTENT="någon"/><SP WIDTH="20" VPOS="1031" HPOS="396"/>
							<String ID="string_215" HPOS="416" VPOS="1031" WIDTH="107" HEIGHT="21" WC="0.94" CONTENT="statistisk"/><SP WIDTH="16" VPOS="1031" HPOS="523"/>
							<String ID="string_216" HPOS="539" VPOS="1030" WIDTH="124" HEIGHT="29" WC="0.96" CONTENT="utredning,"/><SP WIDTH="14" VPOS="1030" HPOS="663"/>
							<String ID="string_217" HPOS="677" VPOS="1034" WIDTH="51" HEIGHT="18" WC="0.96" CONTENT="utan"/><SP WIDTH="17" VPOS="1034" HPOS="728"/>
							<String ID="string_218" HPOS="745" VPOS="1030" WIDTH="76" HEIGHT="22" WC="0.96" CONTENT="endast"/><SP WIDTH="14" VPOS="1030" HPOS="821"/>
							<String ID="string_219" HPOS="835" VPOS="1030" WIDTH="28" HEIGHT="22" WC="0.97" CONTENT="de"/>
						</TextLine>
						<TextLine ID="line_26" HPOS="108" VPOS="1065" WIDTH="704" HEIGHT="29">
							<String ID="string_220" HPOS="108" VPOS="1067" WIDTH="143" HEIGHT="22" WC="0.92" CONTENT="ekonomiska"/><SP WIDTH="15" VPOS="1067" HPOS="251"/>
							<String ID="string_221" HPOS="266" VPOS="1066" WIDTH="81" HEIGHT="28" WC="0.92" CONTENT="frägor,"/><SP WIDTH="14" VPOS="1066" HPOS="347"/>
							<String ID="string_222" HPOS="361" VPOS="1073" WIDTH="48" HEIGHT="14" WC="0.96" CONTENT="som"/><SP WIDTH="15" VPOS="1073" HPOS="409"/>
							<String ID="string_223" HPOS="424" VPOS="1065" WIDTH="50" HEIGHT="21" WC="0.93" CONTENT="med"/><SP WIDTH="16" VPOS="1065" HPOS="474"/>
							<String ID="string_224" HPOS="490" VPOS="1065" WIDTH="88" HEIGHT="21" WC="0.92" CONTENT="ärendet"/><SP WIDTH="15" VPOS="1065" HPOS="578"/>
							<String ID="string_225" HPOS="593" VPOS="1065" WIDTH="66" HEIGHT="21" WC="0.92" CONTENT="hafva"/><SP WIDTH="14" VPOS="1065" HPOS="659"/>
							<String ID="string_226" HPOS="673" VPOS="1065" WIDTH="139" HEIGHT="28" WC="0.92" CONTENT="gemenskap."/>
						</TextLine>
					</TextBlock>
					<TextBlock ID="block_3" HPOS="109" VPOS="1104" WIDTH="754" HEIGHT="98">
						<TextLine ID="line_27" HPOS="179" VPOS="1104" WIDTH="684" HEIGHT="29">
							<String ID="string_227" HPOS="179" VPOS="1105" WIDTH="72" HEIGHT="22" WC="0.93" CONTENT="Sedan"/><SP WIDTH="20" VPOS="1105" HPOS="251"/>
							<String ID="string_228" HPOS="271" VPOS="1105" WIDTH="151" HEIGHT="22" WC="0.95" CONTENT="diskussionen"/><SP WIDTH="20" VPOS="1105" HPOS="422"/>
							<String ID="string_229" HPOS="442" VPOS="1105" WIDTH="88" HEIGHT="21" WC="0.96" CONTENT="härmed"/><SP WIDTH="17" VPOS="1105" HPOS="530"/>
							<String ID="string_230" HPOS="547" VPOS="1112" WIDTH="39" HEIGHT="14" WC="0.93" CONTENT="var"/><SP WIDTH="14" VPOS="1112" HPOS="586"/>
							<String ID="string_231" HPOS="600" VPOS="1104" WIDTH="103" HEIGHT="27" WC="0.92" CONTENT="afslutad,"/><SP WIDTH="17" VPOS="1104" HPOS="703"/>
							<String ID="string_232" HPOS="720" VPOS="1105" WIDTH="43" HEIGHT="21" WC="0.93" CONTENT="blef"/><SP WIDTH="15" VPOS="1105" HPOS="763"/>
							<String ID="string_233" HPOS="778" VPOS="1104" WIDTH="85" HEIGHT="29" WC="0.52" CONTENT="inbjnd-"/>
						</TextLine>
						<TextLine ID="line_28" HPOS="109" VPOS="1139" WIDTH="754" HEIGHT="30">
							<String ID="string_234" HPOS="109" VPOS="1141" WIDTH="80" HEIGHT="28" WC="0.92" CONTENT="ningen"/><SP WIDTH="14" VPOS="1141" HPOS="189"/>
							<String ID="string_235" HPOS="203" VPOS="1140" WIDTH="54" HEIGHT="21" WC="0.93" CONTENT="efter"/><SP WIDTH="15" VPOS="1140" HPOS="257"/>
							<String ID="string_236" HPOS="272" VPOS="1140" WIDTH="74" HEIGHT="21" WC="0.92" CONTENT="derom"/><SP WIDTH="16" VPOS="1140" HPOS="346"/>
							<String ID="string_237" HPOS="362" VPOS="1139" WIDTH="121" HEIGHT="21" WC="0.92" CONTENT="framställd"/><SP WIDTH="16" VPOS="1139" HPOS="483"/>
							<String ID="string_238" HPOS="499" VPOS="1139" WIDTH="137" HEIGHT="29" WC="0.96" CONTENT="proposition"/><SP WIDTH="15" VPOS="1139" HPOS="636"/>
							<String ID="string_239" HPOS="651" VPOS="1139" WIDTH="41" HEIGHT="21" WC="0.93" CONTENT="och"/><SP WIDTH="16" VPOS="1139" HPOS="692"/>
							<String ID="string_240" HPOS="708" VPOS="1139" WIDTH="155" HEIGHT="29" WC="0.93" CONTENT="försiggängen"/>
						</TextLine>
						<TextLine ID="line_29" HPOS="109" VPOS="1174" WIDTH="513" HEIGHT="28">
							<String ID="string_241" HPOS="109" VPOS="1175" WIDTH="101" HEIGHT="27" WC="0.91" CONTENT="votering"/><SP WIDTH="15" VPOS="1175" HPOS="210"/>
							<String ID="string_242" HPOS="225" VPOS="1174" WIDTH="96" HEIGHT="28" WC="0.92" CONTENT="afslagen"/><SP WIDTH="16" VPOS="1174" HPOS="321"/>
							<String ID="string_243" HPOS="337" VPOS="1174" WIDTH="49" HEIGHT="22" WC="0.96" CONTENT="med"/><SP WIDTH="16" VPOS="1174" HPOS="386"/>
							<String ID="string_244" HPOS="402" VPOS="1174" WIDTH="28" HEIGHT="21" WC="0.93" CONTENT="20"/><SP WIDTH="15" VPOS="1174" HPOS="430"/>
							<String ID="string_245" HPOS="445" VPOS="1174" WIDTH="69" HEIGHT="21" WC="0.92" CONTENT="röster"/><SP WIDTH="16" VPOS="1174" HPOS="514"/>
							<String ID="string_246" HPOS="530" VPOS="1176" WIDTH="58" HEIGHT="18" WC="0.95" CONTENT="emot"/><SP WIDTH="15" VPOS="1176" HPOS="588"/>
							<String ID="string_247" HPOS="603" VPOS="1174" WIDTH="19" HEIGHT="20" WC="0.95" CONTENT="7."/>
						</TextLine>
					</TextBlock>
					<TextBlock ID="block_4" HPOS="110" VPOS="1206" WIDTH="756" HEIGHT="166">
						<TextLine ID="line_30" HPOS="181" VPOS="1206" WIDTH="683" HEIGHT="30">
							<String ID="string_248" HPOS="181" VPOS="1208" WIDTH="102" HEIGHT="22" WC="0.92" CONTENT="Ständets"/><SP WIDTH="16" VPOS="1208" HPOS="283"/>
							<String ID="string_249" HPOS="299" VPOS="1208" WIDTH="71" HEIGHT="22" WC="0.96" CONTENT="beslut"/><SP WIDTH="15" VPOS="1208" HPOS="370"/>
							<String ID="string_250" HPOS="385" VPOS="1208" WIDTH="6" HEIGHT="21" WC="0.93" CONTENT="i"/><SP WIDTH="17" VPOS="1208" HPOS="391"/>
							<String ID="string_251" HPOS="408" VPOS="1208" WIDTH="72" HEIGHT="21" WC="0.93" CONTENT="ämnet"/><SP WIDTH="14" VPOS="1208" HPOS="480"/>
							<String ID="string_252" HPOS="494" VPOS="1208" WIDTH="71" HEIGHT="21" WC="0.93" CONTENT="skulle"/><SP WIDTH="15" VPOS="1208" HPOS="565"/>
							<String ID="string_253" HPOS="580" VPOS="1207" WIDTH="152" HEIGHT="29" WC="0.92" CONTENT="ridderskapet"/><SP WIDTH="14" VPOS="1207" HPOS="732"/>
							<String ID="string_254" HPOS="746" VPOS="1207" WIDTH="41" HEIGHT="22" WC="0.93" CONTENT="och"/><SP WIDTH="14" VPOS="1207" HPOS="787"/>
							<String ID="string_255" HPOS="801" VPOS="1206" WIDTH="63" HEIGHT="22" WC="0.93" CONTENT="adeln"/>
						</TextLine>
						<TextLine ID="line_31" HPOS="110" VPOS="1236" WIDTH="755" HEIGHT="37">
							<String ID="string_256" HPOS="110" VPOS="1242" WIDTH="109" HEIGHT="35" WC="0.92" CONTENT="meddelas"/><SP WIDTH="17" VPOS="1242" HPOS="219"/>
							<String ID="string_257" HPOS="236" VPOS="1250" WIDTH="77" HEIGHT="20" WC="0.96" CONTENT="genom"/><SP WIDTH="16" VPOS="1250" HPOS="313"/>
							<String ID="string_258" HPOS="329" VPOS="1250" WIDTH="25" HEIGHT="13" WC="0.93" CONTENT="en"/><SP WIDTH="17" VPOS="1250" HPOS="354"/>
							<String ID="string_259" HPOS="371" VPOS="1242" WIDTH="135" HEIGHT="28" WC="0.90" CONTENT="deputation,"/><SP WIDTH="16" VPOS="1242" HPOS="506"/>
							<String ID="string_260" HPOS="522" VPOS="1242" WIDTH="72" HEIGHT="22" WC="0.91" CONTENT="dertill"/><SP WIDTH="12" VPOS="1242" HPOS="594"/>
							<String ID="string_261" HPOS="606" VPOS="1242" WIDTH="89" HEIGHT="28" WC="0.89" CONTENT="utsägos"/><SP WIDTH="13" VPOS="1242" HPOS="695"/>
							<String ID="string_262" HPOS="708" VPOS="1242" WIDTH="73" HEIGHT="21" WC="0.88" CONTENT="herrar"/><SP WIDTH="12" VPOS="1242" HPOS="781"/>
							<String ID="string_263" HPOS="793" VPOS="1236" WIDTH="72" HEIGHT="37" WC="0.92" CONTENT="Teng-"/>
						</TextLine>
						<TextLine ID="line_32" HPOS="110" VPOS="1274" WIDTH="756" HEIGHT="31">
							<String ID="string_264" HPOS="110" VPOS="1271" WIDTH="75" HEIGHT="33" WC="0.93" CONTENT="ström,"/><SP WIDTH="18" VPOS="1271" HPOS="185"/>
							<String ID="string_265" HPOS="203" VPOS="1276" WIDTH="131" HEIGHT="28" WC="0.92" CONTENT="Lindegvist"/><SP WIDTH="18" VPOS="1276" HPOS="334"/>
							<String ID="string_266" HPOS="352" VPOS="1276" WIDTH="41" HEIGHT="21" WC="0.96" CONTENT="och"/><SP WIDTH="16" VPOS="1276" HPOS="393"/>
							<String ID="string_267" HPOS="409" VPOS="1274" WIDTH="27" HEIGHT="24" WC="0.81" CONTENT="O."/><SP WIDTH="16" VPOS="1274" HPOS="436"/>
							<String ID="string_268" HPOS="452" VPOS="1276" WIDTH="21" HEIGHT="22" WC="0.96" CONTENT="J."/><SP WIDTH="18" VPOS="1276" HPOS="473"/>
							<String ID="string_269" HPOS="491" VPOS="1275" WIDTH="123" HEIGHT="30" WC="0.93" CONTENT="Grönberg,"/><SP WIDTH="16" VPOS="1275" HPOS="614"/>
							<String ID="string_270" HPOS="630" VPOS="1276" WIDTH="95" HEIGHT="22" WC="0.96" CONTENT="hvilka"/><SP WIDTH="-7" VPOS="1276" HPOS="725"/>
							<String ID="string_271" HPOS="718" VPOS="1267" WIDTH="11" HEIGHT="42" WC="0.93" CONTENT="i"/><SP WIDTH="12" VPOS="1267" HPOS="729"/>
							<String ID="string_272" HPOS="741" VPOS="1274" WIDTH="78" HEIGHT="22" WC="0.92" CONTENT="sådant"/><SP WIDTH="15" VPOS="1274" HPOS="819"/>
							<String ID="string_273" HPOS="834" VPOS="1276" WIDTH="32" HEIGHT="20" WC="0.92" CONTENT="af-"/>
						</TextLine>
						<TextLine ID="line_33" HPOS="110" VPOS="1295" WIDTH="755" HEIGHT="44">
							<String ID="string_274" HPOS="110" VPOS="1311" WIDTH="79" HEIGHT="21" WC="0.93" CONTENT="seende"/><SP WIDTH="22" VPOS="1311" HPOS="189"/>
							<String ID="string_275" HPOS="211" VPOS="1318" WIDTH="27" HEIGHT="14" WC="0.92" CONTENT="nu"/><SP WIDTH="21" VPOS="1318" HPOS="238"/>
							<String ID="string_276" HPOS="259" VPOS="1310" WIDTH="81" HEIGHT="28" WC="0.90" CONTENT="jomväl"/><SP WIDTH="23" VPOS="1310" HPOS="340"/>
							<String ID="string_277" HPOS="363" VPOS="1310" WIDTH="101" HEIGHT="29" WC="0.92" CONTENT="afgingo;"/><SP WIDTH="23" VPOS="1310" HPOS="464"/>
							<String ID="string_278" HPOS="487" VPOS="1295" WIDTH="129" HEIGHT="37" WC="0.91" CONTENT="kommande"/><SP WIDTH="22" VPOS="1295" HPOS="616"/>
							<String ID="string_279" HPOS="638" VPOS="1309" WIDTH="203" HEIGHT="29" WC="0.92" CONTENT="protokollsutdrag"/><SP WIDTH="17" VPOS="1309" HPOS="841"/>
							<String ID="string_280" HPOS="858" VPOS="1309" WIDTH="7" HEIGHT="21" WC="0.96" CONTENT="i"/>
						</TextLine>
						<TextLine ID="line_34" HPOS="111" VPOS="1344" WIDTH="656" HEIGHT="28">
							<String ID="string_281" HPOS="111" VPOS="1345" WIDTH="89" HEIGHT="21" WC="0.96" CONTENT="ärendet"/><SP WIDTH="15" VPOS="1345" HPOS="200"/>
							<String ID="string_282" HPOS="215" VPOS="1348" WIDTH="31" HEIGHT="18" WC="0.93" CONTENT="att"/><SP WIDTH="16" VPOS="1348" HPOS="246"/>
							<String ID="string_283" HPOS="262" VPOS="1344" WIDTH="113" HEIGHT="22" WC="0.92" CONTENT="framdeles"/><SP WIDTH="17" VPOS="1344" HPOS="375"/>
							<String ID="string_284" HPOS="392" VPOS="1344" WIDTH="32" HEIGHT="22" WC="0.93" CONTENT="till"/><SP WIDTH="17" VPOS="1344" HPOS="424"/>
							<String ID="string_285" HPOS="441" VPOS="1344" WIDTH="100" HEIGHT="22" WC="0.92" CONTENT="bemälda"/><SP WIDTH="15" VPOS="1344" HPOS="541"/>
							<String ID="string_286" HPOS="556" VPOS="1344" WIDTH="61" HEIGHT="22" WC="0.96" CONTENT="stånd"/><SP WIDTH="17" VPOS="1344" HPOS="617"/>
							<String ID="string_287" HPOS="634" VPOS="1344" WIDTH="133" HEIGHT="28" WC="0.95" CONTENT="expedieras."/>
						</TextLine>
					</TextBlock>
					<TextBlock ID="block_5" HPOS="110" VPOS="1376" WIDTH="756" HEIGHT="99">
						<TextLine ID="line_35" HPOS="179" VPOS="1376" WIDTH="687" HEIGHT="31">
							<String ID="string_288" HPOS="179" VPOS="1378" WIDTH="65" HEIGHT="29" WC="0.92" CONTENT="Uppä"/><SP WIDTH="15" VPOS="1378" HPOS="244"/>
							<String ID="string_289" HPOS="259" VPOS="1372" WIDTH="98" HEIGHT="39" WC="0.92" CONTENT="anmälan"/><SP WIDTH="19" VPOS="1372" HPOS="357"/>
							<String ID="string_290" HPOS="376" VPOS="1378" WIDTH="99" HEIGHT="22" WC="0.92" CONTENT="förekom"/><SP WIDTH="16" VPOS="1378" HPOS="475"/>
							<String ID="string_291" HPOS="491" VPOS="1386" WIDTH="27" HEIGHT="14" WC="0.93" CONTENT="en"/><SP WIDTH="15" VPOS="1386" HPOS="518"/>
							<String ID="string_292" HPOS="533" VPOS="1378" WIDTH="127" HEIGHT="28" WC="0.91" CONTENT="deputation"/><SP WIDTH="16" VPOS="1378" HPOS="660"/>
							<String ID="string_293" HPOS="676" VPOS="1378" WIDTH="46" HEIGHT="21" WC="0.93" CONTENT="frän"/><SP WIDTH="13" VPOS="1378" HPOS="722"/>
							<String ID="string_294" HPOS="735" VPOS="1376" WIDTH="131" HEIGHT="29" WC="0.92" CONTENT="prestestän-"/>
						</TextLine>
						<TextLine ID="line_36" HPOS="110" VPOS="1408" WIDTH="755" HEIGHT="32">
							<String ID="string_295" HPOS="110" VPOS="1413" WIDTH="45" HEIGHT="27" WC="0.96" CONTENT="det,"/><SP WIDTH="18" VPOS="1413" HPOS="155"/>
							<String ID="string_296" HPOS="173" VPOS="1412" WIDTH="68" HEIGHT="22" WC="0.93" CONTENT="under"/><SP WIDTH="20" VPOS="1412" HPOS="241"/>
							<String ID="string_297" HPOS="261" VPOS="1408" WIDTH="117" HEIGHT="26" WC="0.96" CONTENT="anförande"/><SP WIDTH="16" VPOS="1408" HPOS="378"/>
							<String ID="string_298" HPOS="394" VPOS="1412" WIDTH="24" HEIGHT="22" WC="0.93" CONTENT="af"/><SP WIDTH="13" VPOS="1412" HPOS="418"/>
							<String ID="string_299" HPOS="431" VPOS="1412" WIDTH="50" HEIGHT="22" WC="0.96" CONTENT="herr"/><SP WIDTH="15" VPOS="1412" HPOS="481"/>
							<String ID="string_300" HPOS="496" VPOS="1412" WIDTH="205" HEIGHT="28" WC="0.93" CONTENT="kontraktsprosten"/><SP WIDTH="16" VPOS="1412" HPOS="701"/>
							<String ID="string_301" HPOS="717" VPOS="1410" WIDTH="86" HEIGHT="26" WC="0.0" CONTENT="Hellen,"/><SP WIDTH="16" VPOS="1410" HPOS="803"/>
							<String ID="string_302" HPOS="819" VPOS="1417" WIDTH="46" HEIGHT="16" WC="0.96" CONTENT="som"/>
						</TextLine>
						<TextLine ID="line_37" HPOS="110" VPOS="1444" WIDTH="756" HEIGHT="31">
							<String ID="string_303" HPOS="110" VPOS="1446" WIDTH="149" HEIGHT="29" WC="0.91" CONTENT="tillkännagaf"/><SP WIDTH="19" VPOS="1446" HPOS="259"/>
							<String ID="string_304" HPOS="278" VPOS="1454" WIDTH="35" HEIGHT="14" WC="0.95" CONTENT="om"/><SP WIDTH="22" VPOS="1454" HPOS="313"/>
							<String ID="string_305" HPOS="335" VPOS="1446" WIDTH="28" HEIGHT="22" WC="0.95" CONTENT="de"/><SP WIDTH="22" VPOS="1446" HPOS="363"/>
							<String ID="string_306" HPOS="385" VPOS="1446" WIDTH="25" HEIGHT="22" WC="0.93" CONTENT="af"/><SP WIDTH="17" VPOS="1446" HPOS="410"/>
							<String ID="string_307" HPOS="427" VPOS="1446" WIDTH="99" HEIGHT="22" WC="0.92" CONTENT="bemälda"/><SP WIDTH="19" VPOS="1446" HPOS="526"/>
							<String ID="string_308" HPOS="545" VPOS="1446" WIDTH="62" HEIGHT="22" WC="0.93" CONTENT="ständ"/><SP WIDTH="16" VPOS="1446" HPOS="607"/>
							<String ID="string_309" HPOS="623" VPOS="1446" WIDTH="104" HEIGHT="29" WC="0.93" CONTENT="vidtagna"/><SP WIDTH="15" VPOS="1446" HPOS="727"/>
							<String ID="string_310" HPOS="742" VPOS="1445" WIDTH="72" HEIGHT="23" WC="0.96" CONTENT="beslut"/><SP WIDTH="15" VPOS="1445" HPOS="814"/>
							<String ID="string_311" HPOS="829" VPOS="1444" WIDTH="37" HEIGHT="23" WC="0.96" CONTENT="vid"/>
						</TextLine>
					</TextBlock>
				</ComposedBlock>
			</PrintSpace>
		</Page>
	</Layout>
</alto>
