1031 1700
197 75 41 21 284

167 140 119 25 upptagna.
323 137 72 21 Bland
418 138 64 21 dessa
504 138 75 27 anslag
598 138 52 21 ville
663 138 40 28 jag
717 138 65 22 ställa
798 138 75 22 främst
888 138 36 22 det

167 171 32 21 till
220 172 215 28 fängelseväsendets
452 171 155 27 förbättrande,
624 172 88 20 hvartill
728 172 66 21 minst
809 180 24 14 en
850 173 75 28 miljon

168 206 61 20 mark
245 205 83 29 årligen
344 206 68 22 borde
429 206 79 21 anslås.
541 205 11 21 I
568 205 118 29 anledning
702 206 24 21 af
738 203 50 25 herr
803 207 121 22 Sundmans

167 239 170 29 anmärkningar
352 240 37 21 vid
405 240 70 21 denna
491 240 69 28 punkt
575 240 63 21 utber
650 241 40 27 jag
705 240 45 28 mig
765 241 22 21 få
802 241 56 21 fästa
870 248 55 21 upp-

167 274 146 21 märksamhet
328 274 74 28 derpå,
418 277 32 18 att
466 275 33 20 för
514 274 122 21 ändamålet
653 274 108 22 erfordras
777 275 18 28 ej
813 275 54 21 blott
881 283 43 20 nya

167 308 235 28 fängelsebyggnader,
425 312 51 18 utan
499 309 63 20 äfven
585 308 70 22 medel
675 308 33 21 till
727 309 116 21 aflönande
859 309 25 21 af
897 317 26 13 en

166 342 222 28 fångvårdsstyrelse,
409 342 91 22 förökad
520 343 245 28 bevakningspersonal,
782 343 142 29 fånghuspre-

167 376 106 27 dikanter,
296 376 155 28 verkmästare,
473 385 28 13 m.
517 376 22 21 fl.
576 376 52 22 Med
653 380 31 19 att
707 377 76 21 endast
804 378 120 28 uppbygga

167 410 78 28 sjelfva
264 410 66 22 husen
350 412 23 20 är
392 411 52 28 föga
459 411 53 21 eller
526 411 55 21 intet
596 415 87 17 vunnet.
722 411 58 21 Näst
795 412 54 20 efter
863 412 59 20 detta

167 444 76 29 anslag
263 445 96 23 anhåller
371 446 39 28 jag
427 445 21 21 få
463 445 88 21 förorda
567 446 36 20 det
619 445 124 29 föreslagna
758 446 117 21 kreditivet
890 446 32 21 till

167 479 118 28 styrelsens
302 479 130 28 förfogande
447 480 33 20 till
497 479 97 29 förhöjdt
606 480 81 28 belopp
699 480 24 21 af
732 480 190 22 femhundratusen

167 514 68 26 mark,
252 514 28 28 på
295 514 43 20 sätt
353 514 49 22 herr
418 513 129 28 Tengström
560 514 65 20 redan
638 514 71 28 yrkat.
739 513 102 22 Derefter
852 514 70 21 skulle

167 548 53 27 följa
243 548 99 29 anslaget
365 548 33 21 till
418 548 84 21 inlösen
522 548 24 21 af
558 548 210 29 donationsgodsen,
784 548 40 22 och
841 551 30 18 ett
885 556 37 14 an-

167 582 48 28 slag
230 582 33 21 för
279 582 127 27 därvärden,
422 582 106 21 hvardera
543 582 24 21 af
580 582 186 22 tvähundratusen
778 583 67 21 mark.
875 583 48 20 An-

167 616 70 29 slaget
257 617 34 20 för
309 617 240 21 kommunikationerna
568 624 63 14 anser
648 617 39 28 jag
702 617 7 20 i
725 617 69 21 likhet
809 617 47 22 med
873 617 49 24 herr

167 649 130 30 Tengström
321 651 52 21 böra
392 651 96 28 förhöjas
508 651 32 20 till
560 651 38 20 tvä
615 651 100 27 miljoner
731 651 190 23 femhundratusen

166 685 67 21 mark.
264 685 176 21 Vidkommande
456 685 120 22 sedermera
591 685 27 20 de
634 685 69 23 under
718 685 41 21 litt.
775 684 25 21 B.
817 685 105 28 föreslag-

165 727 28 13 na
209 719 102 28 anslagen
328 719 32 21 till
376 719 96 22 lättande
489 719 23 21 af
525 719 27 21 de
568 719 87 26 bördor,
671 727 47 14 som
735 719 76 29 trycka
819 719 103 28 jordbrur

165 753 44 25 ket,
232 753 24 21 sä
279 753 69 22 skulle
368 754 39 27 jag
425 753 66 21 likväl
511 753 47 21 icke
578 753 52 28 vilja
649 753 46 22 helt
709 753 41 21 och
767 753 65 21 hället
847 754 74 28 afböja

166 787 56 26 dem,
241 791 58 22 utan,
319 787 6 22 i
345 788 53 20 nära
413 787 226 22 Ofverensstämmelse
655 787 48 23 med
720 787 55 21 hvad
792 789 130 27 prestestän-

165 821 37 24 det
225 822 95 25 beslutit,
339 821 110 28 tillstyrka
468 825 31 18 ett
513 822 81 27 anslag
610 823 24 20 af
646 821 190 22 femhundratusen
852 822 68 27 mark,

165 859 32 18 att
212 856 24 21 af
249 856 83 20 kronan
348 855 111 22 användas
476 856 32 20 för
524 855 212 28 tillvägabringande
753 856 24 21 af
785 859 136 24 entreprena-

164 890 38 23 der
225 897 35 14 om
281 890 196 28 hällskjutsningen
495 893 56 18 samt
566 890 68 28 enligt
650 890 118 21 utskottets
785 891 135 20 betänkande

163 924 179 22 etthundratusen
367 924 61 21 mark
451 924 33 21 till
506 924 50 21 bro-
575 924 41 21 och
632 924 147 28 skallfogdars
795 925 123 21 aflönande.

162 957 45 22 Det
221 959 123 20 öfverskott
360 959 5 20 i
382 958 95 21 kronans
490 958 62 23 andel
565 959 24 20 af
598 958 197 27 bränvinsskatten,
807 966 46 14 som
865 959 55 21 kun-

162 993 27 20 de
213 993 86 27 uppstå,
322 992 51 21 ville
392 993 38 28 jag
448 993 64 20 äfven
528 993 60 20 anslå
604 992 33 22 till
655 993 149 21 förstnämnda
819 993 99 22 ändamål

162 1027 53 23 eller
231 1027 210 28 hållskjutsningens
458 1027 106 22 ställande
580 1027 28 28 på
623 1027 148 27 entreprenad.
801 1027 44 28 Jag
858 1035 62 14 anser

163 1061 108 28 nemligen
290 1061 153 21 användandet
461 1061 24 20 af
501 1061 59 20 detta
579 1061 123 22 öfverskott
717 1061 48 21 icke
780 1061 53 21 böra
848 1062 70 23 öfver-

162 1095 82 21 lemnas
260 1095 34 22 till
310 1095 138 28 regeringens
464 1095 168 26 bestämmande,
649 1096 34 20 för
699 1099 31 17 att
745 1095 47 22 icke
804 1095 71 22 inleda
887 1103 32 14 re-

161 1130 105 28 geringen
285 1129 6 21 i
312 1129 104 27 frestelse,
434 1129 52 22 eller
502 1129 131 22 åtminstone
649 1131 80 20 utsätta
745 1129 123 22 densamma
885 1131 33 21 för

161 1164 134 22 misstanken
316 1167 31 17 att
365 1164 70 20 tillåta
454 1171 26 14 en
496 1164 56 21 ökad
570 1164 247 28 bränvinstillverkning
832 1165 86 21 utöfver

161 1198 38 21 det
217 1202 94 24 antagna
331 1198 122 26 maximnm,
470 1198 32 21 för
518 1201 31 19 att
564 1198 126 41 derigenom
707 1198 104 21 förskaffa
827 1198 33 29 sig
876 1206 42 14 me-

161 1232 36 21 del
212 1232 34 22 till
261 1233 38 20 sitt
316 1232 134 28 förfogande.

231 1271 58 22 Herr
305 1272 97 21 Mölsä:
432 1271 113 22 Ehuruväl
561 1272 36 22 det
608 1273 57 22 ännu
679 1273 22 21 är
713 1272 116 28 långtifrån
843 1272 75 28 gifvet,

161 1309 32 20 att
211 1306 42 21 den
269 1306 24 20 af
306 1309 31 19 tre
353 1306 63 21 stånd
432 1306 64 21 redan
513 1306 99 21 beslutna
628 1306 189 21 bränvinsskatten
833 1306 6 21 i
856 1306 62 22 verk-

160 1341 96 28 ligheten
273 1340 96 21 kommer
385 1344 31 17 att
431 1336 58 32 utgå,
506 1341 50 20 enär
573 1340 158 22 bondeståndet
747 1341 55 20 ännu
817 1340 48 21 icke
882 1341 35 21 be-

161 1374 90 24 handlat
269 1374 74 28 frågan
360 1374 40 21 och
417 1375 35 21 det
469 1375 59 20 torde
545 1382 51 14 vara
612 1374 149 28 tvifvelaktigt
773 1382 34 13 om
819 1374 99 22 densam-
