1031 1700
795 144 40 21 259

111 206 93 29 utlagor,
227 213 46 15 som
291 206 73 28 åligga
382 206 80 21 krono-
480 206 41 21 och
541 206 197 28 skattelägenheter
752 207 7 20 i
775 208 89 22 allmän-

111 240 44 21 het.
188 240 62 22 Skall
269 240 141 22 förevarande
430 240 62 28 fråga
510 240 107 21 definitivt
632 241 79 21 ordnas
726 248 77 21 genom
819 250 46 14 mo-

112 275 93 21 narkens
220 274 41 22 och
276 274 125 22 ständernes
416 274 136 26 samverkan,
568 274 24 21 så
607 274 39 22 bör
662 274 59 22 detta
736 275 37 21 ske
785 284 78 20 genom

112 316 26 14 en
156 308 97 23 bestämd
270 309 85 21 formelt
369 308 67 28 riktig
453 309 129 27 författning
597 308 6 21 i
619 310 72 20 ämnet
705 309 40 21 och
761 310 48 21 icke
820 318 43 13 me-

111 343 58 21 delst
192 347 30 17 ett
245 342 165 29 knapphändigt
432 342 84 28 förslag
535 343 47 20 från
601 343 139 28 regeringens
759 343 48 21 sida
822 344 41 21 och

112 381 31 17 ett
159 378 6 20 i
181 378 106 20 allmänna
303 377 89 27 ordalag
408 376 67 22 hållet
490 376 111 22 utlåtande
613 377 46 21 från
673 377 124 22 ständernes
809 378 54 27 sida,

114 411 84 21 hvilket
216 411 116 25 utlåtande,
347 411 78 21 sådant
440 411 36 21 det
492 411 24 21 af
530 411 105 21 utskottet
651 412 129 28 föreslagits,
795 412 69 29 enligt

112 446 50 20 mitt
184 446 138 20 förmenande
344 444 72 22 hvilät
438 446 29 27 på
484 453 26 13 en
530 445 7 21 i
558 445 42 21 allo
616 446 56 20 falsk
688 448 139 28 uppfattning
841 447 26 21 af

111 480 177 21 statsmakternes
312 480 104 28 ställning
438 480 33 20 till
491 480 84 27 frågan,
594 479 27 21 då
639 479 37 22 det
694 481 39 27 går
751 484 23 17 ut
789 481 28 27 på
831 484 32 18 att

112 514 22 22 åt
156 514 117 22 monarken
292 514 110 28 medgifva
422 514 130 28 befogenhet
572 517 37 24 att,
624 521 35 13 om
674 514 67 21 också
755 515 48 21 med
819 515 44 21 led-

110 549 55 28 ning
186 550 25 21 af
230 548 125 22 ständernes
378 548 119 27 utlåtande,
516 548 87 21 utfärda
620 556 26 13 en
662 548 102 29 organisk
780 549 83 21 författ-

111 583 54 28 ning
183 583 7 21 i
209 584 84 21 ämnet.
323 583 12 20 I
353 583 81 20 sådana
448 586 48 17 rent
511 583 99 27 rättsliga
625 583 80 28 frågor,
721 583 88 21 hvarom
824 583 39 21 här

112 618 24 21 är
149 618 67 28 fråga,
231 619 72 20 stiftar
317 621 31 18 ett
363 617 111 26 samhälle,
490 624 47 14 som
553 617 92 28 åtnjuter
661 617 40 20 och
716 618 67 20 sätter
797 617 66 29 något

112 652 67 21 värde
194 652 27 28 på
236 651 178 22 konstitutionela
430 652 88 26 former,
533 651 47 22 icke
596 651 47 21 sina
659 650 88 23 allmänt
761 652 101 28 gällande

111 686 62 29 lagar
189 687 27 26 på
231 686 37 21 det
283 687 24 20 af
319 686 105 21 utskottet
439 685 125 29 föreslagna
578 686 72 21 sättet.

180 725 57 22 Herr
254 725 26 22 C.
297 726 24 21 F.
339 725 152 28 Grönberg:
521 723 103 23 Likasom
644 725 27 22 de
691 726 68 29 begge
778 726 84 29 föregå-

112 760 55 21 ende
189 760 94 22 talarene
305 761 42 21 kan
369 761 18 27 ej
409 760 66 21 heller
492 760 39 28 jag
549 760 49 21 med
613 760 43 21 min
671 761 46 20 röst
731 761 131 22 understöda

111 795 117 20 utskottets
245 795 82 28 förslag
342 795 7 20 i
365 795 77 26 ämnet,
455 797 51 18 utan
522 795 85 20 förenar
620 795 38 27 jag
670 795 44 28 mig
728 795 49 21 med
787 795 75 22 nämn-

111 829 28 21 de
155 829 124 25 ledamöter,
294 829 85 21 hvilkas
395 829 80 28 åsigter
486 829 40 28 jag
540 829 7 20 i
563 829 42 20 allo
621 829 66 21 delar.

180 868 58 21 Herr
253 868 96 22 Mölsä:
386 868 77 23 Såsom
478 869 67 21 redan
562 869 72 20 blifvit
649 869 103 25 anmärkt,
768 869 24 20 är
806 869 56 22 före-

110 903 95 21 varande
221 903 61 28 fråga
297 903 24 21 af
334 903 87 28 mycket
436 903 90 28 ömtålig
541 903 40 21 och
594 903 103 28 granlaga
709 903 154 28 beskaffenhet,

110 937 8 21 i
138 937 37 21 det
197 938 78 20 tvänne
294 937 150 28 eganderätter
464 937 39 21 här
518 937 67 21 strida
600 945 34 13 om
651 938 91 21 makten.
779 938 45 21 Det
838 939 24 20 är

111 971 114 21 historiskt
247 971 68 22 kändt
333 971 40 21 och
393 971 123 21 framhålles
535 972 63 20 äfven
618 971 6 21 i
640 971 171 22 statsutskottets
826 972 36 21 be-

110 1005 117 27 tänkande,
247 1009 30 17 att
297 1005 162 22 landbönderne
478 1005 12 21 å
509 1005 164 28 ifrågavarande
691 1005 171 28 donationsgods

111 1039 56 22 ända
186 1039 32 21 till
238 1040 23 20 år
279 1040 51 21 1811
349 1039 39 22 och
404 1040 64 21 äfven
484 1039 93 22 derefter
592 1040 55 20 intill
665 1040 53 20 1826
734 1040 40 21 fått
790 1040 72 28 tillgo-

110 1074 90 27 donjuta
219 1074 32 21 sin
272 1074 84 21 åborätt
371 1074 33 21 till
420 1074 153 28 lägenheterna
588 1074 6 20 i
611 1074 23 21 så
650 1074 73 27 måtto,
733 1069 38 26 att
785 1075 27 21 de
827 1082 35 13 en-

110 1108 49 21 dast
179 1108 55 21 varit
253 1108 101 29 skyldige
373 1111 32 18 att
424 1108 32 21 till
472 1107 150 22 donatarierne
639 1108 69 21 betala
724 1108 40 21 den
780 1108 82 21 kronan

111 1142 163 21 tillkommande
289 1144 83 20 räntan.
410 1142 78 21 Under
503 1142 71 22 denna
588 1142 31 21 tid
637 1142 135 21 betraktades
785 1142 77 28 jorden

110 1176 49 21 icke
175 1176 70 21 såsom
262 1176 74 22 iklädd
351 1176 110 29 egenskap
478 1177 24 21 af
515 1176 129 21 frälsenatur
655 1176 7 21 i
674 1176 41 22 den
727 1177 93 27 mening,
831 1180 32 18 att

108 1210 81 28 jemväl
206 1210 151 28 eganderätten
374 1211 32 20 till
420 1210 77 28 jorden
514 1210 103 22 tillhörde
629 1210 133 22 donatarien.
785 1210 78 22 Seder-

111 1252 58 14 mera
185 1245 38 20 har
238 1252 48 14 man
302 1252 77 21 genom
396 1245 54 21 1826
466 1245 35 21 års
515 1245 130 28 författning
656 1245 71 28 tillagt
738 1245 125 21 donations-

112 1279 127 21 hemmanen
258 1286 37 14 ren
315 1279 129 21 frälsenatur
462 1279 41 21 och
523 1279 112 21 tillerkänt
650 1278 149 22 donatarierne
814 1278 48 23 icke

112 1314 91 20 allenast
218 1313 215 29 ränteeganderätten
450 1316 50 18 utan
517 1314 63 20 äfven
594 1312 212 29 jordeganderätten,
821 1314 41 21 och

96 1344 43 31 "på
154 1348 71 20 denna
240 1348 69 27 grund
325 1347 73 21 stöder
413 1348 35 27 sig
462 1347 27 21 de
502 1347 124 21 nuvarande
638 1347 177 22 innehafvarenes
826 1347 37 22 be-

110 1382 91 28 sittning
216 1382 24 20 af
253 1382 157 28 lägenheterna.
434 1381 47 22 Här
496 1382 78 26 finnas,
590 1382 22 20 sä
627 1381 34 21 till
676 1380 114 29 sägandes,
801 1382 61 20 tvän-

110 1424 26 12 ne
156 1416 71 20 skilda
246 1416 71 26 rätter,
334 1416 73 21 hvilka
423 1416 65 21 hafva
503 1416 92 28 ungefär
610 1415 45 21 lika
669 1416 78 28 giltiga
761 1416 100 28 anspräk.

111 1449 86 22 Genom
214 1450 53 20 1826
283 1450 34 21 ärs
333 1450 129 28 förtattning
474 1450 46 27 har,
532 1451 54 20 efter
597 1449 44 22 min
653 1449 64 29 äsigt,
729 1452 31 19 ett
770 1450 91 30 ingrepp

886 429 3 8 i
