1031 1700
810 133 41 19 247

124 201 108 28 Wiborgs
251 201 34 21 län
302 200 83 22 bosatte
402 199 82 23 bönder
500 200 68 27 utväg
583 203 31 17 att
630 200 72 21 tillösa
717 200 34 28 sig
766 201 47 22 sina
829 201 52 22 äbo-

125 235 56 21 ende
195 234 132 29 lägenheter.

194 274 71 23 Sedan
283 274 94 22 härefter
396 274 92 21 anmälts
508 277 32 17 att
558 274 24 21 af
596 274 97 24 ståndets
709 275 6 21 i
732 274 77 23 sådant
825 277 56 21 afse-

125 309 55 22 ende
191 309 89 22 utsedde
295 308 107 26 elektorer
417 308 13 22 å
445 308 83 29 förslag
544 308 32 21 till
592 309 67 26 förste
676 304 204 34 bankfullmäktigs-

125 344 120 28 suppleant.
259 343 71 23 blifvit
348 342 108 29 uppförde
475 342 74 24 herrar
564 343 183 24 kommerserådet
763 341 26 24 C.
807 344 37 21 W.
860 344 18 20 1.

124 378 118 26 Sundman,
258 378 132 29 professorn,
406 377 132 21 kanslirådet
552 376 23 22 J.
591 376 39 22 Ph.
646 377 89 22 Palmén
751 378 40 21 och
809 378 71 21 öfver-

126 412 162 24 kommissarien
304 412 27 20 A.
339 411 22 21 J.
371 410 128 30 Chydenius
515 415 56 17 samt
586 412 32 20 till
635 412 66 22 förste
717 412 163 23 bankreyisors-

125 447 116 27 suppleant
262 448 73 21 herrar
353 445 122 27 Hackman,
494 445 128 22 Dahlström
641 446 40 21 och
698 446 77 28 Wolff,
791 447 89 22 anställ-

125 476 38 28 des
187 480 33 21 val
243 480 48 23 med
314 480 72 22 slutna
408 479 72 22 sedlar
499 480 33 21 till
551 480 62 26 dessa
632 480 153 30 befattningar,
803 481 77 25 hvilka

126 515 34 20 val
181 515 78 21 utföllo
278 514 97 27 sålunda,
391 517 31 17 att
438 514 32 21 till
486 514 67 21 förste
570 514 310 29 bankfullmäktigssuppleant

125 549 68 23 erhöll
211 549 48 26 herr
273 548 134 27 kanslirädet
421 548 91 25 Palmén
529 549 25 20 16
571 549 75 26 röster,
661 549 49 26 herr
725 548 155 23 kommerserå-

124 584 38 21 det
181 583 110 23 Sundman
311 584 25 21 12
355 583 41 21 och
415 583 49 21 herr
480 583 224 25 öfverkommissarien
722 581 127 31 Chydenius
867 585 10 19 1

125 619 54 26 röst,
197 621 56 19 samt
267 618 33 23 till
317 618 67 30 förste
400 617 211 29 revisorssuppleant
626 617 73 24 herrar
714 617 114 25 Hackman
845 619 34 27 20,

124 652 129 23 Dahlström
269 653 12 20 5
297 652 41 21 och
353 651 75 22 Wolff
440 652 13 20 4
467 652 77 21 röster.

193 692 12 21 I
219 691 54 30 följd
288 691 65 22 häraf
365 691 55 22 hade
433 691 86 21 ståndet
530 691 84 22 således
626 692 32 21 till
671 692 50 25 dess
733 693 68 27 förste
814 692 65 22 bank-

126 721 251 34 fullmäktigssuppleant
393 726 69 25 utvalt
477 725 49 23 herr
541 725 132 28 kanslirädet
687 726 90 25 Palmén
793 727 41 21 och
846 727 33 22 till

126 761 67 21 förste
212 760 268 28 bankrevisorssuppleant
495 760 49 23 herr
560 760 182 26 kommerserådet
757 760 121 27 Hackman.

191 801 85 28 Herrar
294 800 107 22 elektorer
420 800 132 24 anmodades
568 800 51 21 härå
635 803 31 21 att
680 802 102 27 upprätta
797 801 82 29 förslag

126 835 32 22 till
182 835 65 21 andre
270 835 138 28 suppleanter
426 835 33 21 för
479 834 182 29 bankfullmäktig
679 835 41 21 och
739 835 83 22 revisor
837 835 42 22 och

125 869 100 22 afträdde
241 870 33 21 för
289 869 76 21 sådant
381 869 98 20 ändamål
495 869 6 20 i
518 869 96 21 ståndets
626 869 118 22 kanslirum
758 872 56 19 samt
825 869 54 22 åter-

124 905 89 22 kommo
237 904 55 23 efter
314 911 25 14 en
359 903 76 24 stunds
455 903 87 28 förlopp
562 903 40 21 och
622 903 180 28 tillkännagäfvo,
821 907 32 18 att
866 905 14 20 å

125 939 105 28 förslaget
251 937 33 24 till
307 937 65 22 andre
394 937 311 29 bankfullmäktigssuppleant
729 937 72 25 blifvit
824 945 55 21 upp-

127 973 62 23 förde
212 972 73 23 herrar
307 971 182 26 kommerserådet
512 970 118 29 Sundman,
653 972 224 22 öfverkommissarien

126 1007 129 28 Chydenius
274 1006 41 21 och
331 1005 137 26 handlanden
483 1005 89 24 Feodor
586 1005 95 26 Kiseleff
693 1009 55 19 samt
763 1006 33 23 till
812 1006 65 22 andre

124 1040 212 29 revisorssuppleant
351 1039 73 26 herrar
439 1039 79 28 Wolff,
533 1040 123 29 Björnberg
671 1041 40 20 och
727 1039 133 25 Dahlström,

194 1080 45 21 Vid
259 1080 93 21 härefter
371 1079 95 23 anstäldt
485 1079 35 22 val
537 1080 32 21 till
585 1080 150 25 förstnämnda
751 1080 128 33 befattning,

124 1115 90 24 tillföllo
231 1115 26 21 14
273 1115 70 21 röster
358 1113 136 28 handlanden
511 1113 99 28 Kiseleff,
628 1114 25 28 13
669 1115 68 23 röster
750 1114 129 23 kommerse-

124 1150 63 21 rådet
205 1148 110 24 Sundman
335 1148 40 25 och
396 1148 10 20 1
426 1149 46 20 röst
494 1148 225 22 öfverkommissarien
744 1146 134 31 Chydenius,

126 1184 140 28 hvarigenom
289 1182 82 24 således
392 1182 137 26 handlanden
550 1182 96 22 Kiseleff
664 1183 71 23 blifvit
753 1183 78 23 utsedd
846 1183 33 26 till

125 1217 192 29 borgareståndets
333 1217 66 23 andre
416 1216 318 32 bankfullmäktigssuppleant,

193 1257 68 25 Valet
282 1258 25 21 af
327 1257 65 23 andre
410 1256 213 28 revisorssuppleant
642 1257 40 28 gaf
698 1256 33 26 till
747 1256 90 25 resultat
853 1258 26 20 14

125 1294 71 20 röster
219 1293 34 20 för
275 1292 50 23 herr
340 1291 77 27 Wolff,
437 1292 13 20 8
469 1291 35 21 för
523 1291 50 26 herr
588 1291 122 28 Bjöynberg
725 1290 40 21 och
781 1291 16 20 5
809 1291 70 25 röster

125 1329 34 20 för
179 1327 50 21 herr
246 1325 137 26 Dahlström;
407 1324 40 23 och
467 1332 38 18 var
521 1325 64 22 alltså
600 1326 49 22 herr
666 1324 72 22 Wolff
750 1324 33 26 till
799 1325 79 29 ifråga-

124 1360 98 27 varande
237 1360 121 28 befattning
373 1359 57 23 vald.

193 1400 104 21 Härefter
322 1400 80 21 beslöts
425 1402 37 27 att,
486 1399 65 22 sedan
571 1398 173 22 vederbörandes
763 1399 115 28 yttranden

125 1442 37 16 om
177 1434 26 24 de
215 1434 51 25 ville
277 1434 64 28 ätaga
356 1434 34 29 sig
405 1434 27 25 de
446 1434 48 22 dem
512 1433 139 24 ombetrodde
668 1433 146 29 befattningar
829 1433 48 22 blif-
