1031 1700
213 70 41 22 140

182 132 58 28 plikt
258 132 24 21 är
301 132 83 22 således
403 134 67 20 utsatt
486 132 40 26 för,
542 134 31 19 att
590 132 54 21 först
659 132 64 22 mista
739 132 26 22 all
783 133 32 21 sin
831 132 105 29 egendom

182 166 42 21 och
247 169 32 18 att
300 167 66 21 sedan
390 167 34 21 för
442 166 122 21 återstoden
584 167 24 20 af
621 166 90 22 böterne
727 168 67 20 sättas
810 168 5 20 i
832 168 104 28 fängelse.

183 201 50 22 Den
248 200 53 27 åter,
317 208 46 14 som
379 200 145 22 misshandlar
538 208 25 14 en
578 208 69 14 annan
661 200 41 22 och
714 201 131 29 tillskyndar
857 202 79 20 honom

182 235 64 21 svåra
265 235 111 22 blodviten
396 234 40 22 och
452 234 42 27 sår,
509 242 47 14 men
572 235 18 27 ej
607 242 52 21 eger
674 235 93 28 tillgång
782 235 7 21 i
805 235 84 21 lösören
905 238 32 18 att

183 269 71 21 betala
270 270 101 20 böternas
387 269 53 21 fulla
456 269 89 28 belopp,
561 268 81 28 slipper
658 269 35 21 för
708 269 71 28 någon
795 269 42 21 tids
853 269 83 28 fängel-

183 303 92 21 sestraff.
301 304 36 21 Då
352 303 38 21 det
405 303 68 22 likväl
487 303 17 28 ej
521 303 61 21 torde
598 304 73 20 kunna
687 303 114 27 bestridas,
816 306 31 18 att
861 303 36 21 det
912 304 24 20 är

183 338 68 21 större
275 337 58 21 brott
355 340 32 17 att
406 337 32 21 slå
456 344 26 14 en
501 344 69 14 annan
588 336 34 22 blå
637 337 41 21 och
696 337 86 27 blodig,
798 338 26 20 än
841 340 30 18 att
887 338 49 20 låna

183 372 78 22 honom
278 370 101 28 bränvin,
395 371 23 21 sä
434 371 70 28 ligger
519 371 29 21 uti
564 370 63 23 dessa
642 372 59 21 olika
713 371 223 29 straffbestämningar

181 406 43 20 den
241 408 54 19 mest
310 405 76 22 krassa
401 405 136 29 motsägelse.
559 404 33 22 På
606 405 70 28 grund
693 406 64 21 häraf
770 413 62 13 anser
842 406 37 28 jag
890 406 45 28 mig

183 440 53 21 böra
250 439 63 29 yrka,
328 442 32 18 att
374 438 28 22 de
416 439 140 28 grundsatser
571 439 111 28 angående
698 439 73 22 böters
787 439 148 29 förvandling,

183 481 46 14 som
245 474 59 28 gälla
318 474 69 28 enligt
402 473 79 22 allmän
497 473 46 28 lag,
556 474 63 21 äfven
637 474 52 21 böra
704 474 6 20 i
724 473 71 23 denna
808 474 128 28 författning

183 505 117 36 tillämpas.
836 515 6 5 f

252 548 59 21 Herr
325 548 139 22 Thermön;
496 547 45 29 Jag
560 548 24 21 är
603 547 134 29 fullkomligt
757 555 50 14 ense
822 548 47 21 med
887 548 49 21 herr

183 583 76 23 Mölsä
269 583 81 26 derom,
366 586 32 17 att
412 583 6 20 i
435 582 99 21 afseende
550 582 12 21 å
577 582 100 21 böternes
693 582 140 29 förvandling
847 582 89 21 allmän-

183 625 28 13 na
233 617 75 28 lagens
328 616 135 22 föreskrifter
482 616 53 21 böra
554 616 64 28 gälla,
656 615 54 22 Med
726 616 115 29 anledning
856 617 25 20 af
892 616 43 21 den

183 651 154 28 anmärkning,
356 657 47 15 som
424 650 72 22 blifvit
514 650 62 29 gjord
592 653 59 18 emot
665 650 41 21 den
723 651 24 20 af
760 651 105 20 utskottet
880 651 55 20 före-

183 686 76 27 slagna
281 684 164 29 vedergällning
467 685 22 20 åt
511 684 111 29 angifvare
645 684 42 21 och
709 684 112 28 åklagare,
844 684 32 21 får
895 685 40 28 jag

183 719 101 29 upplysa,
300 722 31 18 att
346 719 59 21 detta
422 718 116 23 föranledts
551 718 63 21 deraf
624 721 37 24 att,
674 718 28 21 då
715 719 124 28 angifvaren
851 720 18 27 ej
881 719 54 20 kun-

183 753 28 22 de
226 753 113 22 bekomma
355 753 62 22 andel
433 753 7 20 i
457 753 94 25 böterne,
562 760 48 13 man
623 753 68 28 ansåg
704 752 77 23 honom
795 753 51 21 böra
858 753 27 28 på
897 761 38 13 an-

184 791 37 17 nat
243 788 43 21 sätt
308 787 102 29 tilläggas
430 787 70 27 någon
516 787 120 28 ersättning
652 787 33 21 för
700 787 54 21 hans
771 786 64 22 hafda
851 787 84 27 besvär,

183 822 112 23 äfvensom
311 825 31 18 att
357 821 125 28 derigenom
497 821 131 28 angifvelser
644 821 25 22 af
682 821 57 21 brott
755 824 57 19 emot
824 821 111 21 bränvins-

182 856 183 27 författningarne
379 855 71 21 skulle
464 858 149 27 uppmuntras.

252 895 59 22 Herr
324 895 134 21 Juselius:
495 894 35 21 Då
546 895 39 28 jag
604 894 93 29 begärde
713 895 73 27 ordet,
801 894 81 22 skedde
897 895 37 22 det

183 929 6 21 i
206 929 98 21 ändamål
320 932 32 19 att
367 929 83 28 afgifva
465 936 81 15 samma
560 929 143 29 upplysning,
719 936 47 15 som
782 929 65 21 redan
863 929 72 22 blifvit

183 964 25 21 af
227 963 51 22 herr
295 962 108 22 Thermén
422 963 123 27 meddelad,
563 963 107 28 nemligen
688 966 31 18 att
734 963 116 27 utskottet,
865 971 45 13 som
927 963 6 22 i

182 999 13 27 8
211 998 26 21 67
254 997 111 22 förändrat
384 1001 102 18 ansvaret
504 997 34 22 för
553 997 63 28 olaga
631 997 247 28 bränvinstillverkning
893 997 41 22 och

183 1032 34 21 för
235 1031 70 28 tredje
319 1038 63 16 resan
398 1031 51 22 eller
464 1032 69 21 oftare
548 1031 100 22 föröfvad
665 1031 43 22 slik
723 1031 130 30 förbrytelse
867 1035 67 18 utsatt

183 1065 164 29 fängelsestraff
362 1065 7 21 i
387 1065 73 22 stället
477 1066 33 21 för
525 1066 7 21 i
547 1066 164 27 propositionen
728 1065 123 29 föreslagne
866 1066 68 27 böter,

183 1100 58 21 velat
255 1099 59 24 hålla
328 1099 56 27 dem,
400 1106 46 15 som
463 1099 94 22 beifrade
572 1099 75 29 dylika
664 1100 65 27 brott,
741 1099 125 22 skadeslöse
878 1103 56 18 samt

181 1134 87 22 derföre
291 1134 101 29 upptagit
413 1133 165 29 ifrågavarande
600 1133 171 28 bestämmande,
790 1133 100 23 afseende
908 1142 26 14 en

183 1169 61 28 billig
267 1168 129 28 ersättning,
420 1175 46 14 som
484 1168 7 21 i
510 1168 80 21 sådana
613 1168 38 21 fall
670 1168 73 22 kunde
761 1168 106 28 utgifvas,
885 1176 49 14 men

181 1203 89 21 hvilken
293 1202 106 21 utskottet
417 1202 51 21 ville
487 1202 131 21 öfverlemna
637 1202 22 22 åt
675 1202 105 28 styrelsen
796 1205 32 18 att
843 1204 90 26 utsätta,

181 1238 55 20 efter
257 1236 38 22 det
316 1236 135 22 förhållande
469 1236 101 28 åklagare
589 1236 40 22 och
651 1236 112 28 angifvare
778 1236 7 22 i
801 1236 73 29 hvarje
889 1238 46 20 sär-

181 1269 68 22 skildt
271 1269 39 21 fall
332 1269 72 22 kunde
426 1276 62 15 anses
510 1270 64 21 deraf
594 1270 106 28 förtjente.
737 1270 59 22 Lika
818 1271 47 21 med
885 1270 49 22 herr

181 1303 76 22 Mölsä
279 1310 63 14 anser
361 1304 63 21 äfven
440 1304 50 28 jag,
509 1307 31 18 att
555 1311 34 14 om
606 1304 61 22 böter
682 1304 48 22 icke
746 1304 72 22 kunna
832 1304 33 22 till
881 1305 53 21 fulla

182 1338 102 28 beloppet
313 1338 60 28 utgå,
405 1338 27 21 de
457 1338 53 21 böra
535 1338 33 21 till
594 1338 153 22 motsvarande
774 1338 162 28 fängelsestraff

181 1371 137 27 förvandlas,
337 1371 40 22 och
390 1372 39 28 jag
444 1372 71 22 skulle
530 1372 64 23 hafva
610 1372 92 24 likasom
719 1372 41 23 han
777 1373 6 21 i
799 1373 59 22 detta
873 1374 61 21 ämne
