1031 1700
200 147 40 21 466

170 216 35 14 ma
227 208 33 22 till
279 209 64 27 rätta,
365 209 86 27 hoppas
468 210 38 27 jag
525 211 32 18 att
569 208 82 28 jemväl
667 212 203 25 representanterne
887 209 35 22 vid

171 242 111 23 blifvande
301 242 129 28 landtdagar
450 242 62 22 skola
532 242 6 22 i
554 242 71 22 likhet
640 243 49 21 med
705 250 38 14 oss
758 243 39 21 här
812 244 58 21 finna
886 245 37 20 nö-

171 277 49 29 digt
234 280 114 25 utrymme.
370 273 44 25 Dä
428 284 49 14 man
492 276 112 22 dessutom
619 284 52 21 eger
687 277 119 29 anledning
821 281 32 18 att
864 282 58 17 anta-

171 319 35 21 ga,
224 311 38 21 det
281 319 26 13 en
326 310 130 29 förändring
474 311 7 21 i
500 310 202 28 representationen
717 311 7 21 i
739 318 27 14 en
781 312 107 21 måhända
903 313 19 27 ej

171 346 26 21 så
218 345 100 29 aflägsen
340 345 88 21 framtid
451 344 56 23 skall
525 352 41 21 ega
584 352 54 20 rum,
655 352 49 14 men
719 352 29 14 nu
764 345 48 22 icke
827 346 95 22 förutses

171 380 44 21 kan
237 379 57 21 huru
317 379 111 22 beskaffad
450 379 72 21 denna
540 386 43 21 nya
600 379 176 28 representation
795 379 48 27 blir,
859 388 63 14 anser

171 415 38 27 jag
224 416 32 19 att
270 414 158 28 förändringar,
444 413 76 21 hvilka
535 413 113 22 sannolikt
663 413 68 21 blifva
742 413 139 28 kostsamma,
893 422 28 12 nu

171 448 48 21 icke
243 448 53 20 böra
314 447 117 29 företagas,
450 451 51 17 utan
520 447 77 29 frågan
616 455 36 13 om
670 447 87 21 inlösen
772 448 25 20 af
809 448 58 21 detta
882 448 40 20 hus

172 482 35 21 för
222 482 134 21 närvarande
372 481 74 21 kunna
460 481 94 21 förfalla.

241 520 59 23 Herr
315 516 151 33 Öhrnberg:
500 522 35 20 En
554 521 35 21 del
609 521 23 21 af
644 521 27 21 de
688 521 54 28 skäl,
758 529 47 14 som
820 522 40 21 här
873 521 50 21 blif-

173 556 32 22 vit
221 556 135 21 framställda
371 556 35 21 för
420 559 32 18 att
466 555 88 22 dermed
569 556 108 21 motivera
692 556 70 29 afslag
777 556 13 21 ä
801 556 122 28 inbjudnin-

173 598 42 21 gen
231 591 33 20 till
279 590 149 22 riddarhusets
444 590 84 21 inlösen
544 589 34 22 till
590 589 138 28 ständerhus,
741 597 66 22 synas
819 591 44 28 mig
874 590 49 21 icke

173 632 52 14 vara
241 625 102 28 förtjenta
358 624 25 21 af
395 625 41 20 den
451 624 54 28 vigt,
517 631 49 14 man
578 624 59 21 velat
649 623 92 29 tillägga
752 624 55 21 dem.
829 625 44 21 Det
885 624 39 21 har

174 658 109 29 nemligen
303 659 90 26 anförts,
412 661 31 18 att
461 657 73 22 landet
552 657 80 22 saknar
650 657 85 22 visshet
752 658 74 21 derom
841 661 32 18 att
887 659 37 20 det

174 692 134 22 fortfarande
326 693 56 21 skall
398 692 86 21 komma
498 692 7 21 i
520 691 126 29 ätnjutande
662 691 25 22 af
699 691 38 22 sitt
752 693 171 27 representativa

175 726 174 27 samhällsskick,
368 727 131 20 ätminstone
517 726 48 21 icke
584 733 81 21 genom
679 726 124 28 periodiskt
817 726 107 21 äterkom-

174 761 77 21 mande
266 761 136 28 landtdagar.
432 761 44 28 Jag
491 760 39 21 har
544 761 19 28 ej
579 760 83 21 kunnat
677 763 53 18 utan
745 768 26 14 en
787 761 46 21 viss
847 761 78 21 känsla

175 795 24 21 af
215 795 86 28 obehag
319 795 68 21 ähöra
402 797 32 19 att
448 798 32 18 ett
494 795 77 21 sådant
586 794 146 22 misstroende
749 794 126 29 offentligen
892 798 32 17 ut-

174 829 73 21 talats.
280 829 63 21 Efter
360 829 43 21 min
422 829 65 21 tanke
506 829 65 21 hafva
586 829 20 20 vi
623 829 7 20 i
646 828 61 22 detta
721 829 102 21 afseende
839 829 28 20 all
883 829 41 21 den

175 863 84 22 visshet
273 871 49 13 man
338 863 41 21 kan
397 863 71 26 hafva,
484 863 65 21 innan
564 870 49 13 man
629 862 88 21 erhällit
731 863 131 21 bekräftelse
878 863 47 21 der-

176 897 27 28 pä
225 905 80 20 genom
327 897 81 28 positiv
431 897 41 28 lag.
509 897 41 21 Att
569 897 84 21 landets
673 897 88 21 ständer
779 897 74 22 derom
870 897 54 28 hysa

175 933 59 20 mera
257 933 26 19 än
306 934 32 19 ett
360 931 56 22 blott
434 931 66 28 hopp,
520 933 47 19 tror
582 932 38 27 jag
636 931 45 28 mig
697 931 72 21 kunna
783 931 58 22 sluta
855 931 67 26 derat,

176 969 31 18 att
229 965 26 22 de
275 966 106 21 särskildt
399 965 40 22 hos
459 965 61 21 Hans
536 965 127 28 Kejserliga
677 965 105 28 Majestät
797 965 6 21 i
819 965 106 22 underdä-

175 1000 77 28 nighet
274 999 119 22 framhällit
414 999 191 28 nödvändigheten
625 999 24 21 af
665 1007 27 14 en
709 999 67 22 sädan
791 999 133 29 förändring,

176 1033 53 22 eller
248 1034 124 28 egentligen
387 1041 27 14 en
430 1033 67 22 sädan
512 1035 98 20 närmare
626 1033 137 29 bestämning
779 1034 52 21 eller
846 1034 80 21 förkla-

175 1068 50 28 ring
240 1067 25 22 af
277 1068 51 21 vära
343 1067 139 30 grundlagar,
497 1067 93 22 likasom
602 1068 38 28 jag
656 1067 43 22 ock
713 1067 66 29 hyser
795 1068 41 21 den
848 1068 78 21 tillför-

177 1103 44 28 sigt
243 1105 32 18 att
293 1102 69 21 denna
381 1102 127 21 ständernes
528 1102 83 21 önskan
627 1101 57 22 skall
699 1102 67 21 vinna
779 1102 77 29 nädigt
870 1102 56 21 afse-

177 1137 54 21 ende
247 1140 56 18 samt
317 1137 96 28 grundar
428 1137 70 21 denna
513 1136 113 28 tillförsigt
638 1136 29 28 pä
677 1136 131 22 monarkens
820 1144 55 21 egna
886 1137 40 21 ord

177 1170 42 22 och
235 1170 135 29 handlingar.
403 1170 44 29 Jag
462 1178 64 14 anser
540 1171 86 21 derföre
642 1174 33 17 att
690 1170 93 22 nämnda
799 1170 46 22 skäl
861 1170 65 22 allde-

176 1204 32 22 les
224 1204 48 22 icke
288 1204 39 22 bör
343 1205 76 21 utöfva
434 1205 67 28 nägot
515 1204 118 29 inflytande
649 1205 29 27 pä
693 1204 77 22 sakens
785 1204 141 22 bedömande.

177 1239 46 21 Det
237 1238 40 22 har
292 1238 74 22 vidare
381 1238 135 28 framhällits,
532 1242 32 18 att
578 1238 153 28 ridderskapet
747 1238 41 23 och
800 1239 63 21 adeln
875 1247 51 13 vore

177 1273 104 28 juridiskt
295 1273 118 21 förbundet
428 1276 32 18 att
472 1272 162 22 tillhandahålla
646 1272 27 22 de
689 1272 70 29 öfriga
775 1272 89 22 stånden
874 1274 53 27 jem-

179 1310 20 17 te
216 1307 112 21 utskotten
344 1307 80 29 nödiga
439 1315 47 13 rum
502 1307 36 21 vid
554 1306 141 29 landtdagen.
723 1306 44 29 Jag
782 1306 82 22 lemnar
880 1307 47 21 der-

178 1340 51 27 hän,
251 1340 107 22 huruvida
380 1348 26 14 en
429 1340 67 22 sädan
518 1340 134 22 förbindelse
672 1340 112 29 verkligen
804 1340 123 22 förefinnes.

179 1374 106 21 Likasom
297 1375 20 20 vi
330 1374 48 27 alla,
391 1375 79 21 saknar
484 1375 64 21 äfven
562 1376 38 27 jag
616 1374 93 29 tillgäng
724 1375 34 21 till
773 1375 26 21 de
812 1375 115 27 urkunder,

179 1416 48 14 som
242 1408 70 22 skulle
328 1409 103 21 innebära
446 1409 134 28 upplysning
592 1416 35 14 om
639 1408 71 22 denna
721 1408 143 26 förbindelse;
879 1417 49 13 men

179 1442 64 22 äfven
263 1450 34 14 om
317 1450 26 14 en
359 1443 66 21 sådan
440 1443 76 27 finnes,
532 1444 59 21 inser
604 1443 38 29 jag
657 1443 56 27 icke,
728 1442 101 22 hvarföre
845 1442 41 22 den
902 1444 26 27 cj,
