1031 1700
801 128 25 19 15

103 193 62 21 heten
189 196 32 17 att
239 192 80 28 begära
337 193 71 26 ordet,
424 192 82 22 skedde
526 193 37 21 det
582 194 34 20 för
635 197 31 18 att
684 194 33 21 till
733 195 48 21 mitt
796 196 59 21 förra

104 226 100 29 yttrande
223 228 53 27 göra
295 226 36 22 det
349 228 89 28 tillägg,
454 229 32 19 att
504 228 43 20 min
564 228 146 28 öfvertygelse
725 229 23 20 är
763 232 42 25 att,
821 238 34 13 om

102 262 38 20 det
155 268 74 14 senare
245 261 134 21 alternativet
395 264 99 25 antages,
510 262 79 20 största
604 262 62 21 delen
681 263 22 21 af
711 262 143 30 jordegarene

103 295 70 22 skulle
191 296 6 20 i
216 295 105 21 anseende
340 296 32 20 till
392 296 41 20 den
454 295 70 29 dryga
540 296 68 27 skatt,
624 296 101 22 hvarmed
743 297 112 22 bränvins-

103 330 132 28 bränningen
251 330 66 28 enligt
332 329 119 21 detsamma
468 330 70 21 blefve
554 330 89 28 belagd,
659 332 74 27 afsäga
749 331 34 29 sig
799 332 56 21 utöf-

103 364 79 28 ningen
206 365 24 20 af
249 363 92 21 nämnda
359 364 105 28 rättighet
483 367 55 17 samt
557 364 254 30 husbehofsbränningen
827 366 28 27 pä

103 398 77 22 sädant
199 399 42 20 sätt
259 401 59 18 snart
337 405 42 21 nog
399 398 87 21 komma
501 401 31 18 att
547 398 106 28 upphöra.
689 399 44 22 För
749 403 31 18 ett
795 400 59 21 hem-

103 440 49 14 man
167 433 24 21 af
203 436 15 17 t.
237 440 33 14 ex.
286 435 30 18 ett
327 432 135 21 ättondedels
478 432 81 22 mantal
576 433 32 21 fär
624 433 109 29 begagnas
749 442 26 14 en
792 434 63 22 brän-

103 468 120 27 vinspanna
241 474 34 14 om
294 466 100 29 tjugutvä
408 466 95 22 kannors
519 467 73 28 rymd,
609 467 40 21 och
665 467 189 23 bränvinsskatten

103 502 34 20 för
159 504 31 18 ett
212 501 76 21 sädant
309 501 99 21 hemman
427 501 72 21 blefve
518 501 137 29 följaktligen
674 503 101 27 tjugutvä
792 503 61 21 rubel

103 536 82 27 silfver,
201 536 75 21 medan
292 535 41 22 den
349 543 28 13 nu
392 536 65 28 utgör
469 535 78 22 mellan
560 535 44 22 ätta
616 536 40 20 och
667 537 36 21 nio
715 536 67 22 rubel.
806 537 49 21 Den

103 571 85 20 komme
211 570 82 22 säledes
313 573 31 18 att
361 570 82 21 inemot
461 570 127 21 tredubblas
607 570 40 21 och
663 571 106 28 antagligt
784 572 24 20 är
823 574 32 18 att

103 604 92 22 flertalet
209 604 209 22 bränvinsbrännare
434 604 36 21 vid
486 604 77 21 sådant
578 604 134 22 förhållande
723 606 18 27 ej
754 613 52 14 vore
818 613 37 13 an-

104 639 91 28 gelägne
221 642 31 18 att
279 638 106 21 bibehålla
407 638 262 29 bränningsrättigheten,
695 646 46 15 som
764 639 91 22 sålunda

103 673 71 22 skulle
193 674 24 20 af
229 673 34 28 sig
281 673 52 28 sjelf
349 672 105 28 upphöra.
494 672 49 22 Den
563 673 140 28 motsägelse,
718 673 49 22 herr
783 673 72 29 Teng-

103 708 67 21 ström
194 707 105 21 förmenat
317 710 31 18 att
363 707 39 28 jag
421 707 47 21 låtit
484 707 86 21 komma
585 707 45 28 mig
645 707 32 21 till
692 708 52 26 last,
760 708 43 21 kan
817 709 38 27 jag

103 741 48 22 icke
170 741 103 27 erkänna,
293 744 51 18 utan
360 748 62 14 anser
435 741 49 28 jag,
500 744 32 18 att
546 741 29 21 då
590 741 265 30 bränvinstillverknings-

102 775 131 29 rättigheten
254 775 71 21 blifvit
343 783 77 20 genom
438 775 55 21 1800
508 776 34 21 års
562 775 129 29 författning
707 776 32 21 till
751 776 102 28 jordega-

102 817 51 14 rene
172 809 130 27 öfverlåten,
324 809 37 21 det
379 817 52 13 vore
446 812 32 19 ett
492 810 91 28 ingrepp
599 810 7 20 i
622 809 61 22 deras
699 810 42 21 rätt
757 813 31 18 att
802 813 51 18 utan

103 843 63 22 deras
182 843 129 28 begifvande
327 851 27 13 nu
370 843 99 28 fråntaga
484 843 48 22 dem
548 844 129 21 densamma.

171 883 57 30 Herr
243 883 168 28 Tengström:
441 883 12 21 I
472 884 39 21 fall
528 885 38 27 jag
586 883 77 29 riktigt
680 884 110 28 uppfattat
805 883 49 22 herr

103 917 126 29 Grönbergs
245 920 83 19 senaste
343 917 107 29 yttrande,
465 917 39 22 har
520 918 41 21 han
573 918 7 21 i
596 918 117 21 detsamma
725 917 84 29 antydt,
822 921 31 18 att

102 952 187 29 bestämningarne
315 959 34 14 om
376 952 255 29 husbehofsbränningen
657 952 70 21 skulle
754 959 53 14 vara
832 953 25 20 af

102 986 120 29 grundlags
241 989 68 18 natur.
344 985 35 22 En
398 986 67 21 sädan
484 987 58 28 äsigt
556 986 39 21 har
609 986 66 21 redan
690 987 73 20 blifvit
777 986 77 21 veder-

103 1020 51 29 lagd
178 1021 24 20 af
217 1020 49 21 herr
281 1011 126 42 Öhrnberg,
423 1021 7 20 i
446 1021 65 21 hvars
526 1021 100 28 yttrande
642 1021 7 20 i
664 1021 80 26 denna,
760 1020 93 22 likasom

102 1055 7 20 i
128 1055 43 20 alla
189 1055 70 28 öfriga
273 1055 66 26 delar,
352 1055 39 28 jag
405 1055 135 26 instämmer;
560 1063 48 13 men
622 1056 37 27 jag
675 1055 38 21 vill
729 1055 6 20 i
751 1055 102 20 afseende

102 1089 12 20 ä
137 1089 36 21 det
195 1089 98 28 rättsliga
315 1089 144 21 förhällandet
481 1089 49 21 med
554 1089 71 21 denna
647 1089 61 28 fräga
726 1089 127 28 ytterligare

102 1123 88 27 nämna,
213 1125 30 19 att
265 1123 7 21 i
294 1123 123 21 densamma
440 1123 90 22 alldeles
554 1123 48 21 icke
625 1123 62 28 ingår
705 1122 78 29 något,
806 1129 47 14 som

102 1157 69 21 skulle
191 1157 64 21 hafva
270 1157 135 28 egenskapen
422 1158 24 20 af
459 1160 30 18 ett
504 1158 148 28 privilegium,
668 1158 34 20 för
717 1157 65 21 hvars
798 1164 55 21 upp-

102 1191 107 21 häfvande
227 1186 135 27 erfordrades
379 1191 126 22 ständernes
521 1192 110 28 enhälliga
647 1191 77 22 beslut.
763 1190 45 22 För
823 1194 31 18 att

101 1225 77 21 utreda
196 1225 58 21 detta
269 1225 103 21 behöfver
387 1233 49 13 man
452 1226 18 28 ej
488 1226 27 28 gå
530 1226 74 27 längre
620 1226 90 21 tillbaka
725 1225 8 21 i
748 1225 104 21 historien

102 1266 35 14 om
155 1259 27 21 de
197 1260 53 20 sista
264 1259 280 29 lagstiftningsåtgärderna
559 1260 69 20 under
642 1259 94 22 svenska
751 1258 59 22 tiden
826 1259 27 21 än

100 1294 34 21 till
151 1294 62 27 1787,
231 1294 28 21 då
277 1296 31 19 ett
325 1301 16 13 s.
357 1294 21 21 k.
397 1294 102 28 frivilligt
514 1294 89 21 arrende
618 1293 79 21 mellan
712 1293 84 21 kronan
812 1292 41 20 och

100 1328 115 22 ständerne
238 1328 133 29 uppgjordes
391 1328 34 22 för
444 1336 26 14 en
490 1328 31 21 tid
537 1328 25 21 af
574 1328 30 21 tio
620 1328 29 21 år.
686 1326 79 22 Denna
780 1326 73 21 öfver-

100 1362 156 22 enskommelse
280 1362 55 22 hade
357 1362 85 22 således
466 1362 137 29 egenskapen
622 1362 24 21 af
663 1364 30 19 ett
708 1359 145 23 arrendekon-

100 1396 65 22 trakt.
195 1396 64 22 Efter
273 1396 28 22 de
317 1396 93 22 nämnda
425 1396 31 22 tio
472 1397 62 21 årens
551 1397 87 27 förlopp
653 1396 24 21 år
694 1394 53 22 1797
763 1394 88 29 förnya-

100 1430 38 22 des
161 1430 98 22 arrendet
281 1431 25 21 af
325 1430 368 30 husbehofsbränningsrättigheten
712 1428 46 22 åter
776 1428 29 28 på
820 1429 31 21 tio
