<?xml version="1.0" encoding="UTF-8"?>
<alto xmlns="http://www.loc.gov/standards/alto/ns-v3#" xmlns:xlink="http://www.w3.org/1999/xlink" xmlns:xsi="http://www.w3.org/2001/XMLSchema-instance" xsi:schemaLocation="http://www.loc.gov/standards/alto/ns-v3# http://www.loc.gov/alto/v3/alto-3-0.xsd">
	<Description>
		<MeasurementUnit>pixel</MeasurementUnit>
		<sourceImageInformation>
			<fileName>/tmp/tess_lkxkdhlq_input.PNG</fileName>
		</sourceImageInformation>
		<OCRProcessing ID="OCR_0">
			<ocrProcessingStep>
				<processingSoftware>
					<softwareName>tesseract 5.3.4</softwareName>
				</processingSoftware>
			</ocrProcessingStep>
		</OCRProcessing>
	</Description>
	<Layout>
		<Page WIDTH="1031" HEIGHT="1700" PHYSICAL_IMG_NR="0" ID="page_0">
			<PrintSpace HPOS="0" VPOS="0" WIDTH="1031" HEIGHT="1700">
				<ComposedBlock ID="cblock_0" HPOS="183" VPOS="72" WIDTH="41" HEIGHT="21">
					<TextBlock ID="block_0" HPOS="183" VPOS="72" WIDTH="41" HEIGHT="21">
						<TextLine ID="line_0" HPOS="183" VPOS="72" WIDTH="41" HEIGHT="21">
							<String ID="string_0" HPOS="183" VPOS="72" WIDTH="41" HEIGHT="21" WC="0.96" CONTENT="134"/>
						</TextLine>
					</TextBlock>
				</ComposedBlock>
				<ComposedBlock ID="cblock_1" HPOS="154" VPOS="140" WIDTH="756" HEIGHT="1257">
					<TextBlock ID="block_1" HPOS="154" VPOS="140" WIDTH="754" HEIGHT="637">
						<TextLine ID="line_1" HPOS="155" VPOS="140" WIDTH="752" HEIGHT="30">
							<String ID="string_1" HPOS="155" VPOS="141" WIDTH="68" HEIGHT="21" WC="0.96" CONTENT="första"/><SP WIDTH="15" VPOS="141" HPOS="223"/>
							<String ID="string_2" HPOS="238" VPOS="147" WIDTH="64" HEIGHT="14" WC="0.95" CONTENT="mom."/><SP WIDTH="16" VPOS="147" HPOS="302"/>
							<String ID="string_3" HPOS="318" VPOS="141" WIDTH="6" HEIGHT="20" WC="0.95" CONTENT="i"/><SP WIDTH="16" VPOS="141" HPOS="324"/>
							<String ID="string_4" HPOS="340" VPOS="140" WIDTH="71" HEIGHT="22" WC="0.93" CONTENT="denna"/><SP WIDTH="16" VPOS="140" HPOS="411"/>
							<String ID="string_5" HPOS="427" VPOS="141" WIDTH="24" HEIGHT="27" WC="0.92" CONTENT="$,"/><SP WIDTH="16" VPOS="141" HPOS="451"/>
							<String ID="string_6" HPOS="467" VPOS="140" WIDTH="37" HEIGHT="22" WC="0.96" CONTENT="der"/><SP WIDTH="17" VPOS="140" HPOS="504"/>
							<String ID="string_7" HPOS="521" VPOS="148" WIDTH="89" HEIGHT="14" WC="0.93" CONTENT="mannen"/><SP WIDTH="16" VPOS="148" HPOS="610"/>
							<String ID="string_8" HPOS="626" VPOS="140" WIDTH="89" HEIGHT="30" WC="0.92" CONTENT="ålägges"/><SP WIDTH="13" VPOS="140" HPOS="715"/>
							<String ID="string_9" HPOS="728" VPOS="143" WIDTH="31" HEIGHT="19" WC="0.96" CONTENT="att"/><SP WIDTH="12" VPOS="143" HPOS="759"/>
							<String ID="string_10" HPOS="771" VPOS="148" WIDTH="90" HEIGHT="14" WC="0.96" CONTENT="ansvara"/><SP WIDTH="12" VPOS="148" HPOS="861"/>
							<String ID="string_11" HPOS="873" VPOS="141" WIDTH="34" HEIGHT="21" WC="0.96" CONTENT="för"/>
						</TextLine>
						<TextLine ID="line_2" HPOS="155" VPOS="175" WIDTH="753" HEIGHT="28">
							<String ID="string_12" HPOS="155" VPOS="175" WIDTH="101" HEIGHT="21" WC="0.93" CONTENT="hustruns"/><SP WIDTH="18" VPOS="175" HPOS="256"/>
							<String ID="string_13" HPOS="274" VPOS="175" WIDTH="67" HEIGHT="27" WC="0.96" CONTENT="brott,"/><SP WIDTH="19" VPOS="175" HPOS="341"/>
							<String ID="string_14" HPOS="360" VPOS="175" WIDTH="90" HEIGHT="21" WC="0.96" CONTENT="såframt"/><SP WIDTH="15" VPOS="175" HPOS="450"/>
							<String ID="string_15" HPOS="465" VPOS="175" WIDTH="41" HEIGHT="21" WC="0.96" CONTENT="han"/><SP WIDTH="16" VPOS="175" HPOS="506"/>
							<String ID="string_16" HPOS="522" VPOS="176" WIDTH="19" HEIGHT="27" WC="0.96" CONTENT="ej"/><SP WIDTH="16" VPOS="176" HPOS="541"/>
							<String ID="string_17" HPOS="557" VPOS="177" WIDTH="42" HEIGHT="19" WC="0.96" CONTENT="kan"/><SP WIDTH="16" VPOS="177" HPOS="599"/>
							<String ID="string_18" HPOS="615" VPOS="175" WIDTH="104" HEIGHT="21" WC="0.96" CONTENT="särskildt"/><SP WIDTH="16" VPOS="175" HPOS="719"/>
							<String ID="string_19" HPOS="735" VPOS="176" WIDTH="74" HEIGHT="20" WC="0.96" CONTENT="bevisa"/><SP WIDTH="16" VPOS="176" HPOS="809"/>
							<String ID="string_20" HPOS="825" VPOS="179" WIDTH="31" HEIGHT="17" WC="0.96" CONTENT="att"/><SP WIDTH="14" VPOS="179" HPOS="856"/>
							<String ID="string_21" HPOS="870" VPOS="176" WIDTH="38" HEIGHT="21" WC="0.96" CONTENT="det"/>
						</TextLine>
						<TextLine ID="line_3" HPOS="154" VPOS="208" WIDTH="754" HEIGHT="30">
							<String ID="string_22" HPOS="154" VPOS="208" WIDTH="107" HEIGHT="22" WC="0.89" CONTENT="föröfvats"/><SP WIDTH="16" VPOS="208" HPOS="261"/>
							<String ID="string_23" HPOS="277" VPOS="208" WIDTH="78" HEIGHT="22" WC="0.96" CONTENT="honom"/><SP WIDTH="17" VPOS="208" HPOS="355"/>
							<String ID="string_24" HPOS="372" VPOS="209" WIDTH="112" HEIGHT="21" WC="0.93" CONTENT="ovetande."/><SP WIDTH="37" VPOS="209" HPOS="484"/>
							<String ID="string_25" HPOS="521" VPOS="209" WIDTH="69" HEIGHT="22" WC="0.89" CONTENT="Sedan"/><SP WIDTH="17" VPOS="209" HPOS="590"/>
							<String ID="string_26" HPOS="607" VPOS="217" WIDTH="48" HEIGHT="13" WC="0.96" CONTENT="man"/><SP WIDTH="17" VPOS="217" HPOS="655"/>
							<String ID="string_27" HPOS="672" VPOS="217" WIDTH="87" HEIGHT="13" WC="0.96" CONTENT="numera"/><SP WIDTH="16" VPOS="217" HPOS="759"/>
							<String ID="string_28" HPOS="775" VPOS="210" WIDTH="57" HEIGHT="20" WC="0.96" CONTENT="velat"/><SP WIDTH="15" VPOS="210" HPOS="832"/>
							<String ID="string_29" HPOS="847" VPOS="210" WIDTH="61" HEIGHT="28" WC="0.96" CONTENT="gifva"/>
						</TextLine>
						<TextLine ID="line_4" HPOS="155" VPOS="243" WIDTH="752" HEIGHT="28">
							<String ID="string_30" HPOS="155" VPOS="243" WIDTH="56" HEIGHT="28" WC="0.93" CONTENT="ogift"/><SP WIDTH="18" VPOS="243" HPOS="211"/>
							<String ID="string_31" HPOS="229" VPOS="243" WIDTH="81" HEIGHT="27" WC="0.25" CONTENT="g-inna"/><SP WIDTH="15" VPOS="243" HPOS="310"/>
							<String ID="string_32" HPOS="325" VPOS="244" WIDTH="44" HEIGHT="20" WC="0.96" CONTENT="rätt"/><SP WIDTH="14" VPOS="244" HPOS="369"/>
							<String ID="string_33" HPOS="383" VPOS="247" WIDTH="32" HEIGHT="17" WC="0.96" CONTENT="att"/><SP WIDTH="16" VPOS="247" HPOS="415"/>
							<String ID="string_34" HPOS="431" VPOS="243" WIDTH="79" HEIGHT="21" WC="0.95" CONTENT="handla"/><SP WIDTH="15" VPOS="243" HPOS="510"/>
							<String ID="string_35" HPOS="525" VPOS="244" WIDTH="27" HEIGHT="27" WC="0.96" CONTENT="pä"/><SP WIDTH="15" VPOS="244" HPOS="552"/>
							<String ID="string_36" HPOS="567" VPOS="251" WIDTH="53" HEIGHT="20" WC="0.96" CONTENT="egen"/><SP WIDTH="18" VPOS="251" HPOS="620"/>
							<String ID="string_37" HPOS="638" VPOS="244" WIDTH="55" HEIGHT="20" WC="0.96" CONTENT="hand"/><SP WIDTH="17" VPOS="244" HPOS="693"/>
							<String ID="string_38" HPOS="710" VPOS="244" WIDTH="41" HEIGHT="21" WC="0.95" CONTENT="och"/><SP WIDTH="16" VPOS="244" HPOS="751"/>
							<String ID="string_39" HPOS="767" VPOS="243" WIDTH="52" HEIGHT="28" WC="0.93" CONTENT="sjelf"/><SP WIDTH="12" VPOS="243" HPOS="819"/>
							<String ID="string_40" HPOS="831" VPOS="251" WIDTH="76" HEIGHT="13" WC="0.92" CONTENT="ansva-"/>
						</TextLine>
						<TextLine ID="line_5" HPOS="155" VPOS="278" WIDTH="752" HEIGHT="28">
							<String ID="string_41" HPOS="155" VPOS="285" WIDTH="24" HEIGHT="13" WC="0.96" CONTENT="ra"/><SP WIDTH="15" VPOS="285" HPOS="179"/>
							<String ID="string_42" HPOS="194" VPOS="278" WIDTH="32" HEIGHT="20" WC="0.96" CONTENT="för"/><SP WIDTH="17" VPOS="278" HPOS="226"/>
							<String ID="string_43" HPOS="243" VPOS="278" WIDTH="48" HEIGHT="20" WC="0.96" CONTENT="sina"/><SP WIDTH="16" VPOS="278" HPOS="291"/>
							<String ID="string_44" HPOS="307" VPOS="278" WIDTH="135" HEIGHT="27" WC="0.95" CONTENT="handlingar,"/><SP WIDTH="17" VPOS="278" HPOS="442"/>
							<String ID="string_45" HPOS="459" VPOS="284" WIDTH="64" HEIGHT="22" WC="0.96" CONTENT="synes"/><SP WIDTH="15" VPOS="284" HPOS="523"/>
							<String ID="string_46" HPOS="538" VPOS="278" WIDTH="37" HEIGHT="20" WC="0.96" CONTENT="det"/><SP WIDTH="15" VPOS="278" HPOS="575"/>
							<String ID="string_47" HPOS="590" VPOS="278" WIDTH="41" HEIGHT="20" WC="0.97" CONTENT="ock"/><SP WIDTH="17" VPOS="278" HPOS="631"/>
							<String ID="string_48" HPOS="648" VPOS="285" WIDTH="51" HEIGHT="13" WC="0.96" CONTENT="vara"/><SP WIDTH="14" VPOS="285" HPOS="699"/>
							<String ID="string_49" HPOS="713" VPOS="278" WIDTH="28" HEIGHT="28" WC="0.96" CONTENT="på"/><SP WIDTH="16" VPOS="278" HPOS="741"/>
							<String ID="string_50" HPOS="757" VPOS="278" WIDTH="57" HEIGHT="20" WC="0.96" CONTENT="tiden"/><SP WIDTH="13" VPOS="278" HPOS="814"/>
							<String ID="string_51" HPOS="827" VPOS="281" WIDTH="31" HEIGHT="17" WC="0.93" CONTENT="att"/><SP WIDTH="12" VPOS="281" HPOS="858"/>
							<String ID="string_52" HPOS="870" VPOS="278" WIDTH="37" HEIGHT="20" WC="0.92" CONTENT="hu-"/>
						</TextLine>
						<TextLine ID="line_6" HPOS="155" VPOS="311" WIDTH="752" HEIGHT="29">
							<String ID="string_53" HPOS="155" VPOS="315" WIDTH="60" HEIGHT="17" WC="0.80" CONTENT="strun"/><SP WIDTH="24" VPOS="315" HPOS="215"/>
							<String ID="string_54" HPOS="239" VPOS="312" WIDTH="33" HEIGHT="20" WC="0.74" CONTENT="för"/><SP WIDTH="22" VPOS="312" HPOS="272"/>
							<String ID="string_55" HPOS="294" VPOS="312" WIDTH="33" HEIGHT="20" WC="0.95" CONTENT="stå"/><SP WIDTH="22" VPOS="312" HPOS="327"/>
							<String ID="string_56" HPOS="349" VPOS="311" WIDTH="33" HEIGHT="21" WC="0.96" CONTENT="till"/><SP WIDTH="20" VPOS="311" HPOS="382"/>
							<String ID="string_57" HPOS="402" VPOS="314" WIDTH="60" HEIGHT="18" WC="0.96" CONTENT="svars"/><SP WIDTH="19" VPOS="314" HPOS="462"/>
							<String ID="string_58" HPOS="481" VPOS="312" WIDTH="34" HEIGHT="20" WC="0.96" CONTENT="för"/><SP WIDTH="18" VPOS="312" HPOS="515"/>
							<String ID="string_59" HPOS="533" VPOS="312" WIDTH="27" HEIGHT="20" WC="0.96" CONTENT="de"/><SP WIDTH="18" VPOS="312" HPOS="560"/>
							<String ID="string_60" HPOS="578" VPOS="312" WIDTH="143" HEIGHT="28" WC="0.96" CONTENT="förbrytelser"/><SP WIDTH="15" VPOS="312" HPOS="721"/>
							<String ID="string_61" HPOS="736" VPOS="312" WIDTH="42" HEIGHT="20" WC="0.96" CONTENT="hon"/><SP WIDTH="16" VPOS="312" HPOS="778"/>
							<String ID="string_62" HPOS="794" VPOS="312" WIDTH="42" HEIGHT="20" WC="0.96" CONTENT="kan"/><SP WIDTH="17" VPOS="312" HPOS="836"/>
							<String ID="string_63" HPOS="853" VPOS="311" WIDTH="54" HEIGHT="29" WC="0.96" CONTENT="begå"/>
						</TextLine>
						<TextLine ID="line_7" HPOS="155" VPOS="345" WIDTH="752" HEIGHT="29">
							<String ID="string_64" HPOS="155" VPOS="351" WIDTH="57" HEIGHT="16" WC="0.95" CONTENT="emot"/><SP WIDTH="16" VPOS="351" HPOS="212"/>
							<String ID="string_65" HPOS="228" VPOS="345" WIDTH="71" HEIGHT="21" WC="0.95" CONTENT="denna"/><SP WIDTH="15" VPOS="345" HPOS="299"/>
							<String ID="string_66" HPOS="314" VPOS="345" WIDTH="139" HEIGHT="27" WC="0.96" CONTENT="författning,"/><SP WIDTH="17" VPOS="345" HPOS="453"/>
							<String ID="string_67" HPOS="470" VPOS="346" WIDTH="67" HEIGHT="28" WC="0.96" CONTENT="enligt"/><SP WIDTH="15" VPOS="346" HPOS="537"/>
							<String ID="string_68" HPOS="552" VPOS="346" WIDTH="40" HEIGHT="20" WC="0.96" CONTENT="den"/><SP WIDTH="16" VPOS="346" HPOS="592"/>
							<String ID="string_69" HPOS="608" VPOS="346" WIDTH="73" HEIGHT="28" WC="0.96" CONTENT="gamla"/><SP WIDTH="15" VPOS="346" HPOS="681"/>
							<String ID="string_70" HPOS="696" VPOS="346" WIDTH="72" HEIGHT="28" WC="0.96" CONTENT="regeln"/><SP WIDTH="17" VPOS="346" HPOS="768"/>
							<String ID="string_71" HPOS="785" VPOS="349" WIDTH="30" HEIGHT="18" WC="0.93" CONTENT="att"/><SP WIDTH="11" VPOS="349" HPOS="815"/>
							<String ID="string_72" HPOS="826" VPOS="346" WIDTH="81" HEIGHT="21" WC="0.91" CONTENT="enhvar"/>
						</TextLine>
						<TextLine ID="line_8" HPOS="155" VPOS="379" WIDTH="752" HEIGHT="28">
							<String ID="string_73" HPOS="155" VPOS="387" WIDTH="52" HEIGHT="20" WC="0.96" CONTENT="eger"/><SP WIDTH="16" VPOS="387" HPOS="207"/>
							<String ID="string_74" HPOS="223" VPOS="379" WIDTH="32" HEIGHT="21" WC="0.96" CONTENT="sin"/><SP WIDTH="16" VPOS="379" HPOS="255"/>
							<String ID="string_75" HPOS="271" VPOS="379" WIDTH="39" HEIGHT="20" WC="0.96" CONTENT="sak"/><SP WIDTH="15" VPOS="379" HPOS="310"/>
							<String ID="string_76" HPOS="325" VPOS="386" WIDTH="73" HEIGHT="14" WC="0.96" CONTENT="ensam"/><SP WIDTH="16" VPOS="386" HPOS="398"/>
							<String ID="string_77" HPOS="414" VPOS="379" WIDTH="51" HEIGHT="21" WC="0.95" CONTENT="böta"/><SP WIDTH="16" VPOS="379" HPOS="465"/>
							<String ID="string_78" HPOS="481" VPOS="380" WIDTH="40" HEIGHT="20" WC="0.96" CONTENT="och"/><SP WIDTH="15" VPOS="380" HPOS="521"/>
							<String ID="string_79" HPOS="536" VPOS="380" WIDTH="18" HEIGHT="27" WC="0.96" CONTENT="ej"/><SP WIDTH="17" VPOS="380" HPOS="554"/>
							<String ID="string_80" HPOS="571" VPOS="387" WIDTH="83" HEIGHT="14" WC="0.96" CONTENT="annans"/><SP WIDTH="16" VPOS="387" HPOS="654"/>
							<String ID="string_81" HPOS="670" VPOS="380" WIDTH="40" HEIGHT="20" WC="0.93" CONTENT="lott"/><SP WIDTH="15" VPOS="380" HPOS="710"/>
							<String ID="string_82" HPOS="725" VPOS="380" WIDTH="108" HEIGHT="21" WC="0.92" CONTENT="förverka."/><SP WIDTH="29" VPOS="380" HPOS="833"/>
							<String ID="string_83" HPOS="862" VPOS="380" WIDTH="45" HEIGHT="22" WC="0.92" CONTENT="Det"/>
						</TextLine>
						<TextLine ID="line_9" HPOS="155" VPOS="412" WIDTH="752" HEIGHT="29">
							<String ID="string_84" HPOS="155" VPOS="412" WIDTH="128" HEIGHT="29" WC="0.93" CONTENT="stadgande,"/><SP WIDTH="20" VPOS="412" HPOS="283"/>
							<String ID="string_85" HPOS="303" VPOS="414" WIDTH="139" HEIGHT="20" WC="0.91" CONTENT="förenämnda"/><SP WIDTH="19" VPOS="414" HPOS="442"/>
							<String ID="string_86" HPOS="461" VPOS="421" WIDTH="63" HEIGHT="13" WC="0.96" CONTENT="mom."/><SP WIDTH="19" VPOS="421" HPOS="524"/>
							<String ID="string_87" HPOS="543" VPOS="414" WIDTH="126" HEIGHT="26" WC="0.79" CONTENT="innehåller,"/><SP WIDTH="19" VPOS="414" HPOS="669"/>
							<String ID="string_88" HPOS="688" VPOS="415" WIDTH="23" HEIGHT="20" WC="0.95" CONTENT="är"/><SP WIDTH="19" VPOS="415" HPOS="711"/>
							<String ID="string_89" HPOS="730" VPOS="414" WIDTH="110" HEIGHT="21" WC="0.96" CONTENT="stridande"/><SP WIDTH="18" VPOS="414" HPOS="840"/>
							<String ID="string_90" HPOS="858" VPOS="414" WIDTH="49" HEIGHT="21" WC="0.95" CONTENT="icke"/>
						</TextLine>
						<TextLine ID="line_10" HPOS="156" VPOS="448" WIDTH="751" HEIGHT="28">
							<String ID="string_91" HPOS="156" VPOS="448" WIDTH="91" HEIGHT="20" WC="0.92" CONTENT="allenast"/><SP WIDTH="22" VPOS="448" HPOS="247"/>
							<String ID="string_92" HPOS="269" VPOS="450" WIDTH="57" HEIGHT="19" WC="0.96" CONTENT="emot"/><SP WIDTH="18" VPOS="450" HPOS="326"/>
							<String ID="string_93" HPOS="344" VPOS="448" WIDTH="76" HEIGHT="28" WC="0.96" CONTENT="lagens"/><SP WIDTH="19" VPOS="448" HPOS="420"/>
							<String ID="string_94" HPOS="439" VPOS="448" WIDTH="108" HEIGHT="28" WC="0.96" CONTENT="principer"/><SP WIDTH="19" VPOS="448" HPOS="547"/>
							<String ID="string_95" HPOS="566" VPOS="455" WIDTH="34" HEIGHT="13" WC="0.93" CONTENT="om"/><SP WIDTH="17" VPOS="455" HPOS="600"/>
							<String ID="string_96" HPOS="617" VPOS="448" WIDTH="290" HEIGHT="28" WC="0.91" CONTENT="bevisningsskyldigheten,"/>
						</TextLine>
						<TextLine ID="line_11" HPOS="155" VPOS="481" WIDTH="752" HEIGHT="29">
							<String ID="string_97" HPOS="155" VPOS="485" WIDTH="51" HEIGHT="17" WC="0.95" CONTENT="utan"/><SP WIDTH="23" VPOS="485" HPOS="206"/>
							<String ID="string_98" HPOS="229" VPOS="482" WIDTH="42" HEIGHT="20" WC="0.96" CONTENT="ock"/><SP WIDTH="18" VPOS="482" HPOS="271"/>
							<String ID="string_99" HPOS="289" VPOS="485" WIDTH="59" HEIGHT="18" WC="0.96" CONTENT="emot"/><SP WIDTH="18" VPOS="485" HPOS="348"/>
							<String ID="string_100" HPOS="366" VPOS="481" WIDTH="27" HEIGHT="21" WC="0.96" CONTENT="de"/><SP WIDTH="16" VPOS="481" HPOS="393"/>
							<String ID="string_101" HPOS="409" VPOS="482" WIDTH="107" HEIGHT="21" WC="0.93" CONTENT="allmänna"/><SP WIDTH="15" VPOS="482" HPOS="516"/>
							<String ID="string_102" HPOS="531" VPOS="482" WIDTH="190" HEIGHT="28" WC="0.91" CONTENT="rättsbegreppen,"/><SP WIDTH="16" VPOS="482" HPOS="721"/>
							<String ID="string_103" HPOS="737" VPOS="482" WIDTH="40" HEIGHT="21" WC="0.96" CONTENT="och"/><SP WIDTH="14" VPOS="482" HPOS="777"/>
							<String ID="string_104" HPOS="791" VPOS="482" WIDTH="38" HEIGHT="28" WC="0.96" CONTENT="jag"/><SP WIDTH="16" VPOS="482" HPOS="829"/>
							<String ID="string_105" HPOS="845" VPOS="490" WIDTH="62" HEIGHT="13" WC="0.95" CONTENT="anser"/>
						</TextLine>
						<TextLine ID="line_12" HPOS="156" VPOS="516" WIDTH="750" HEIGHT="28">
							<String ID="string_106" HPOS="156" VPOS="516" WIDTH="86" HEIGHT="21" WC="0.92" CONTENT="derföre"/><SP WIDTH="19" VPOS="516" HPOS="242"/>
							<String ID="string_107" HPOS="261" VPOS="519" WIDTH="32" HEIGHT="18" WC="0.96" CONTENT="att"/><SP WIDTH="14" VPOS="519" HPOS="293"/>
							<String ID="string_108" HPOS="307" VPOS="516" WIDTH="70" HEIGHT="21" WC="0.96" CONTENT="första"/><SP WIDTH="15" VPOS="516" HPOS="377"/>
							<String ID="string_109" HPOS="392" VPOS="523" WIDTH="63" HEIGHT="13" WC="0.96" CONTENT="mom."/><SP WIDTH="17" VPOS="523" HPOS="455"/>
							<String ID="string_110" HPOS="472" VPOS="516" WIDTH="100" HEIGHT="28" WC="0.96" CONTENT="antingen"/><SP WIDTH="18" VPOS="516" HPOS="572"/>
							<String ID="string_111" HPOS="590" VPOS="516" WIDTH="40" HEIGHT="21" WC="0.97" CONTENT="bör"/><SP WIDTH="16" VPOS="516" HPOS="630"/>
							<String ID="string_112" HPOS="646" VPOS="516" WIDTH="45" HEIGHT="21" WC="0.96" CONTENT="helt"/><SP WIDTH="14" VPOS="516" HPOS="691"/>
							<String ID="string_113" HPOS="705" VPOS="516" WIDTH="42" HEIGHT="21" WC="0.96" CONTENT="och"/><SP WIDTH="16" VPOS="516" HPOS="747"/>
							<String ID="string_114" HPOS="763" VPOS="516" WIDTH="66" HEIGHT="21" WC="0.96" CONTENT="hållet"/><SP WIDTH="15" VPOS="516" HPOS="829"/>
							<String ID="string_115" HPOS="844" VPOS="516" WIDTH="62" HEIGHT="28" WC="0.95" CONTENT="utgå,"/>
						</TextLine>
						<TextLine ID="line_13" HPOS="156" VPOS="550" WIDTH="751" HEIGHT="27">
							<String ID="string_116" HPOS="156" VPOS="550" WIDTH="52" HEIGHT="22" WC="0.96" CONTENT="eller"/><SP WIDTH="19" VPOS="550" HPOS="208"/>
							<String ID="string_117" HPOS="227" VPOS="550" WIDTH="130" HEIGHT="22" WC="0.96" CONTENT="åtminstone"/><SP WIDTH="15" VPOS="550" HPOS="357"/>
							<String ID="string_118" HPOS="372" VPOS="552" WIDTH="42" HEIGHT="25" WC="0.96" CONTENT="att,"/><SP WIDTH="15" VPOS="552" HPOS="414"/>
							<String ID="string_119" HPOS="429" VPOS="550" WIDTH="7" HEIGHT="21" WC="0.96" CONTENT="i"/><SP WIDTH="16" VPOS="550" HPOS="436"/>
							<String ID="string_120" HPOS="452" VPOS="550" WIDTH="37" HEIGHT="21" WC="0.95" CONTENT="fall"/><SP WIDTH="16" VPOS="550" HPOS="489"/>
							<String ID="string_121" HPOS="505" VPOS="550" WIDTH="36" HEIGHT="21" WC="0.95" CONTENT="det"/><SP WIDTH="15" VPOS="550" HPOS="541"/>
							<String ID="string_122" HPOS="556" VPOS="550" WIDTH="54" HEIGHT="21" WC="0.96" CONTENT="skall"/><SP WIDTH="20" VPOS="550" HPOS="610"/>
							<String ID="string_123" HPOS="630" VPOS="550" WIDTH="129" HEIGHT="27" WC="0.96" CONTENT="bibehållas,"/><SP WIDTH="16" VPOS="550" HPOS="759"/>
							<String ID="string_124" HPOS="775" VPOS="557" WIDTH="80" HEIGHT="14" WC="0.93" CONTENT="samma"/><SP WIDTH="16" VPOS="557" HPOS="855"/>
							<String ID="string_125" HPOS="871" VPOS="550" WIDTH="36" HEIGHT="21" WC="0.92" CONTENT="be-"/>
						</TextLine>
						<TextLine ID="line_14" HPOS="157" VPOS="584" WIDTH="749" HEIGHT="28">
							<String ID="string_126" HPOS="157" VPOS="584" WIDTH="143" HEIGHT="27" WC="0.91" CONTENT="stämmande,"/><SP WIDTH="15" VPOS="584" HPOS="300"/>
							<String ID="string_127" HPOS="315" VPOS="591" WIDTH="47" HEIGHT="14" WC="0.96" CONTENT="som"/><SP WIDTH="16" VPOS="591" HPOS="362"/>
							<String ID="string_128" HPOS="378" VPOS="585" WIDTH="74" HEIGHT="27" WC="0.96" CONTENT="längre"/><SP WIDTH="20" VPOS="585" HPOS="452"/>
							<String ID="string_129" HPOS="472" VPOS="585" WIDTH="53" HEIGHT="20" WC="0.96" CONTENT="fram"/><SP WIDTH="19" VPOS="585" HPOS="525"/>
							<String ID="string_130" HPOS="544" VPOS="584" WIDTH="7" HEIGHT="21" WC="0.96" CONTENT="i"/><SP WIDTH="17" VPOS="584" HPOS="551"/>
							<String ID="string_131" HPOS="568" VPOS="585" WIDTH="127" HEIGHT="27" WC="0.96" CONTENT="paragrafen"/><SP WIDTH="16" VPOS="585" HPOS="695"/>
							<String ID="string_132" HPOS="711" VPOS="584" WIDTH="143" HEIGHT="21" WC="0.93" CONTENT="förekommer"/><SP WIDTH="15" VPOS="584" HPOS="854"/>
							<String ID="string_133" HPOS="869" VPOS="592" WIDTH="37" HEIGHT="13" WC="0.91" CONTENT="an-"/>
						</TextLine>
						<TextLine ID="line_15" HPOS="157" VPOS="618" WIDTH="750" HEIGHT="29">
							<String ID="string_134" HPOS="157" VPOS="619" WIDTH="82" HEIGHT="28" WC="0.96" CONTENT="gående"/><SP WIDTH="22" VPOS="619" HPOS="239"/>
							<String ID="string_135" HPOS="261" VPOS="619" WIDTH="81" HEIGHT="28" WC="0.96" CONTENT="tjenare"/><SP WIDTH="22" VPOS="619" HPOS="342"/>
							<String ID="string_136" HPOS="364" VPOS="625" WIDTH="46" HEIGHT="14" WC="0.96" CONTENT="som"/><SP WIDTH="21" VPOS="625" HPOS="410"/>
							<String ID="string_137" HPOS="431" VPOS="619" WIDTH="62" HEIGHT="20" WC="0.96" CONTENT="beror"/><SP WIDTH="15" VPOS="619" HPOS="493"/>
							<String ID="string_138" HPOS="508" VPOS="619" WIDTH="24" HEIGHT="20" WC="0.93" CONTENT="af"/><SP WIDTH="12" VPOS="619" HPOS="532"/>
							<String ID="string_139" HPOS="544" VPOS="618" WIDTH="189" HEIGHT="27" WC="0.91" CONTENT="husbondevälde,"/><SP WIDTH="17" VPOS="618" HPOS="733"/>
							<String ID="string_140" HPOS="750" VPOS="619" WIDTH="37" HEIGHT="20" WC="0.91" CONTENT="här"/><SP WIDTH="15" VPOS="619" HPOS="787"/>
							<String ID="string_141" HPOS="802" VPOS="619" WIDTH="34" HEIGHT="20" WC="0.92" CONTENT="må"/><SP WIDTH="15" VPOS="619" HPOS="836"/>
							<String ID="string_142" HPOS="851" VPOS="619" WIDTH="56" HEIGHT="20" WC="0.92" CONTENT="infö-"/>
						</TextLine>
						<TextLine ID="line_16" HPOS="156" VPOS="652" WIDTH="751" HEIGHT="29">
							<String ID="string_143" HPOS="156" VPOS="660" WIDTH="35" HEIGHT="14" WC="0.96" CONTENT="ras"/><SP WIDTH="18" VPOS="660" HPOS="191"/>
							<String ID="string_144" HPOS="209" VPOS="653" WIDTH="41" HEIGHT="20" WC="0.96" CONTENT="och"/><SP WIDTH="19" VPOS="653" HPOS="250"/>
							<String ID="string_145" HPOS="269" VPOS="653" WIDTH="84" HEIGHT="21" WC="0.96" CONTENT="således"/><SP WIDTH="19" VPOS="653" HPOS="353"/>
							<String ID="string_146" HPOS="372" VPOS="656" WIDTH="32" HEIGHT="17" WC="0.96" CONTENT="att"/><SP WIDTH="17" VPOS="656" HPOS="404"/>
							<String ID="string_147" HPOS="421" VPOS="652" WIDTH="115" HEIGHT="29" WC="0.96" CONTENT="åklagaren"/><SP WIDTH="16" VPOS="652" HPOS="536"/>
							<String ID="string_148" HPOS="552" VPOS="653" WIDTH="56" HEIGHT="20" WC="0.96" CONTENT="skall"/><SP WIDTH="16" VPOS="653" HPOS="608"/>
							<String ID="string_149" HPOS="624" VPOS="653" WIDTH="74" HEIGHT="20" WC="0.96" CONTENT="bevisa"/><SP WIDTH="15" VPOS="653" HPOS="698"/>
							<String ID="string_150" HPOS="713" VPOS="653" WIDTH="36" HEIGHT="20" WC="0.96" CONTENT="det"/><SP WIDTH="16" VPOS="653" HPOS="749"/>
							<String ID="string_151" HPOS="765" VPOS="661" WIDTH="89" HEIGHT="13" WC="0.93" CONTENT="mannen"/><SP WIDTH="17" VPOS="661" HPOS="854"/>
							<String ID="string_152" HPOS="871" VPOS="660" WIDTH="36" HEIGHT="13" WC="0.92" CONTENT="an-"/>
						</TextLine>
						<TextLine ID="line_17" HPOS="156" VPOS="686" WIDTH="751" HEIGHT="29">
							<String ID="string_153" HPOS="156" VPOS="687" WIDTH="76" HEIGHT="21" WC="0.96" CONTENT="befallt"/><SP WIDTH="17" VPOS="687" HPOS="232"/>
							<String ID="string_154" HPOS="249" VPOS="687" WIDTH="53" HEIGHT="20" WC="0.96" CONTENT="eller"/><SP WIDTH="15" VPOS="687" HPOS="302"/>
							<String ID="string_155" HPOS="317" VPOS="687" WIDTH="73" HEIGHT="20" WC="0.96" CONTENT="tillåtit"/><SP WIDTH="16" VPOS="687" HPOS="390"/>
							<String ID="string_156" HPOS="406" VPOS="686" WIDTH="89" HEIGHT="21" WC="0.95" CONTENT="hustrun"/><SP WIDTH="16" VPOS="686" HPOS="495"/>
							<String ID="string_157" HPOS="511" VPOS="690" WIDTH="31" HEIGHT="17" WC="0.96" CONTENT="att"/><SP WIDTH="16" VPOS="690" HPOS="542"/>
							<String ID="string_158" HPOS="558" VPOS="687" WIDTH="54" HEIGHT="27" WC="0.93" CONTENT="begå"/><SP WIDTH="16" VPOS="687" HPOS="612"/>
							<String ID="string_159" HPOS="628" VPOS="687" WIDTH="153" HEIGHT="28" WC="0.91" CONTENT="förbrytelsen,"/><SP WIDTH="15" VPOS="687" HPOS="781"/>
							<String ID="string_160" HPOS="796" VPOS="695" WIDTH="47" HEIGHT="12" WC="0.96" CONTENT="men"/><SP WIDTH="16" VPOS="695" HPOS="843"/>
							<String ID="string_161" HPOS="859" VPOS="687" WIDTH="48" HEIGHT="21" WC="0.95" CONTENT="icke"/>
						</TextLine>
						<TextLine ID="line_18" HPOS="157" VPOS="721" WIDTH="750" HEIGHT="28">
							<String ID="string_162" HPOS="157" VPOS="725" WIDTH="31" HEIGHT="17" WC="0.96" CONTENT="att"/><SP WIDTH="15" VPOS="725" HPOS="188"/>
							<String ID="string_163" HPOS="203" VPOS="729" WIDTH="90" HEIGHT="13" WC="0.96" CONTENT="mannen"/><SP WIDTH="16" VPOS="729" HPOS="293"/>
							<String ID="string_164" HPOS="309" VPOS="721" WIDTH="85" HEIGHT="28" WC="0.96" CONTENT="åligger"/><SP WIDTH="16" VPOS="721" HPOS="394"/>
							<String ID="string_165" HPOS="410" VPOS="721" WIDTH="110" HEIGHT="21" WC="0.96" CONTENT="föreställa"/><SP WIDTH="16" VPOS="721" HPOS="520"/>
							<String ID="string_166" HPOS="536" VPOS="721" WIDTH="115" HEIGHT="28" WC="0.95" CONTENT="utredning"/><SP WIDTH="15" VPOS="721" HPOS="651"/>
							<String ID="string_167" HPOS="666" VPOS="721" WIDTH="73" HEIGHT="21" WC="0.95" CONTENT="derom"/><SP WIDTH="17" VPOS="721" HPOS="739"/>
							<String ID="string_168" HPOS="756" VPOS="724" WIDTH="31" HEIGHT="17" WC="0.96" CONTENT="att"/><SP WIDTH="14" VPOS="724" HPOS="787"/>
							<String ID="string_169" HPOS="801" VPOS="721" WIDTH="41" HEIGHT="21" WC="0.96" CONTENT="han"/><SP WIDTH="16" VPOS="721" HPOS="842"/>
							<String ID="string_170" HPOS="858" VPOS="721" WIDTH="49" HEIGHT="21" WC="0.96" CONTENT="icke"/>
						</TextLine>
						<TextLine ID="line_19" HPOS="157" VPOS="755" WIDTH="307" HEIGHT="22">
							<String ID="string_171" HPOS="157" VPOS="755" WIDTH="80" HEIGHT="22" WC="0.92" CONTENT="afvetat"/><SP WIDTH="16" VPOS="755" HPOS="237"/>
							<String ID="string_172" HPOS="253" VPOS="755" WIDTH="36" HEIGHT="21" WC="0.96" CONTENT="det"/><SP WIDTH="15" VPOS="755" HPOS="289"/>
							<String ID="string_173" HPOS="304" VPOS="755" WIDTH="81" HEIGHT="21" WC="0.96" CONTENT="brottet"/><SP WIDTH="15" VPOS="755" HPOS="385"/>
							<String ID="string_174" HPOS="400" VPOS="755" WIDTH="64" HEIGHT="21" WC="0.96" CONTENT="skett."/>
						</TextLine>
					</TextBlock>
					<TextBlock ID="block_2" HPOS="155" VPOS="793" WIDTH="755" HEIGHT="604">
						<TextLine ID="line_20" HPOS="224" VPOS="793" WIDTH="683" HEIGHT="23">
							<String ID="string_175" HPOS="224" VPOS="794" WIDTH="58" HEIGHT="21" WC="0.95" CONTENT="Herr"/><SP WIDTH="14" VPOS="794" HPOS="282"/>
							<String ID="string_176" HPOS="296" VPOS="793" WIDTH="134" HEIGHT="23" WC="0.94" CONTENT="Juselius:"/><SP WIDTH="31" VPOS="793" HPOS="430"/>
							<String ID="string_177" HPOS="461" VPOS="794" WIDTH="11" HEIGHT="21" WC="0.92" CONTENT="I"/><SP WIDTH="16" VPOS="794" HPOS="472"/>
							<String ID="string_178" HPOS="488" VPOS="795" WIDTH="150" HEIGHT="21" WC="0.76" CONTENT="hufvndsaken"/><SP WIDTH="17" VPOS="795" HPOS="638"/>
							<String ID="string_179" HPOS="655" VPOS="802" WIDTH="50" HEIGHT="14" WC="0.96" CONTENT="ense"/><SP WIDTH="16" VPOS="802" HPOS="705"/>
							<String ID="string_180" HPOS="721" VPOS="795" WIDTH="48" HEIGHT="21" WC="0.96" CONTENT="med"/><SP WIDTH="16" VPOS="795" HPOS="769"/>
							<String ID="string_181" HPOS="785" VPOS="794" WIDTH="49" HEIGHT="22" WC="0.93" CONTENT="herr"/><SP WIDTH="14" VPOS="794" HPOS="834"/>
							<String ID="string_182" HPOS="848" VPOS="795" WIDTH="59" HEIGHT="20" WC="0.92" CONTENT="Möl-"/>
						</TextLine>
						<TextLine ID="line_21" HPOS="158" VPOS="829" WIDTH="748" HEIGHT="28">
							<String ID="string_183" HPOS="158" VPOS="829" WIDTH="34" HEIGHT="25" WC="0.94" CONTENT="sä,"/><SP WIDTH="23" VPOS="829" HPOS="192"/>
							<String ID="string_184" HPOS="215" VPOS="830" WIDTH="86" HEIGHT="20" WC="0.96" CONTENT="förenar"/><SP WIDTH="20" VPOS="830" HPOS="301"/>
							<String ID="string_185" HPOS="321" VPOS="829" WIDTH="39" HEIGHT="28" WC="0.96" CONTENT="jag"/><SP WIDTH="23" VPOS="829" HPOS="360"/>
							<String ID="string_186" HPOS="383" VPOS="829" WIDTH="45" HEIGHT="28" WC="0.96" CONTENT="mig"/><SP WIDTH="18" VPOS="829" HPOS="428"/>
							<String ID="string_187" HPOS="446" VPOS="829" WIDTH="48" HEIGHT="21" WC="0.95" CONTENT="med"/><SP WIDTH="17" VPOS="829" HPOS="494"/>
							<String ID="string_188" HPOS="511" VPOS="829" WIDTH="78" HEIGHT="21" WC="0.95" CONTENT="honom"/><SP WIDTH="15" VPOS="829" HPOS="589"/>
							<String ID="string_189" HPOS="604" VPOS="833" WIDTH="56" HEIGHT="17" WC="0.95" CONTENT="samt"/><SP WIDTH="16" VPOS="833" HPOS="660"/>
							<String ID="string_190" HPOS="676" VPOS="829" WIDTH="36" HEIGHT="20" WC="0.96" CONTENT="vill"/><SP WIDTH="17" VPOS="829" HPOS="712"/>
							<String ID="string_191" HPOS="729" VPOS="829" WIDTH="125" HEIGHT="28" WC="0.93" CONTENT="ytterligare"/><SP WIDTH="16" VPOS="829" HPOS="854"/>
							<String ID="string_192" HPOS="870" VPOS="837" WIDTH="36" HEIGHT="12" WC="0.89" CONTENT="an-"/>
						</TextLine>
						<TextLine ID="line_22" HPOS="157" VPOS="863" WIDTH="750" HEIGHT="28">
							<String ID="string_193" HPOS="157" VPOS="863" WIDTH="81" HEIGHT="26" WC="0.96" CONTENT="märka,"/><SP WIDTH="16" VPOS="863" HPOS="238"/>
							<String ID="string_194" HPOS="254" VPOS="866" WIDTH="31" HEIGHT="18" WC="0.96" CONTENT="att"/><SP WIDTH="15" VPOS="866" HPOS="285"/>
							<String ID="string_195" HPOS="300" VPOS="863" WIDTH="36" HEIGHT="21" WC="0.96" CONTENT="det"/><SP WIDTH="15" VPOS="863" HPOS="336"/>
							<String ID="string_196" HPOS="351" VPOS="863" WIDTH="6" HEIGHT="20" WC="0.96" CONTENT="i"/><SP WIDTH="16" VPOS="863" HPOS="357"/>
							<String ID="string_197" HPOS="373" VPOS="863" WIDTH="27" HEIGHT="21" WC="0.96" CONTENT="de"/><SP WIDTH="16" VPOS="863" HPOS="400"/>
							<String ID="string_198" HPOS="416" VPOS="863" WIDTH="62" HEIGHT="21" WC="0.96" CONTENT="flesta"/><SP WIDTH="11" VPOS="863" HPOS="478"/>
							<String ID="string_199" HPOS="489" VPOS="863" WIDTH="37" HEIGHT="21" WC="0.95" CONTENT="fall"/><SP WIDTH="13" VPOS="863" HPOS="526"/>
							<String ID="string_200" HPOS="539" VPOS="863" WIDTH="60" HEIGHT="21" WC="0.96" CONTENT="torde"/><SP WIDTH="13" VPOS="863" HPOS="599"/>
							<String ID="string_201" HPOS="612" VPOS="863" WIDTH="67" HEIGHT="21" WC="0.96" CONTENT="blifva"/><SP WIDTH="12" VPOS="863" HPOS="679"/>
							<String ID="string_202" HPOS="691" VPOS="864" WIDTH="34" HEIGHT="20" WC="0.96" CONTENT="för"/><SP WIDTH="12" VPOS="864" HPOS="725"/>
							<String ID="string_203" HPOS="737" VPOS="871" WIDTH="89" HEIGHT="13" WC="0.93" CONTENT="mannen"/><SP WIDTH="13" VPOS="871" HPOS="826"/>
							<String ID="string_204" HPOS="839" VPOS="864" WIDTH="68" HEIGHT="27" WC="0.91" CONTENT="omöj-"/>
						</TextLine>
						<TextLine ID="line_23" HPOS="157" VPOS="897" WIDTH="751" HEIGHT="28">
							<String ID="string_205" HPOS="157" VPOS="898" WIDTH="41" HEIGHT="27" WC="0.96" CONTENT="ligt"/><SP WIDTH="21" VPOS="898" HPOS="198"/>
							<String ID="string_206" HPOS="219" VPOS="901" WIDTH="32" HEIGHT="18" WC="0.96" CONTENT="att"/><SP WIDTH="18" VPOS="901" HPOS="251"/>
							<String ID="string_207" HPOS="269" VPOS="897" WIDTH="74" HEIGHT="22" WC="0.96" CONTENT="bevisa"/><SP WIDTH="19" VPOS="897" HPOS="343"/>
							<String ID="string_208" HPOS="362" VPOS="897" WIDTH="36" HEIGHT="21" WC="0.96" CONTENT="det"/><SP WIDTH="16" VPOS="897" HPOS="398"/>
							<String ID="string_209" HPOS="414" VPOS="897" WIDTH="89" HEIGHT="21" WC="0.94" CONTENT="hustrun"/><SP WIDTH="16" VPOS="897" HPOS="503"/>
							<String ID="string_210" HPOS="519" VPOS="897" WIDTH="78" HEIGHT="21" WC="0.95" CONTENT="honom"/><SP WIDTH="16" VPOS="897" HPOS="597"/>
							<String ID="string_211" HPOS="613" VPOS="897" WIDTH="105" HEIGHT="22" WC="0.95" CONTENT="ovetande"/><SP WIDTH="17" VPOS="897" HPOS="718"/>
							<String ID="string_212" HPOS="735" VPOS="897" WIDTH="72" HEIGHT="28" WC="0.93" CONTENT="begått"/><SP WIDTH="16" VPOS="897" HPOS="807"/>
							<String ID="string_213" HPOS="823" VPOS="897" WIDTH="85" HEIGHT="28" WC="0.92" CONTENT="förbry-"/>
						</TextLine>
						<TextLine ID="line_24" HPOS="156" VPOS="931" WIDTH="752" HEIGHT="29">
							<String ID="string_214" HPOS="156" VPOS="932" WIDTH="75" HEIGHT="21" WC="0.91" CONTENT="telsen."/><SP WIDTH="31" VPOS="932" HPOS="231"/>
							<String ID="string_215" HPOS="262" VPOS="931" WIDTH="45" HEIGHT="29" WC="0.96" CONTENT="Jag"/><SP WIDTH="15" VPOS="931" HPOS="307"/>
							<String ID="string_216" HPOS="322" VPOS="931" WIDTH="100" HEIGHT="22" WC="0.93" CONTENT="förordar"/><SP WIDTH="14" VPOS="931" HPOS="422"/>
							<String ID="string_217" HPOS="436" VPOS="931" WIDTH="92" HEIGHT="27" WC="0.92" CONTENT="derföre,"/><SP WIDTH="16" VPOS="931" HPOS="528"/>
							<String ID="string_218" HPOS="544" VPOS="935" WIDTH="30" HEIGHT="18" WC="0.96" CONTENT="att"/><SP WIDTH="12" VPOS="935" HPOS="574"/>
							<String ID="string_219" HPOS="586" VPOS="939" WIDTH="63" HEIGHT="13" WC="0.96" CONTENT="mom."/><SP WIDTH="16" VPOS="939" HPOS="649"/>
							<String ID="string_220" HPOS="665" VPOS="933" WIDTH="8" HEIGHT="19" WC="0.96" CONTENT="1"/><SP WIDTH="15" VPOS="933" HPOS="673"/>
							<String ID="string_221" HPOS="688" VPOS="931" WIDTH="70" HEIGHT="21" WC="0.96" CONTENT="skulle"/><SP WIDTH="16" VPOS="931" HPOS="758"/>
							<String ID="string_222" HPOS="774" VPOS="931" WIDTH="82" HEIGHT="22" WC="0.92" CONTENT="erhälla"/><SP WIDTH="11" VPOS="931" HPOS="856"/>
							<String ID="string_223" HPOS="867" VPOS="931" WIDTH="41" HEIGHT="21" WC="0.93" CONTENT="föl-"/>
						</TextLine>
						<TextLine ID="line_25" HPOS="155" VPOS="965" WIDTH="753" HEIGHT="30">
							<String ID="string_224" HPOS="155" VPOS="965" WIDTH="64" HEIGHT="29" WC="0.92" CONTENT="jande"/><SP WIDTH="17" VPOS="965" HPOS="219"/>
							<String ID="string_225" HPOS="236" VPOS="965" WIDTH="130" HEIGHT="22" WC="0.96" CONTENT="förändrade"/><SP WIDTH="15" VPOS="965" HPOS="366"/>
							<String ID="string_226" HPOS="381" VPOS="965" WIDTH="95" HEIGHT="29" WC="0.93" CONTENT="lydelse:"/><SP WIDTH="16" VPOS="965" HPOS="476"/>
							<String ID="string_227" HPOS="492" VPOS="965" WIDTH="130" HEIGHT="29" WC="0.85" CONTENT="”Förbryter"/><SP WIDTH="15" VPOS="965" HPOS="622"/>
							<String ID="string_228" HPOS="637" VPOS="966" WIDTH="35" HEIGHT="29" WC="0.96" CONTENT="sig"/><SP WIDTH="16" VPOS="966" HPOS="672"/>
							<String ID="string_229" HPOS="688" VPOS="965" WIDTH="90" HEIGHT="22" WC="0.95" CONTENT="hustrun"/><SP WIDTH="16" VPOS="965" HPOS="778"/>
							<String ID="string_230" HPOS="794" VPOS="968" WIDTH="45" HEIGHT="18" WC="0.96" CONTENT="mot"/><SP WIDTH="11" VPOS="968" HPOS="839"/>
							<String ID="string_231" HPOS="850" VPOS="965" WIDTH="58" HEIGHT="22" WC="0.96" CONTENT="hvad"/>
						</TextLine>
						<TextLine ID="line_26" HPOS="156" VPOS="999" WIDTH="752" HEIGHT="29">
							<String ID="string_232" HPOS="156" VPOS="1001" WIDTH="9" HEIGHT="20" WC="0.96" CONTENT="i"/><SP WIDTH="21" VPOS="1001" HPOS="165"/>
							<String ID="string_233" HPOS="186" VPOS="1000" WIDTH="71" HEIGHT="21" WC="0.96" CONTENT="denna"/><SP WIDTH="21" VPOS="1000" HPOS="257"/>
							<String ID="string_234" HPOS="278" VPOS="999" WIDTH="128" HEIGHT="29" WC="0.96" CONTENT="förordning"/><SP WIDTH="22" VPOS="999" HPOS="406"/>
							<String ID="string_235" HPOS="428" VPOS="1001" WIDTH="24" HEIGHT="19" WC="0.91" CONTENT="är"/><SP WIDTH="22" VPOS="1001" HPOS="452"/>
							<String ID="string_236" HPOS="474" VPOS="1000" WIDTH="111" HEIGHT="28" WC="0.91" CONTENT="stadgadt,"/><SP WIDTH="19" VPOS="1000" HPOS="585"/>
							<String ID="string_237" HPOS="604" VPOS="1000" WIDTH="62" HEIGHT="21" WC="0.96" CONTENT="skola"/><SP WIDTH="20" VPOS="1000" HPOS="666"/>
							<String ID="string_238" HPOS="686" VPOS="999" WIDTH="53" HEIGHT="22" WC="0.96" CONTENT="både"/><SP WIDTH="19" VPOS="999" HPOS="739"/>
							<String ID="string_239" HPOS="758" VPOS="1007" WIDTH="92" HEIGHT="14" WC="0.95" CONTENT="mannen"/><SP WIDTH="17" VPOS="1007" HPOS="850"/>
							<String ID="string_240" HPOS="867" VPOS="1000" WIDTH="41" HEIGHT="21" WC="0.97" CONTENT="och"/>
						</TextLine>
						<TextLine ID="line_27" HPOS="157" VPOS="1034" WIDTH="751" HEIGHT="28">
							<String ID="string_241" HPOS="157" VPOS="1035" WIDTH="42" HEIGHT="20" WC="0.96" CONTENT="hon"/><SP WIDTH="17" VPOS="1035" HPOS="199"/>
							<String ID="string_242" HPOS="216" VPOS="1035" WIDTH="33" HEIGHT="20" WC="0.93" CONTENT="för"/><SP WIDTH="16" VPOS="1035" HPOS="249"/>
							<String ID="string_243" HPOS="265" VPOS="1034" WIDTH="143" HEIGHT="28" WC="0.91" CONTENT="förbrytelsen"/><SP WIDTH="17" VPOS="1034" HPOS="408"/>
							<String ID="string_244" HPOS="425" VPOS="1034" WIDTH="63" HEIGHT="21" WC="0.96" CONTENT="fällas"/><SP WIDTH="16" VPOS="1034" HPOS="488"/>
							<String ID="string_245" HPOS="504" VPOS="1035" WIDTH="32" HEIGHT="20" WC="0.96" CONTENT="till"/><SP WIDTH="17" VPOS="1035" HPOS="536"/>
							<String ID="string_246" HPOS="553" VPOS="1041" WIDTH="84" HEIGHT="19" WC="0.96" CONTENT="ansvar,"/><SP WIDTH="16" VPOS="1041" HPOS="637"/>
							<String ID="string_247" HPOS="653" VPOS="1034" WIDTH="89" HEIGHT="21" WC="0.96" CONTENT="såframt"/><SP WIDTH="15" VPOS="1034" HPOS="742"/>
							<String ID="string_248" HPOS="757" VPOS="1035" WIDTH="18" HEIGHT="26" WC="0.96" CONTENT="ej"/><SP WIDTH="17" VPOS="1035" HPOS="775"/>
							<String ID="string_249" HPOS="792" VPOS="1034" WIDTH="64" HEIGHT="28" WC="0.93" CONTENT="giltig"/><SP WIDTH="15" VPOS="1034" HPOS="856"/>
							<String ID="string_250" HPOS="871" VPOS="1041" WIDTH="37" HEIGHT="14" WC="0.93" CONTENT="an-"/>
						</TextLine>
						<TextLine ID="line_28" HPOS="156" VPOS="1067" WIDTH="752" HEIGHT="30">
							<String ID="string_251" HPOS="156" VPOS="1069" WIDTH="90" HEIGHT="28" WC="0.96" CONTENT="ledning"/><SP WIDTH="19" VPOS="1069" HPOS="246"/>
							<String ID="string_252" HPOS="265" VPOS="1068" WIDTH="144" HEIGHT="21" WC="0.96" CONTENT="förekommer"/><SP WIDTH="18" VPOS="1068" HPOS="409"/>
							<String ID="string_253" HPOS="427" VPOS="1071" WIDTH="31" HEIGHT="18" WC="0.96" CONTENT="att"/><SP WIDTH="15" VPOS="1071" HPOS="458"/>
							<String ID="string_254" HPOS="473" VPOS="1068" WIDTH="37" HEIGHT="21" WC="0.96" CONTENT="det"/><SP WIDTH="14" VPOS="1068" HPOS="510"/>
							<String ID="string_255" HPOS="524" VPOS="1069" WIDTH="58" HEIGHT="20" WC="0.96" CONTENT="skett"/><SP WIDTH="16" VPOS="1069" HPOS="582"/>
							<String ID="string_256" HPOS="598" VPOS="1072" WIDTH="50" HEIGHT="17" WC="0.96" CONTENT="utan"/><SP WIDTH="17" VPOS="1072" HPOS="648"/>
							<String ID="string_257" HPOS="665" VPOS="1068" WIDTH="52" HEIGHT="21" WC="0.93" CONTENT="hans"/><SP WIDTH="17" VPOS="1068" HPOS="717"/>
							<String ID="string_258" HPOS="734" VPOS="1067" WIDTH="129" HEIGHT="29" WC="0.91" CONTENT="begifvande"/><SP WIDTH="16" VPOS="1067" HPOS="863"/>
							<String ID="string_259" HPOS="879" VPOS="1068" WIDTH="29" HEIGHT="21" WC="0.92" CONTENT="el-"/>
						</TextLine>
						<TextLine ID="line_29" HPOS="157" VPOS="1102" WIDTH="751" HEIGHT="29">
							<String ID="string_260" HPOS="157" VPOS="1103" WIDTH="32" HEIGHT="21" WC="0.96" CONTENT="ler"/><SP WIDTH="18" VPOS="1103" HPOS="189"/>
							<String ID="string_261" HPOS="207" VPOS="1102" WIDTH="110" HEIGHT="29" WC="0.84" CONTENT="vetskap.”"/><SP WIDTH="30" VPOS="1102" HPOS="317"/>
							<String ID="string_262" HPOS="347" VPOS="1102" WIDTH="133" HEIGHT="28" WC="0.90" CONTENT="Derigenom"/><SP WIDTH="16" VPOS="1102" HPOS="480"/>
							<String ID="string_263" HPOS="496" VPOS="1103" WIDTH="69" HEIGHT="20" WC="0.95" CONTENT="skulle"/><SP WIDTH="15" VPOS="1103" HPOS="565"/>
							<String ID="string_264" HPOS="580" VPOS="1102" WIDTH="122" HEIGHT="21" WC="0.93" CONTENT="domstolen"/><SP WIDTH="17" VPOS="1102" HPOS="702"/>
							<String ID="string_265" HPOS="719" VPOS="1109" WIDTH="40" HEIGHT="21" WC="0.92" CONTENT="ega"/><SP WIDTH="16" VPOS="1109" HPOS="759"/>
							<String ID="string_266" HPOS="775" VPOS="1105" WIDTH="30" HEIGHT="18" WC="0.93" CONTENT="att"/><SP WIDTH="16" VPOS="1105" HPOS="805"/>
							<String ID="string_267" HPOS="821" VPOS="1103" WIDTH="87" HEIGHT="26" WC="0.89" CONTENT="pröfva,"/>
						</TextLine>
						<TextLine ID="line_30" HPOS="156" VPOS="1136" WIDTH="753" HEIGHT="30">
							<String ID="string_268" HPOS="156" VPOS="1137" WIDTH="108" HEIGHT="22" WC="0.93" CONTENT="huruvida"/><SP WIDTH="21" VPOS="1137" HPOS="264"/>
							<String ID="string_269" HPOS="285" VPOS="1144" WIDTH="92" HEIGHT="14" WC="0.92" CONTENT="mannen"/><SP WIDTH="23" VPOS="1144" HPOS="377"/>
							<String ID="string_270" HPOS="400" VPOS="1137" WIDTH="81" HEIGHT="21" WC="0.91" CONTENT="afvetat"/><SP WIDTH="22" VPOS="1137" HPOS="481"/>
							<String ID="string_271" HPOS="503" VPOS="1137" WIDTH="154" HEIGHT="29" WC="0.91" CONTENT="förbrytelsen,"/><SP WIDTH="23" VPOS="1137" HPOS="657"/>
							<String ID="string_272" HPOS="680" VPOS="1137" WIDTH="40" HEIGHT="20" WC="0.96" CONTENT="och"/><SP WIDTH="21" VPOS="1137" HPOS="720"/>
							<String ID="string_273" HPOS="741" VPOS="1136" WIDTH="79" HEIGHT="22" WC="0.96" CONTENT="honom"/><SP WIDTH="19" VPOS="1136" HPOS="820"/>
							<String ID="string_274" HPOS="839" VPOS="1136" WIDTH="70" HEIGHT="21" WC="0.96" CONTENT="skulle"/>
						</TextLine>
						<TextLine ID="line_31" HPOS="157" VPOS="1170" WIDTH="752" HEIGHT="30">
							<String ID="string_275" HPOS="157" VPOS="1172" WIDTH="49" HEIGHT="20" WC="0.96" CONTENT="icke"/><SP WIDTH="21" VPOS="1172" HPOS="206"/>
							<String ID="string_276" HPOS="227" VPOS="1171" WIDTH="74" HEIGHT="29" WC="0.96" CONTENT="åligga"/><SP WIDTH="22" VPOS="1171" HPOS="301"/>
							<String ID="string_277" HPOS="323" VPOS="1174" WIDTH="32" HEIGHT="18" WC="0.96" CONTENT="att"/><SP WIDTH="22" VPOS="1174" HPOS="355"/>
							<String ID="string_278" HPOS="377" VPOS="1171" WIDTH="121" HEIGHT="21" WC="0.95" CONTENT="framställa"/><SP WIDTH="21" VPOS="1171" HPOS="498"/>
							<String ID="string_279" HPOS="519" VPOS="1171" WIDTH="41" HEIGHT="21" WC="0.95" CONTENT="den"/><SP WIDTH="20" VPOS="1171" HPOS="560"/>
							<String ID="string_280" HPOS="580" VPOS="1170" WIDTH="141" HEIGHT="29" WC="0.95" CONTENT="fullständiga"/><SP WIDTH="20" VPOS="1170" HPOS="721"/>
							<String ID="string_281" HPOS="741" VPOS="1170" WIDTH="114" HEIGHT="28" WC="0.95" CONTENT="bevisning"/><SP WIDTH="18" VPOS="1170" HPOS="855"/>
							<String ID="string_282" HPOS="873" VPOS="1177" WIDTH="36" HEIGHT="14" WC="0.96" CONTENT="om"/>
						</TextLine>
						<TextLine ID="line_32" HPOS="157" VPOS="1204" WIDTH="753" HEIGHT="29">
							<String ID="string_283" HPOS="157" VPOS="1206" WIDTH="34" HEIGHT="21" WC="0.96" CONTENT="sin"/><SP WIDTH="17" VPOS="1206" HPOS="191"/>
							<String ID="string_284" HPOS="208" VPOS="1206" WIDTH="89" HEIGHT="27" WC="0.96" CONTENT="oskuld,"/><SP WIDTH="18" VPOS="1206" HPOS="297"/>
							<String ID="string_285" HPOS="315" VPOS="1212" WIDTH="47" HEIGHT="14" WC="0.96" CONTENT="som"/><SP WIDTH="15" VPOS="1212" HPOS="362"/>
							<String ID="string_286" HPOS="377" VPOS="1212" WIDTH="29" HEIGHT="14" WC="0.95" CONTENT="nu"/><SP WIDTH="16" VPOS="1212" HPOS="406"/>
							<String ID="string_287" HPOS="422" VPOS="1205" WIDTH="96" HEIGHT="27" WC="0.96" CONTENT="fordras,"/><SP WIDTH="15" VPOS="1205" HPOS="518"/>
							<String ID="string_288" HPOS="533" VPOS="1213" WIDTH="48" HEIGHT="13" WC="0.96" CONTENT="men"/><SP WIDTH="16" VPOS="1213" HPOS="581"/>
							<String ID="string_289" HPOS="597" VPOS="1206" WIDTH="68" HEIGHT="20" WC="0.96" CONTENT="oftast"/><SP WIDTH="15" VPOS="1206" HPOS="665"/>
							<String ID="string_290" HPOS="680" VPOS="1205" WIDTH="18" HEIGHT="27" WC="0.96" CONTENT="ej"/><SP WIDTH="17" VPOS="1205" HPOS="698"/>
							<String ID="string_291" HPOS="715" VPOS="1204" WIDTH="70" HEIGHT="21" WC="0.96" CONTENT="skulle"/><SP WIDTH="16" VPOS="1204" HPOS="785"/>
							<String ID="string_292" HPOS="801" VPOS="1204" WIDTH="72" HEIGHT="21" WC="0.92" CONTENT="kunna"/><SP WIDTH="15" VPOS="1204" HPOS="873"/>
							<String ID="string_293" HPOS="888" VPOS="1204" WIDTH="22" HEIGHT="20" WC="0.91" CONTENT="å-"/>
						</TextLine>
						<TextLine ID="line_33" HPOS="157" VPOS="1238" WIDTH="753" HEIGHT="29">
							<String ID="string_294" HPOS="157" VPOS="1239" WIDTH="153" HEIGHT="21" WC="0.91" CONTENT="stadkommas."/><SP WIDTH="37" VPOS="1239" HPOS="310"/>
							<String ID="string_295" HPOS="347" VPOS="1238" WIDTH="145" HEIGHT="22" WC="0.91" CONTENT="Förekomme"/><SP WIDTH="20" VPOS="1238" HPOS="492"/>
							<String ID="string_296" HPOS="512" VPOS="1239" WIDTH="45" HEIGHT="21" WC="0.96" CONTENT="åter"/><SP WIDTH="17" VPOS="1239" HPOS="557"/>
							<String ID="string_297" HPOS="574" VPOS="1238" WIDTH="64" HEIGHT="29" WC="0.96" CONTENT="giltig"/><SP WIDTH="20" VPOS="1238" HPOS="638"/>
							<String ID="string_298" HPOS="658" VPOS="1238" WIDTH="119" HEIGHT="28" WC="0.92" CONTENT="anledning"/><SP WIDTH="14" VPOS="1238" HPOS="777"/>
							<String ID="string_299" HPOS="791" VPOS="1238" WIDTH="71" HEIGHT="22" WC="0.91" CONTENT="dertill"/><SP WIDTH="17" VPOS="1238" HPOS="862"/>
							<String ID="string_300" HPOS="879" VPOS="1241" WIDTH="31" HEIGHT="18" WC="0.96" CONTENT="att"/>
						</TextLine>
						<TextLine ID="line_34" HPOS="156" VPOS="1272" WIDTH="752" HEIGHT="30">
							<String ID="string_301" HPOS="156" VPOS="1280" WIDTH="92" HEIGHT="14" WC="0.96" CONTENT="mannen"/><SP WIDTH="15" VPOS="1280" HPOS="248"/>
							<String ID="string_302" HPOS="263" VPOS="1280" WIDTH="51" HEIGHT="14" WC="0.96" CONTENT="vore"/><SP WIDTH="15" VPOS="1280" HPOS="314"/>
							<String ID="string_303" HPOS="329" VPOS="1273" WIDTH="116" HEIGHT="29" WC="0.95" CONTENT="oskyldig,"/><SP WIDTH="15" VPOS="1273" HPOS="445"/>
							<String ID="string_304" HPOS="460" VPOS="1273" WIDTH="24" HEIGHT="21" WC="0.92" CONTENT="så"/><SP WIDTH="15" VPOS="1273" HPOS="484"/>
							<String ID="string_305" HPOS="499" VPOS="1273" WIDTH="71" HEIGHT="21" WC="0.92" CONTENT="blefve"/><SP WIDTH="16" VPOS="1273" HPOS="570"/>
							<String ID="string_306" HPOS="586" VPOS="1273" WIDTH="41" HEIGHT="21" WC="0.96" CONTENT="han"/><SP WIDTH="17" VPOS="1273" HPOS="627"/>
							<String ID="string_307" HPOS="644" VPOS="1273" WIDTH="25" HEIGHT="21" WC="0.96" CONTENT="af"/><SP WIDTH="12" VPOS="1273" HPOS="669"/>
							<String ID="string_308" HPOS="681" VPOS="1272" WIDTH="122" HEIGHT="22" WC="0.96" CONTENT="domstolen"/><SP WIDTH="13" VPOS="1272" HPOS="803"/>
							<String ID="string_309" HPOS="816" VPOS="1272" WIDTH="92" HEIGHT="21" WC="0.96" CONTENT="frikänd."/>
						</TextLine>
						<TextLine ID="line_35" HPOS="156" VPOS="1306" WIDTH="754" HEIGHT="22">
							<String ID="string_310" HPOS="156" VPOS="1307" WIDTH="111" HEIGHT="21" WC="0.96" CONTENT="Ansvaret"/><SP WIDTH="18" VPOS="1307" HPOS="267"/>
							<String ID="string_311" HPOS="285" VPOS="1307" WIDTH="8" HEIGHT="21" WC="0.96" CONTENT="i"/><SP WIDTH="18" VPOS="1307" HPOS="293"/>
							<String ID="string_312" HPOS="311" VPOS="1310" WIDTH="88" HEIGHT="18" WC="0.96" CONTENT="motsatt"/><SP WIDTH="23" VPOS="1310" HPOS="399"/>
							<String ID="string_313" HPOS="422" VPOS="1307" WIDTH="38" HEIGHT="21" WC="0.96" CONTENT="fall"/><SP WIDTH="20" VPOS="1307" HPOS="460"/>
							<String ID="string_314" HPOS="480" VPOS="1307" WIDTH="54" HEIGHT="21" WC="0.96" CONTENT="både"/><SP WIDTH="19" VPOS="1307" HPOS="534"/>
							<String ID="string_315" HPOS="553" VPOS="1308" WIDTH="33" HEIGHT="20" WC="0.97" CONTENT="för"/><SP WIDTH="15" VPOS="1308" HPOS="586"/>
							<String ID="string_316" HPOS="601" VPOS="1314" WIDTH="91" HEIGHT="14" WC="0.96" CONTENT="mannen"/><SP WIDTH="16" VPOS="1314" HPOS="692"/>
							<String ID="string_317" HPOS="708" VPOS="1306" WIDTH="41" HEIGHT="21" WC="0.97" CONTENT="och"/><SP WIDTH="17" VPOS="1306" HPOS="749"/>
							<String ID="string_318" HPOS="766" VPOS="1308" WIDTH="89" HEIGHT="19" WC="0.96" CONTENT="hustrun"/><SP WIDTH="17" VPOS="1308" HPOS="855"/>
							<String ID="string_319" HPOS="872" VPOS="1306" WIDTH="38" HEIGHT="21" WC="0.95" CONTENT="bar"/>
						</TextLine>
						<TextLine ID="line_36" HPOS="156" VPOS="1340" WIDTH="754" HEIGHT="28">
							<String ID="string_320" HPOS="156" VPOS="1341" WIDTH="32" HEIGHT="21" WC="0.96" CONTENT="sin"/><SP WIDTH="21" VPOS="1341" HPOS="188"/>
							<String ID="string_321" HPOS="209" VPOS="1340" WIDTH="69" HEIGHT="28" WC="0.92" CONTENT="grund"/><SP WIDTH="16" VPOS="1340" HPOS="278"/>
							<String ID="string_322" HPOS="294" VPOS="1340" WIDTH="57" HEIGHT="27" WC="0.92" CONTENT="deri,"/><SP WIDTH="18" VPOS="1340" HPOS="351"/>
							<String ID="string_323" HPOS="369" VPOS="1344" WIDTH="32" HEIGHT="18" WC="0.96" CONTENT="att"/><SP WIDTH="15" VPOS="1344" HPOS="401"/>
							<String ID="string_324" HPOS="416" VPOS="1341" WIDTH="42" HEIGHT="21" WC="0.96" CONTENT="han"/><SP WIDTH="16" VPOS="1341" HPOS="458"/>
							<String ID="string_325" HPOS="474" VPOS="1341" WIDTH="28" HEIGHT="21" WC="0.96" CONTENT="då"/><SP WIDTH="14" VPOS="1341" HPOS="502"/>
							<String ID="string_326" HPOS="516" VPOS="1341" WIDTH="68" HEIGHT="21" WC="0.96" CONTENT="måste"/><SP WIDTH="16" VPOS="1341" HPOS="584"/>
							<String ID="string_327" HPOS="600" VPOS="1341" WIDTH="111" HEIGHT="21" WC="0.96" CONTENT="betraktas"/><SP WIDTH="15" VPOS="1341" HPOS="711"/>
							<String ID="string_328" HPOS="726" VPOS="1341" WIDTH="71" HEIGHT="21" WC="0.96" CONTENT="såsom"/><SP WIDTH="16" VPOS="1341" HPOS="797"/>
							<String ID="string_329" HPOS="813" VPOS="1340" WIDTH="97" HEIGHT="28" WC="0.96" CONTENT="delaktig"/>
						</TextLine>
						<TextLine ID="line_37" HPOS="159" VPOS="1375" WIDTH="109" HEIGHT="22">
							<String ID="string_330" HPOS="159" VPOS="1375" WIDTH="8" HEIGHT="22" WC="0.94" CONTENT="i"/><SP WIDTH="15" VPOS="1375" HPOS="167"/>
							<String ID="string_331" HPOS="182" VPOS="1375" WIDTH="86" HEIGHT="21" WC="0.95" CONTENT="brottet."/>
						</TextLine>
					</TextBlock>
				</ComposedBlock>
			</PrintSpace>
		</Page>
	</Layout>
</alto>
