1031 1700
800 122 31 21 39.

307 192 132 32 Onsdagen
462 191 47 24 den
529 192 31 24 30
580 199 64 16 mars

100 241 96 23 klockan
211 242 30 20 tio
258 242 45 21 före
318 242 116 28 middagen
446 241 172 21 sammanträdde
630 241 179 29 borgareståndet
820 242 34 22 till

101 276 97 28 plenum,
215 276 38 21 och
270 276 194 21 tillstädeskommo
480 276 77 20 dervid
572 276 96 20 ståndets
683 276 100 28 samtlige
795 277 58 21 med-

100 311 97 25 lemmar,
212 314 58 18 utom
286 310 73 21 herrar
374 310 126 27 Hackman,
512 309 120 28 Candelin,
643 309 130 27 Wendelin,
784 310 69 22 Lind-

99 345 62 26 roth,
184 344 85 27 Krank,
291 344 143 22 Hämäläinen
454 344 42 21 och
514 344 139 27 Parviainen,
672 344 75 22 hvilka
765 344 88 22 erhållit

102 379 97 21 ståndets
215 378 96 22 tillstånd
327 379 33 21 för
376 379 70 21 afresa
462 378 33 21 till
510 378 142 21 hemorterne.

169 424 36 21 En
227 424 126 29 deputation
375 424 48 21 från
443 424 151 28 ridderskapet
613 423 41 22 och
673 424 63 22 adeln
751 424 100 23 förekom

100 458 29 29 på
144 458 98 22 anmälan
257 458 42 22 och
313 458 147 29 tillkännagaf
472 465 78 21 genom
562 458 50 21 dess
624 457 137 29 ordförande,
773 459 78 21 friher-

100 500 24 14 re
143 500 42 13 von
204 492 71 28 Troil,
290 495 31 19 att
336 492 99 22 bemälda
450 492 74 21 stånds
540 492 106 22 elektorer
661 492 33 21 till
709 492 118 22 ledamöter
842 493 9 21 i

98 527 128 21 ständernes
245 526 205 30 justeringsutskott
467 526 70 21 invalt
555 526 89 21 friherre
663 526 27 21 de
705 526 21 22 la
741 524 108 30 Chapelle

99 564 57 20 samt
178 561 72 22 herrar
268 569 43 14 von
329 561 71 26 Born,
417 560 24 22 J.
455 560 39 27 A.,
517 560 107 27 Blåfield,
646 560 108 29 Pipping,
774 560 25 21 F.
815 560 34 28 J.,

99 603 44 14 von
159 595 110 29 Knorring
285 596 40 21 och
341 595 105 28 Pipping,
458 594 22 22 J.
489 594 37 28 F.,
542 597 56 19 samt
612 595 34 21 till
661 595 138 28 suppleanter
811 595 38 22 fri-

98 629 63 24 herre
176 630 24 21 af
213 629 105 22 Schultön
333 633 55 18 samt
403 629 74 21 herrar
491 629 132 27 Schauman,
638 629 22 22 J.
671 629 40 28 A.,
726 629 41 22 och
782 629 66 22 Fors-

98 671 58 16 man.

167 697 73 22 Sedan
256 698 152 27 deputationen
426 697 72 22 blifvit
513 698 24 21 af
550 697 48 22 herr
613 697 150 22 talmannen
775 697 73 23 betac-

98 732 44 21 kad
165 732 39 21 och
227 732 90 27 afträdt,
340 731 113 29 föredroge
473 732 78 29 utdrag
566 733 25 20 af
602 732 151 28 ridderskapet
767 732 42 21 och
825 740 22 14 a-

98 766 62 22 delns
178 766 110 28 protokoll
307 767 34 20 för
357 766 41 21 den
414 767 11 20 7
441 766 7 21 i
464 766 69 21 denne
548 766 88 27 mänad,
651 766 80 22 hvaraf
741 766 105 23 inhemta-

96 800 51 27 des,
165 803 31 18 att
214 800 99 22 bemälda
328 800 74 27 ständ,
417 799 37 22 vid
474 801 158 28 behandlingen
651 801 24 20 af
687 801 18 28 ej
721 800 84 22 mindre
819 808 28 14 en

96 834 111 22 derstädes
230 834 65 21 väckt
316 835 91 28 petition
430 841 35 14 om
487 835 168 28 telegrafverket
676 835 7 20 i
702 834 94 24 Finland
818 836 28 20 än

97 869 190 28 borgareständets
302 869 33 21 till
350 868 140 22 medständen
506 869 82 21 aflätna
603 868 128 29 inbjudning
746 872 31 18 att
789 869 56 22 före-

96 910 28 14 na
146 903 34 28 sig
202 911 35 13 om
259 911 26 14 en
304 903 90 28 petition
413 903 7 20 i
439 910 82 15 samma
536 904 72 26 ämne,
623 903 48 21 med
686 903 122 28 antagande
823 904 26 21 af

96 937 42 21 den
156 937 58 22 inom
233 937 148 21 förstnämnda
400 937 62 21 ständ
478 937 134 22 framställda
629 937 129 28 petitionen,
773 938 72 21 remit-

95 974 56 19 terat
169 972 88 21 ärendet
276 972 33 21 till
325 971 101 23 ständens
443 971 108 22 allmänna
567 971 172 22 besvärsutskott
754 971 41 22 och
811 972 34 21 till

95 1005 130 28 deltagande
250 1005 46 22 deri
318 1005 92 28 inbjudit
433 1005 158 28 presteständet
614 1006 41 21 och
677 1005 166 23 bondeständet.

96 1039 49 22 Och
165 1039 142 23 antecknades
327 1039 86 26 härvid,
430 1043 31 18 att
476 1040 66 21 sedan
559 1040 185 28 borgareständet,
759 1040 37 21 vid
813 1041 33 20 fö-

94 1073 132 29 redragning
244 1073 41 22 den
302 1075 25 20 17
343 1074 116 21 november
478 1074 94 21 sistlidet
590 1074 24 21 är
632 1075 25 20 af
669 1075 40 21 den
725 1075 49 20 utaf
787 1075 57 21 stän-

94 1107 36 22 det
145 1110 93 26 antagna
252 1108 129 28 petitionen,
398 1108 98 27 beslutit,
512 1112 32 17 att
559 1109 7 20 i
582 1109 37 20 fall
631 1108 139 23 medständen
783 1109 60 21 kom-

95 1149 35 14 me
152 1144 31 18 att
206 1142 83 21 biträda
311 1142 135 27 densamma,
470 1143 132 21 öfverlemna
623 1144 76 27 frägan
717 1143 34 21 till
770 1143 75 22 vidare

92 1175 165 29 handläggning
273 1176 22 21 af
309 1177 107 21 allmänna
428 1176 202 29 besvärsutskottet,
642 1178 24 20 sä
678 1177 61 28 hade,
750 1178 32 20 uti
793 1185 51 20 pro-

91 1210 162 29 tokollsutdrag
268 1210 56 22 ifrån
339 1211 161 27 presteständet
514 1211 25 21 af
550 1212 42 20 den
610 1212 9 20 1
635 1212 41 21 och
692 1212 55 21 ifrån
763 1212 81 22 bonde-

92 1244 86 22 ständet
197 1245 24 21 af
236 1244 41 22 den
294 1246 12 20 8
322 1245 114 21 december
454 1245 67 28 sagde
540 1246 30 26 är,
586 1246 156 21 underrättelse
757 1246 87 21 medde-

92 1278 42 21 lats
157 1278 74 22 derom
251 1282 31 18 att
299 1279 64 21 dessa
383 1279 62 21 stånd
461 1280 83 28 antagit
558 1280 181 29 inbjudningarne
755 1280 42 21 och
811 1287 33 14 re-

89 1313 96 24 mitterat
201 1313 76 28 frägan
292 1314 33 20 till
341 1314 93 20 nämnda
448 1314 91 21 utskott.

159 1352 11 21 I
189 1353 116 28 anledning
324 1353 65 21 häraf
404 1354 41 20 och
462 1354 87 28 jemlikt
564 1353 188 29 borgareständets
767 1354 76 22 ofvan-

89 1386 93 26 berörda
199 1387 76 27 beslut,
289 1387 129 21 förordnade
434 1388 86 21 ständet
535 1396 35 19 nu,
586 1392 32 17 att
632 1388 49 21 dess
693 1388 102 22 enskilda
808 1389 35 21 be-

88 1420 159 23 svärsutskotts
262 1422 25 21 af
299 1422 84 22 ständet
398 1422 118 28 godkända
532 1422 134 22 betänkande
681 1422 8 21 i
700 1422 72 22 ämnet
784 1422 59 22 skul-
