1031 1700
194 76 49 32 250

172 158 29 14 na
216 150 68 28 fråga.
316 150 33 22 De
365 150 203 28 hufvudsakligaste
584 150 215 28 omständigheterna
815 150 5 21 i
833 151 97 21 densam-

171 192 36 14 ma
219 185 36 20 äro
268 184 173 22 bestämmandet
454 185 23 20 af
486 184 26 22 de
522 184 186 28 jordlägenheter,
720 184 33 21 till
765 184 74 22 hvilka
852 185 79 28 skjuts-

171 218 222 30 ningsskyldigheten
414 218 55 21 skall
490 218 121 22 utsträckas
628 219 87 21 utöfver
731 218 56 27 dem,
801 226 47 14 som
864 220 66 20 redan

172 254 38 23 äro
229 252 89 22 dermed
338 252 118 27 belastade,
479 256 55 17 samt
553 252 53 21 huru
626 252 61 22 detta
707 253 56 21 skall
779 253 38 21 ske
833 257 49 17 utan
898 253 32 21 in-

172 295 69 22 grepp
256 288 8 20 i
279 287 28 22 de
323 286 125 22 nuvarande
464 286 180 23 innehafvarenes
660 288 51 26 rätt,
726 287 6 21 i
749 287 83 21 hvilket
847 288 83 20 afseen-

171 322 28 22 de
210 321 160 29 presteständet
382 321 161 21 fränträdt.den
556 321 101 21 befrielse
671 322 134 26 derutinnan,
821 321 26 21 de
859 321 71 21 eckle-

172 356 91 22 siastika
279 355 122 22 boställena
416 356 88 28 ätnjuta.
907 378 3 4 .

240 396 58 21 Herr
313 395 133 21 Juselius:
476 395 35 22 Då
526 396 37 21 det
578 396 119 26 utlåtande,
713 395 114 22 ständerne
840 396 5 20 i
858 396 71 20 ämnet

173 430 96 29 afgifvit,
281 428 76 23 endast
372 430 102 20 omfattar
489 429 27 22 de
531 430 108 21 allmänna
655 430 122 28 grunderne
793 430 32 20 för
841 430 87 26 frågans

171 464 134 30 reglerande,
328 471 63 14 anser
410 464 40 28 jag
469 464 28 21 all
516 464 117 28 anledning
653 464 135 21 förekomma
803 467 32 18 att
850 472 77 20 genom

171 498 138 29 sakkunnige
327 505 104 21 personer
452 498 32 21 till
499 499 62 20 nästa
577 498 105 28 landtdag
698 498 91 21 insamla
804 498 41 22 alla
861 499 67 21 erfor-

171 533 84 28 derliga
274 532 160 28 upplysningar
452 532 34 21 för
505 533 82 20 ämnets
605 532 164 26 bedömmande,
785 532 28 28 på
828 532 36 21 det
880 532 47 21 med

171 568 90 27 ledning
276 566 65 22 deraf
353 570 31 18 ett
399 566 139 28 fullständigt
552 566 121 29 lagförslag
689 566 121 24 sedermera
826 567 33 20 mä
875 567 53 20 kun-

171 610 28 16 na
217 601 116 25 ständerne
353 601 131 28 föreläggas.
521 600 45 28 Jag
586 601 121 28 tillstyrker
723 601 85 21 derföre
824 605 31 17 att
870 601 58 20 stån-

171 637 37 22 det
222 636 41 27 må,
279 635 48 22 med
344 635 132 28 frångående
492 635 25 21 af
529 635 38 21 sitt
582 635 59 21 förra
659 635 77 28 beslut,
753 637 78 26 antaga
846 635 82 21 ridder-

171 671 77 28 skapet
263 670 42 21 och
321 666 78 25 adelns
412 669 134 28 inbjudning.

239 710 58 21 Herr
313 704 153 33 Öhrnberg:
488 709 44 29 Jag
548 709 86 22 förenar
650 710 45 27 mig
711 709 6 21 i
733 709 48 22 herr
794 710 77 21 Juselii
885 710 43 21 för-

171 745 54 29 slag.
256 745 72 21 Anser
344 751 48 14 man
409 744 85 28 engång
510 751 25 14 en
547 743 117 29 utredning
681 744 24 21 af
717 744 89 27 ärendet
817 745 23 20 af
849 745 77 26 nöden,

171 781 25 22 så
207 780 51 21 sker
269 779 38 23 det
318 779 43 26 väl,
373 778 28 28 på
412 778 37 21 det
462 782 37 23 att,
512 778 48 21 med
572 778 89 29 ledning
674 779 25 20 af
708 778 131 26 densamina,
852 779 74 28 frågan

172 815 34 21 må
224 814 75 21 kunna
315 813 79 21 ordnas
409 813 60 22 såväl
485 813 32 20 till
533 813 79 28 sjelfva
627 813 113 28 principen
756 820 45 13 som
818 813 5 20 i
841 813 85 28 frågans

171 849 42 21 alla
228 848 99 28 detaljer,
343 847 41 21 och
401 847 36 21 det
452 847 145 23 förekommer
612 847 45 28 mig
673 847 70 20 såsom
755 854 26 13 en
794 847 44 21 viss
851 848 76 21 inkan-

169 890 94 21 seqvens
282 885 38 24 att,
333 882 67 27 jemte
415 881 36 21 det
466 889 48 15 man
530 881 79 21 uttalar
624 881 35 28 sig
675 882 33 20 för
725 881 102 22 behofvet
842 882 24 20 af
878 883 48 22 när-

169 925 59 14 mare
250 916 117 28 utredning
390 915 25 24 af
434 915 74 28 saken,
530 923 49 15 man
599 915 86 24 ändock
702 919 50 18 utan
769 915 70 21 denna
855 916 71 22 utred-

168 952 54 28 ning
237 951 78 21 inlåter
329 951 35 28 sig
379 950 7 21 i
402 953 32 18 att
450 950 90 21 besvara
556 949 40 22 och
610 949 119 22 bestämma
741 957 33 13 om
788 949 79 28 frågor,
879 957 47 16 som

169 985 53 25 höra
237 985 47 24 dels
301 984 32 24 till
348 983 137 32 principerne
500 983 46 24 dels
562 984 33 21 till
610 984 125 27 detaljerne.
771 983 45 21 För
831 983 40 23 den
887 984 38 21 ko-

169 1019 59 27 mite,
251 1026 46 14 som
317 1019 32 20 får
369 1018 33 28 sig
422 1018 122 28 uppdraget
560 1021 31 18 att
607 1017 129 24 införskaffa
751 1017 40 22 den
808 1018 66 30 nödig
890 1026 36 13 an-

169 1053 67 24 sedda
252 1053 142 27 utredningen
411 1052 40 21 och
468 1055 31 18 att
515 1052 27 27 pä
558 1052 68 29 grund
643 1052 66 22 deraf
721 1052 98 21 utarbeta
835 1056 30 17 ett
878 1053 48 20 full-

169 1088 98 28 ständigt
282 1087 83 27 förslag
381 1086 33 22 till
430 1085 100 25 ärendets
546 1086 111 21 ordnande
673 1086 6 22 i
696 1086 43 21 alla
754 1085 49 23 dess
818 1087 108 21 särskilda

168 1123 68 25 delar,
260 1121 66 22 borde
346 1120 37 22 det
402 1120 69 22 blifva
487 1120 49 22 vida
552 1121 77 21 lättare
645 1123 32 18 att
693 1121 28 27 pä
736 1123 31 18 ett
782 1121 144 22 tillfredsstäl-

168 1157 65 22 lande
249 1158 43 23 sätt
307 1156 95 27 fullgöra
418 1154 128 31 uppdraget,
562 1162 34 14 om
609 1155 97 21 komitön
719 1155 47 21 icke
778 1155 23 21 är
812 1155 114 22 inskränkt

167 1193 60 23 inom
249 1192 122 28 gränsorna
394 1190 24 20 af
435 1190 67 28 några
520 1189 58 22 vissa
596 1192 50 18 utan
665 1188 130 29 föregående
811 1190 115 28 utredning

168 1225 127 29 uppställda
311 1224 108 22 allmänna
435 1223 140 28 grundsatser
591 1223 40 21 och
647 1224 118 28 principer,
781 1223 40 20 och
831 1224 38 27 jag
880 1224 46 20 hål-

168 1261 32 25 ler
222 1258 135 24 fördenskull
381 1258 46 22 före
447 1261 31 18 att
496 1258 76 28 frågan
591 1258 19 28 ej
627 1257 42 22 kan
686 1261 66 17 annat
767 1258 26 21 än
810 1258 63 20 vinna
888 1266 37 20 ge-

169 1302 50 17 nom
238 1293 128 22 biträdande
386 1293 25 21 af
424 1292 150 28 ridderskapet
591 1292 40 20 och
648 1291 75 21 adelus
739 1291 45 25 deri
800 1291 77 28 gjorda
894 1292 31 23 in-

168 1328 113 29 bjudning.

237 1362 58 21 Herr
311 1360 171 29 Tengström:
510 1360 45 29 Jag
574 1360 97 22 anhäller
689 1363 32 19 att
741 1361 55 20 först
813 1360 19 20 få
848 1360 76 27 erinra,

167 1396 109 26 huruvida
299 1396 44 22 det.
357 1403 53 15 vore
429 1395 106 30 lämpligt,
556 1398 30 18 att
605 1394 67 23 sedan
688 1398 31 19 tre
736 1394 38 22 stård
813 1394 7 23 i
837 1395 88 23 ärendet
