1031 1700
198 99 42 21 362

169 162 108 21 måhända
295 162 70 22 blefve
385 162 32 21 till
436 162 42 21 och
496 162 48 21 med
560 165 32 18 ett
607 165 48 25 nytt
671 162 112 20 utländskt
798 162 34 21 län
849 162 74 21 behöf-

169 196 42 27 ligt
229 196 34 20 för
281 200 32 17 att
327 196 68 21 rädda
410 196 27 22 de
452 196 132 21 nödlidande
600 196 46 21 från
663 196 174 28 bungersnöden,
852 197 70 21 såsom

170 229 37 21 vid
223 233 84 18 senaste
322 231 105 21 missvext
442 238 38 13 var
496 230 66 21 fallet.
598 230 41 20 Att
655 234 96 25 upptaga
767 234 30 17 ett
813 231 111 21 utländskt

169 264 37 21 lån
222 264 68 22 under
305 264 123 22 nuvarande
444 264 104 28 politiska
563 264 149 22 förhållanden
728 265 70 21 skulle
813 264 110 22 dessutom

169 306 54 14 vara
244 302 78 28 ytterst
344 299 67 27 svårt,
434 306 34 14 om
488 299 47 21 icke
554 298 46 22 helt
618 298 41 22 och
679 299 67 21 hållet
761 299 105 28 omöjligt,
882 299 41 21 och

169 332 75 24 kunde
259 333 129 23 åtminstone
404 334 48 20 icke
468 333 92 22 erhållas
576 333 28 27 på
620 332 67 22 andra
702 334 27 20 än
745 333 27 21 de
784 334 140 20 ofördelakti-

169 370 63 26 gaste
247 368 77 20 vilkor.
355 367 40 21 Ett
410 367 77 21 sådant
501 368 42 26 lån,
559 370 106 26 upptaget
681 368 34 20 för
723 368 201 27 jernvägsarbeten,

169 401 74 24 kunde
258 401 110 22 dessutom
385 401 48 22 icke
448 402 97 21 medföra
560 402 72 27 någon
648 402 95 20 särdeles
760 402 130 28 förbättring
902 402 24 20 af

169 436 241 28 penningeställningen
426 436 7 21 i
450 436 78 27 landet,
548 436 89 20 emedan
653 434 120 23 detsamma
789 436 32 20 till
837 444 25 12 en
879 440 45 16 stor

170 470 35 23 del
221 470 86 22 komme
322 474 31 17 att
369 470 109 28 indragas,
494 470 47 21 icke
552 470 7 20 i
572 469 109 22 metallisk
693 470 80 26 valuta,
786 472 50 18 utan
849 470 6 20 i
869 471 53 20 form

171 504 25 22 af
207 504 52 21 rails
275 504 41 21 och
331 504 67 22 andra
410 504 241 29 jernvägsmaterialier,
667 504 74 24 hvilka
756 504 35 24 väl
803 504 62 22 äfyen
878 504 46 24 haf-

169 546 30 13 va
220 538 39 21 sitt
279 538 73 27 värde,
377 546 48 14 men
444 538 76 21 endast
536 538 70 21 blefve
622 542 31 17 ett
669 538 54 24 dödt
738 538 88 28 kapital,
842 546 46 13 som
903 539 19 26 ej

170 573 100 21 lemnade
284 573 71 28 nägon
370 580 87 21 reveny.
487 572 31 22 Pä
532 572 66 21 dessa
612 572 95 29 grunder
722 573 67 20 mäste
799 574 37 27 jag
849 573 26 26 pä
887 573 37 20 det

171 607 146 22 bestämdaste
333 608 100 27 motsäga
449 607 155 28 upptasandet,
620 607 131 23 åtminstone
765 608 32 24 för
809 608 115 21 närvaran-

173 641 34 26 de,
223 641 25 21 af
259 644 32 18 ett
306 641 112 21 utländskt
433 641 36 22 län
482 642 32 20 för
526 641 166 28 ifrägavarande
703 641 95 21 arbeten.
821 640 104 25 Deremot

171 675 76 26 borde,
262 675 68 28 enligt
345 676 43 20 min
403 675 65 28 äsigt,
484 683 34 13 om
533 676 68 27 något
612 675 122 21 öfverskott
746 676 24 20 af
779 675 145 28 beyillningen

169 709 100 28 uppstär,
280 709 64 22 deraf
357 709 71 22 bildas
443 717 27 14 en
486 709 58 27 fond,
559 717 53 20 som,
629 709 92 21 förökad
737 717 76 20 genom
829 709 95 22 medlens

171 743 147 27 förräntande,
333 744 7 20 i
356 751 27 13 en
399 743 88 22 framtid
502 743 71 26 kunde
586 743 111 23 användas
708 743 33 21 till
751 743 174 29 jernväysbygg-

170 777 74 22 nader.
274 777 36 22 Då
324 777 71 22 denna
410 778 53 21 fond
479 778 24 21 sä
517 778 85 25 tillvida
618 778 69 27 vuxit,
703 781 31 18 att
749 785 48 17 man
811 778 46 21 deri
869 777 55 28 egde

171 819 28 14 en
214 812 93 29 tillgäng
322 813 34 20 för
371 812 64 21 dessa
450 812 94 27 arbeten,
560 813 28 20 dä
604 813 55 24 först
675 819 64 23 synes
755 812 44 29 mig
814 811 58 25 tiden
888 819 37 14 va-

170 853 25 14 ra
209 846 50 21 inne
275 850 31 17 att
321 846 65 21 tänka
403 846 27 27 pä
445 846 63 21 deras
524 846 151 26 fortsättande.

239 885 58 22 Ilerr
313 885 165 26 Dahlström:
513 885 45 30 Jag
580 886 62 23 utber
661 886 45 28 mig
725 886 22 21 få
766 886 86 24 bemöta
868 885 56 23 hvad

171 920 50 21 herr
236 919 123 26 Wesander
374 928 52 21 nyss
442 921 78 25 anfört.
550 920 59 25 Herr
624 919 124 24 Wesander
764 920 37 24 har
817 920 64 24 bland
897 920 27 21 de

170 954 117 21 utländska
308 955 42 26 län,
373 955 97 28 hvilkas
484 955 131 28 amortering
634 954 63 29 utgär
716 954 47 21 frän
783 955 141 26 statskassan,

169 989 124 28 uppräknat
311 989 63 25 äfven
395 989 262 28 hypotheksföreningens
673 988 110 25 tilltänkta
798 989 41 23 lån,
871 988 53 21 Det-

171 1026 22 18 ta
214 1023 36 21 lån
272 1020 63 24 torde
353 1023 58 24 dock
431 1023 49 22 icke
496 1024 51 21 böra
562 1023 104 25 hänföras
683 1023 32 25 till
731 1026 81 18 statens
828 1023 96 26 skulder,

170 1061 52 17 utan
237 1057 24 21 är
276 1057 37 22 det
327 1065 26 16 en
369 1057 86 26 enskild
471 1057 63 26 skuld
550 1057 68 24 under
634 1060 83 21 statens
732 1057 91 28 garanti,
837 1057 87 23 hyilken

171 1091 49 21 icke
242 1091 43 22 kan
305 1099 61 17 anses
385 1099 53 15 vara
456 1091 89 22 förenad
561 1091 48 24 med
625 1091 71 28 någon
712 1091 45 21 risk
773 1091 33 24 för
821 1091 104 21 statskas-

172 1133 45 14 san.
251 1125 57 23 Herr
325 1125 121 25 Wesander
466 1126 38 21 har
522 1125 74 26 vidare
612 1125 117 26 framställt
743 1125 26 21 de
785 1125 140 29 svårigheter,

173 1167 47 14 som
239 1160 70 24 skulle
331 1160 88 26 inträffa
438 1160 6 21 i
465 1160 100 23 afseende
585 1160 12 24 å
617 1159 110 29 betalning
742 1160 24 20 af
779 1160 147 24 annuiteterna

170 1194 29 28 på
217 1195 62 24 såväl
296 1194 37 26 det
351 1194 42 27 län,
408 1202 47 14 som
473 1190 75 37 komme
563 1197 40 18 att
618 1197 108 25 upptagas
742 1194 33 20 för
788 1194 137 27 jernvägsar-

171 1229 84 27 betena,
275 1236 45 14 som
340 1229 12 21 å
367 1229 27 21 de
410 1229 70 28 öfriga
496 1229 68 26 lånen,
581 1229 33 23 för
630 1228 42 21 den
688 1227 103 21 händelse
806 1231 31 17 att
852 1227 74 21 landet

171 1262 72 22 blefve
262 1263 100 21 hemsökt
381 1263 25 25 af
419 1263 49 29 krig
484 1263 51 25 eller
551 1263 112 22 .missvext.
700 1262 53 20 Men
769 1270 34 12 om
818 1270 48 15 man
883 1262 43 24 för-

170 1298 92 20 utsätter
281 1296 42 22 alla
341 1297 98 29 olyckor,
456 1305 46 15 som
518 1298 6 20 i
540 1305 26 13 en
582 1296 88 22 framtid
687 1296 102 28 möjligen
805 1296 73 20 kunna
893 1296 33 20 in-

170 1330 69 27 träffa,
260 1330 41 22 och
321 1330 126 29 derigenom
463 1332 54 20 låter
532 1331 117 21 afskräcka
665 1330 34 28 sig
716 1331 46 23 från
778 1330 41 24 alla
835 1331 91 27 företag,

168 1372 47 14 som
231 1365 46 21 afse
293 1368 30 18 att
339 1366 48 20 föra
402 1366 74 22 landet
492 1366 86 26 framåt,
594 1366 24 21 så
634 1365 85 21 komme
734 1364 73 21 landet
823 1364 38 21 allt
873 1364 52 21 fort-

169 1399 88 22 farande
281 1402 31 18 att
333 1400 36 21 stå
391 1400 29 28 på
442 1408 81 14 samma
541 1400 51 29 låga
610 1398 136 29 ståndpunkt
765 1398 24 21 af
802 1398 124 29 utveckling
