1031 1700
801 147 42 22 283

114 211 63 24 torde
197 211 79 28 jemväl
299 218 25 14 en
348 210 70 22 större
437 217 83 14 summa
540 210 26 20 än
586 209 41 24 den
644 209 125 31 påräknade
785 211 87 21 komma

115 248 32 18 att
161 245 77 28 inflyta
253 246 7 20 i
276 244 168 22 bränvinsskatt.
476 244 140 28 Regeringen
631 244 72 22 kunde
719 244 84 22 således
816 246 57 20 utöf-

115 287 38 13 ver
168 279 36 21 det
218 279 141 28 kalkylerade
375 278 177 28 skattebeloppet
567 278 82 21 erhålla
664 280 56 19 ännu
733 286 25 13 en
771 279 52 21 eller
835 288 38 12 an-

115 321 43 14 nan
177 313 74 28 miljon
271 313 34 21 till
319 313 38 21 sitt
373 312 137 28 förfogande,
528 312 40 21 och
584 312 64 21 dessa
664 313 69 21 medel
750 313 73 21 kunde
838 313 34 27 då,

116 354 35 15 om
174 348 23 20 så
220 348 91 27 ansäges
333 346 83 29 nödigt,
437 346 110 21 användas
566 347 35 20 för
619 347 126 28 ytterligare
765 347 108 28 fängelse-

116 382 135 28 byggnader.
284 380 32 22 Pä
331 381 63 21 dessa
410 381 48 21 skäl
472 381 70 21 finner
555 382 39 26 jag
609 381 45 27 mig
670 381 52 21 böra
738 381 90 22 förorda
843 383 30 19 ett

116 416 77 28 anslag
211 416 34 20 för
262 415 166 29 ifrägavarande
448 415 100 21 ändamäl
564 415 25 21 af
601 415 188 23 sexhundratusen
804 415 68 22 mark.

185 454 58 22 Herr
258 454 155 26 Frenckell:
432 450 16 35 I
470 454 44 27 det,
524 449 68 26 'hvari
608 454 48 21 herr
672 454 131 30 Tengström
819 463 54 21 nyss

117 492 69 26 yttrat
204 497 35 13 om
258 489 169 28 olämpligheten
444 488 24 21 af
480 488 203 22 bränvinsskattens
699 489 125 31 fördelning
839 490 34 20 till

118 524 69 21 större
203 524 52 21 eller
270 523 82 21 mindre
367 523 34 21 del
418 522 92 22 emellan
526 523 156 22 kommunerne
698 524 53 20 eller
766 524 107 27 enskilda,

118 558 87 21 förenar
217 559 38 28 jag
270 558 45 28 mig
330 557 32 22 till
378 557 42 21 alla
436 557 66 22 delar.
541 556 68 23 Detta
624 558 69 21 skulle
709 558 114 28 nemligen,
839 558 34 21 sä-

118 593 47 20 vidt
185 593 38 28 jag
242 593 42 20 kan
303 593 53 26 inse,
372 592 48 21 icke
435 591 99 22 medföra
549 592 71 27 nägon
637 595 68 25 nyttä,
721 592 152 21 motsvarande

118 627 49 27 den,
183 635 47 13 som
246 627 42 21 kan
304 627 107 27 päräknas
427 626 25 21 af
464 633 26 14 en
506 625 126 29 förhöjning
648 627 24 20 af
684 627 27 20 de
727 627 84 27 anslag,
826 634 47 13 som

118 662 39 21 äro
176 661 123 28 föreslagna
318 661 33 20 för
366 660 89 21 allmänt
470 660 86 28 nyttiga
572 661 92 27 företag,
679 660 71 21 säsom
767 661 108 27 fängelse-

118 695 116 22 väsendets
257 695 155 26 förbättrande,
431 695 35 20 för
484 694 84 21 hvilket
586 695 99 20 ändamål
700 695 65 20 minst
780 695 93 21 sexhun-

119 730 102 21 dratusen
236 729 61 21 mark
312 736 63 21 synes
392 729 44 28 mig
452 729 53 21 böra
520 729 79 26 ansläs,
614 729 86 21 inlösen
716 730 23 20 af
749 729 125 22 donations-

119 764 83 28 godsen
218 764 41 21 och
274 763 250 22 kommunikationernes
540 763 170 22 fullkomnande.
743 763 54 22 Men
813 767 60 18 utom

119 798 125 28 förhöjning
260 798 23 20 af
296 797 63 21 dessa
375 797 75 28 anslag
466 798 88 21 utöfver
565 797 57 21 hvad
635 799 107 20 utskottet
753 798 120 28 föreslagit,

120 840 63 13 anser
203 833 38 28 jag
260 832 45 27 mig
324 832 63 21 äfven
409 832 53 21 böra
477 831 89 22 förorda
582 835 30 18 ett
627 832 76 27 anslag
718 832 34 21 till
769 832 48 21 bro-
832 832 41 21 och

120 867 145 28 skallfogdars
285 865 122 27 aflönande,
426 866 28 27 pä
474 867 43 19 sätt
536 866 158 27 presteständet
706 867 80 27 jemväl
803 866 72 21 beslu-

119 901 34 26 tit,
168 905 55 16 samt
239 901 62 20 äfven
317 901 76 27 anslag
408 900 34 21 för
458 899 120 22 därvärden
595 900 41 21 och
651 901 120 28 ersättning
787 901 34 20 för
831 900 42 22 den

120 935 33 21 till
175 935 86 28 lagmän
282 934 39 21 och
342 934 197 28 häradshöfdingar
554 934 107 29 utgäende
677 935 196 28 tingsgästningen,

120 969 89 21 hvilken
233 968 66 21 borde
321 968 106 28 upphöra.
464 968 136 29 Härigenom
620 969 71 20 blefve
711 969 48 20 hela
778 969 95 21 kronans

121 1003 63 22 andel
200 1004 5 20 i
221 1003 40 20 den
279 1002 123 28 päräknade
418 1003 188 20 bränvinsskatten
624 1003 91 25 använd,
731 1006 50 17 utan
794 1006 32 17 att
837 1003 37 21 nä-

120 1045 43 20 gon
179 1037 112 27 utdelning
307 1036 62 21 deraf
378 1036 34 21 till
424 1036 155 21 kommunerne
591 1037 86 20 komme
689 1037 6 20 i
707 1037 68 28 fräga.
798 1037 76 22 Skulle

119 1071 69 22 likväl
210 1071 67 28 något
299 1070 123 21 öfverskott
444 1071 86 27 uppstå,
550 1071 24 20 sä
594 1071 71 20 kunde
680 1071 63 21 deraf
755 1071 119 29 lämpligen

123 1105 69 22 bildas
215 1113 25 13 en
259 1104 135 26 reservfond,
414 1112 35 13 om
468 1105 65 25 hvars
549 1105 142 21 användande
707 1105 116 22 ständerne
838 1106 36 21 vid

121 1141 64 21 nästa
199 1139 103 28 landtdag
319 1139 71 21 kunde
407 1139 90 21 besluta.

189 1178 58 22 Herr
261 1178 133 22 Juselius:
431 1178 36 21 Då
488 1179 66 27 ingen
577 1180 24 20 af
621 1178 27 22 de
666 1179 51 21 flere
736 1179 73 27 talare,
827 1187 48 14 som

120 1213 67 22 redan
206 1214 7 20 i
232 1213 75 27 frågan
329 1212 111 28 uppträdt,
459 1212 47 22 haft
524 1214 67 26 något
612 1216 31 18 att
659 1213 102 21 anmärka
775 1216 58 18 emot
847 1214 28 21 de

121 1248 68 21 under
208 1248 40 20 litt.
265 1248 27 19 A.
308 1247 6 21 i
334 1247 116 21 utskottets
470 1247 136 21 betänkande
622 1251 111 25 upptagna
749 1247 76 28 anslag
841 1248 34 21 till

120 1282 95 22 kronans
230 1282 122 20 ersättande
368 1282 34 20 för
417 1281 50 22 dess
483 1282 103 20 förluster
602 1282 40 20 och
659 1282 69 20 ökade
740 1281 90 27 utgifter
841 1282 34 21 till

120 1355 81 23 antaga
216 1353 31 17 att
262 1349 63 21 dessa
342 1353 72 24 poster
430 1351 25 19 af
468 1350 86 21 ståndet
565 1350 136 28 godkännas.
730 1349 66 21 Hvad
808 1350 67 22 sedan

122 1384 101 25 beträffar
245 1383 26 21 de
294 1384 69 27 öfriga
383 1384 125 28 föreslagna
526 1384 111 28 anslagen,
657 1384 24 20 så
699 1383 60 21 delar
771 1384 39 28 jag
826 1384 50 21 full-

121 1418 93 28 komligt
236 1417 49 21 herr
305 1417 140 29 Tengströms
464 1418 64 28 äsigt,
548 1422 31 16 att
595 1418 26 20 de
639 1418 34 20 för
687 1418 90 20 allmänt
791 1418 86 28 nyttiga

122 1454 84 26 företag
222 1451 90 21 afsedda
328 1452 103 28 anslagen
448 1452 53 22 böra
517 1452 52 28 utgå
584 1452 49 21 näst
649 1453 54 21 efter
718 1451 26 22 de
757 1452 6 20 i
775 1459 63 14 mom.
847 1453 30 21 A.
