1031 1700
812 140 41 20 309

128 201 82 29 pädiga
232 202 163 28 propositionen
415 201 111 28 angående
545 200 136 22 afskaffande
699 202 25 20 af
737 202 58 22 vissa
810 202 71 22 straft-

128 239 66 23 arter,
216 235 62 22 torde
300 236 86 21 komma
404 239 32 18 att
455 235 129 27 upphäfvas,
603 235 168 29 religionsfrihet
785 237 7 22 i
808 237 73 21 landet

129 270 66 22 mätte
210 277 41 22 ega
265 277 47 14 rum
325 270 67 28 jemte
407 269 101 22 tillätelse
524 269 34 21 till
574 270 120 28 öfvergäng
709 270 46 22 frän
770 271 111 23 lutherska

128 304 87 28 kyrkan
234 304 32 22 till
285 304 88 21 hvilken
393 311 70 15 annan
482 303 126 22 konfession
626 311 46 14 som
687 304 56 21 helst
758 305 41 21 och
815 306 66 20 tvärt-

128 346 36 15 om
184 342 56 20 samt
258 346 35 14 om
312 338 57 22 hvad
384 338 37 21 vid
436 338 68 21 sädan
520 338 121 28 öfvergäng
657 338 32 22 till
705 339 175 21 förekommande

128 373 27 22 af
168 373 179 29 proselytmakeri
363 372 40 22 bör
418 372 114 28 iakttagas,
548 373 112 21 äfvensom
675 373 110 28 angående
800 374 27 21 de
837 374 44 20 rät-

129 407 94 27 tigheter
238 414 47 14 som
301 407 120 22 tillkomma
436 406 41 22 och
493 407 27 21 de
535 406 150 29 skyldigheter
700 414 45 15 som
758 408 73 28 äligga
843 416 38 12 an-

129 442 40 22 dra
183 442 28 22 än
226 441 111 22 lutherska
352 440 264 22 konfessionsförvandter
631 441 7 21 i
654 441 83 26 landet;
761 442 40 21 och
814 443 66 29 jemte

128 476 39 21 det
185 475 201 29 protokollsutdrag
404 482 35 14 om
456 475 63 21 dessa
534 475 169 28 presteständets
719 476 71 22 beslut
804 484 27 14 nu
848 476 33 22 till

130 509 180 29 borgareständet
325 509 179 27 öfverlemnades,
520 509 86 29 inbjöds
622 509 85 22 ständet
721 518 78 20 genom
815 510 65 28 depu-

128 544 97 24 tationen
244 546 32 19 att
293 544 8 21 i
319 551 83 14 samma
420 543 71 21 beslut
508 543 35 29 sig
558 544 82 20 förena.
676 543 81 22 Vidare
773 544 107 22 meddela-

128 578 47 28 des,
194 581 31 20 att
240 577 159 29 presteständet
413 578 7 21 i
435 577 43 22 allo
494 577 98 29 godkänt
606 577 155 29 lagutskottets
777 579 104 29 uppgjor-

129 612 29 22 da
181 612 82 29 förslag
282 613 33 22 till
335 611 208 30 sammanjemkning
558 613 25 21 af
595 611 102 23 ständens
713 612 59 21 olika
788 613 70 20 beslut
873 613 8 21 i

128 647 78 28 frågan
225 654 35 15 om
279 646 131 29 antagandet
425 646 25 21 af
462 653 26 16 en
502 646 129 29 förordning
646 647 111 28 angående
772 647 57 22 falsk
844 654 37 14 an-

129 681 93 29 gifvelse
237 681 42 22 och
294 689 71 14 annan
376 680 171 29 ärekränkning;
562 680 112 23 hvaremot
685 681 92 27 ståndet,
788 681 7 22 i
807 681 73 21 anled-

129 716 54 27 ning
198 716 25 21 af
235 715 153 29 lagutskottets
404 714 136 22 framställda
554 715 304 29 sammanjemkningsförslag
873 716 8 21 i

129 750 77 28 frågan
226 757 35 15 om
280 749 122 29 antagande
418 749 24 21 af
454 756 26 14 en
496 749 130 28 författning
641 749 109 28 angående
765 750 92 28 ändring
873 751 6 20 i

129 791 29 16 nu
175 784 100 27 gällande
290 783 135 30 stadganden
441 791 35 14 om
491 783 129 29 kyrkoplikt
635 783 41 22 och
691 784 152 29 upphäfvande
858 785 25 22 af

129 818 42 22 den
195 819 34 20 för
251 818 58 21 vissa
328 818 57 21 brott
405 817 109 28 påbjudna
532 818 66 29 afgift
616 818 32 21 till
667 818 76 31 kyrka,
759 818 35 22 väl
809 819 7 20 i
831 819 50 21 sist-

129 852 94 25 nämnda
245 852 35 23 del
303 852 53 22 eller
375 851 132 23 beträffande
526 852 92 28 afgiften
637 852 40 23 till.
685 853 84 29 kyrkan
785 853 96 28 frångått

129 887 34 23 sin
179 886 126 29 skiljaktiga
320 886 88 29 mening
422 886 42 21 och
479 887 84 28 antagit
577 887 13 30 $
607 887 13 20 3
631 887 7 22 i
650 887 109 28 förslaget,
772 895 47 13 men
831 887 48 22 icke

130 924 71 18 ansett
215 921 34 28 sig
264 921 7 21 i
286 921 13 29 &
314 921 20 26 2,
349 927 47 15 som
412 920 90 22 handlar
518 928 34 14 om
567 921 166 29 kyrkopliktens
745 921 135 28 upphäfvan-

128 955 35 27 de,
182 955 73 24 kunna
273 955 77 28 frängä
368 955 37 21 sitt
420 955 58 22 förra
495 955 71 21 beslut
580 963 36 13 om
632 955 159 23 bibehällandet
807 957 24 20 af
843 955 37 22 det

128 989 101 24 enskilda
243 989 161 27 skriftermälet,
419 992 51 19 utan
482 989 134 22 fortfarande
628 990 99 22 vidhällit
739 990 93 21 nämnda
845 990 35 21 be-

129 1025 51 26 slut,
203 1024 18 28 ej
241 1023 28 30 pä
287 1023 42 23 den
348 1023 70 28 grund
437 1026 32 19 att
487 1023 76 28 frågan
578 1024 75 21 härom
669 1032 50 13 vore
735 1025 24 20 af
771 1024 108 28 privilegii

129 1061 70 23 natur,
218 1061 51 18 utan
287 1057 86 23 derföre
388 1060 32 19 att
434 1057 86 23 ständet
534 1061 71 18 ansett
620 1058 36 21 det
671 1058 98 22 enskilda
783 1058 97 22 skrifter-

128 1092 66 24 mälet
209 1091 136 29 nödvändigt
360 1092 34 22 för
408 1091 159 30 kyrkotuktens
578 1092 196 29 upprätthällande.
803 1092 32 22 Pä
846 1093 33 20 sä-

129 1127 43 22 dan
188 1125 70 29 grund
273 1125 56 22 hade
343 1125 86 23 ständet
443 1126 64 22 äfven
523 1129 70 19 ansett
604 1127 34 28 sig
650 1127 26 21 än
689 1127 125 28 ytterligare
827 1127 51 21 böra

128 1161 89 28 inbjuda
233 1160 152 29 ridderskapet
400 1160 41 23 och
458 1160 61 23 adeln
535 1164 56 18 samt
606 1161 183 28 borgareständet,
805 1161 74 22 hvilka

128 1196 100 20 omfattat
249 1202 26 14 en
294 1202 71 15 annan
383 1194 64 29 åsigt,
466 1198 31 18 att
512 1194 48 23 med
576 1195 130 28 frångående
722 1196 24 21 af
759 1196 47 21 sina
820 1196 59 20 förra

129 1229 71 23 beslut
218 1229 75 22 förena
311 1228 34 29 sig
360 1228 7 22 i
382 1228 42 24 den
440 1229 24 21 af
476 1232 81 25 preste-
572 1229 41 23 och
629 1228 161 24 bondeständen
805 1232 74 26 antags

128 1272 29 14 na
171 1262 141 25 redaktionen
328 1263 24 21 af
365 1262 93 24 nämnda
472 1264 109 28 paragraf.

198 1308 63 23 Efter
279 1308 37 21 det
334 1308 162 30 deputationen,
514 1316 48 15 som
577 1309 25 22 af
614 1308 50 22 herr
679 1309 148 22 talmannen
843 1308 36 22 be-

129 1342 110 26 tackades,
253 1342 46 23 äter
315 1342 87 28 afträdt,
417 1342 103 29 föredrog
534 1342 50 24 herr
595 1343 150 22 talmannen
757 1350 28 14 nu
798 1347 81 26 preste-

128 1377 97 25 gtändets
241 1376 149 23 förstnämnda
405 1376 129 29 inbjudning
546 1381 38 23 att,
596 1377 48 21 med
657 1377 130 29 frängäende
798 1378 25 22 af
832 1378 47 22 bor-

128 1410 149 31 gareständets
293 1411 58 21 förut
366 1411 82 21 fattade
462 1411 71 21 beslut
548 1411 7 21 i
570 1411 117 29 anledning
703 1412 24 20 af
739 1412 80 28 nädiga
830 1419 49 22 pro-

128 1446 123 32 positionen
266 1444 111 32 angående
392 1445 143 32 kyrkolagen,
550 1445 40 23 hos
606 1444 62 24 Hans
684 1445 104 31 Majestät
801 1445 77 33 Kejsa»
