1031 1700
191 78 42 21 486

163 140 48 22 den,
242 139 53 21 Men
311 140 66 21 sedan
394 140 92 21 flertalet
497 140 25 20 af
531 140 96 21 ståndets
640 140 138 22 medlemmar
789 148 65 21 synas
865 148 51 14 vara

164 173 65 28 böjde
241 177 31 17 att
283 177 77 25 genast
372 178 51 24 taga
436 174 40 20 den
489 174 164 28 ifrågavarande
666 175 155 29 inbjudningen
831 176 6 20 i
845 176 70 21 öfver,

163 207 107 29 vägande,
287 208 36 21 vill
337 209 39 27 jag
392 209 17 27 ej
427 208 66 22 heller
509 208 46 22 med
572 208 44 20 min
632 209 45 20 röst
689 210 57 20 sätta
758 210 44 28 mig
813 210 101 21 deremot.

233 247 57 25 Herr
305 248 99 22 Mölsä:
438 247 30 22 Sä
487 248 120 22 äönskvärdt
622 248 37 21 det
674 250 27 19 än
718 256 51 14 vore
784 252 31 18 att
829 249 87 29 enighet

163 282 92 22 emellan
274 282 91 22 stånden
384 282 70 22 skulle
473 282 72 22 kunna
564 283 6 19 i
586 282 69 22 denna
672 283 83 29 vigtiga
771 284 60 28 fråga
845 283 71 21 åstad-

163 317 106 27 kommas,
285 317 24 21 så
324 317 85 21 befarar
422 318 38 27 jag
475 316 57 21 dock
547 320 30 17 att
590 316 24 22 så
624 317 19 27 ej
657 317 96 21 kommer
765 321 30 17 att
807 318 48 26 ske,
866 317 48 22 med

163 350 118 28 anledning
301 351 23 21 af
340 351 75 27 lagens
434 350 123 28 otydlighet
576 350 31 21 uti
627 350 128 22 hithörande
775 351 139 29 stadganden,

163 383 77 23 Redan
259 384 27 21 då
303 385 74 27 frågan
398 391 34 14 om
452 384 269 28 bränvinstillverkningen
737 385 41 21 och
794 385 122 28 försäljnin-

163 426 43 20 gen
222 418 205 28 utgjorde.föremäl
444 419 33 20 för
493 418 188 28 borgareständets
694 418 169 30 förhandlingar,
879 419 35 21 ha-

164 452 27 21 de
207 452 39 28 jag
264 453 51 20 äran
334 456 58 24 yttra
411 455 41 23 att,
477 452 55 21 hvad
552 452 78 28 angick
651 452 263 28 husbelofsbränningens

163 486 136 22 afskaffande
319 486 41 22 och
378 486 123 22 införandet
520 488 23 20 af
562 490 30 17 ett
612 490 65 18 annat
696 487 193 28 tillverkningssätt
907 487 7 21 i

163 521 84 26 stället,
262 520 130 22 detta"efter
408 521 41 20 min
466 520 63 21 tanke
545 528 51 13 vore
612 528 25 14 en
653 521 110 28 lagfräga,
783 528 44 14 som
843 520 71 23 kunde

164 555 48 22 med
228 558 31 18 tre
275 555 74 21 ständs
366 555 110 28 pluralitet
491 555 147 28 genomföras,
658 562 47 14 men
723 559 31 17 att
766 556 38 28 jag
819 555 96 22 deremot

165 589 67 28 ansåg
251 593 40 23 att,
312 589 133 21 beträffande
462 589 40 24 den
519 597 42 20 nya
576 589 117 28 näringens
709 589 150 26 beskattande,
877 589 37 21 nä-

164 631 43 20 gon
221 623 96 22 bestämd
330 623 35 28 lag
377 623 48 21 icke
437 623 130 24 förefunnes,
577 623 28 28 pä
616 623 69 28 grund
699 623 78 22 hvaraf
785 631 47 14 man
845 624 69 21 skulle

164 657 74 21 kunna
252 657 49 21 leda
317 657 33 28 sig
366 657 90 27 derhän,
473 661 31 17 att
519 661 31 17 tre
566 657 62 21 ständ
645 658 64 21 äfven
725 658 6 20 i
747 657 42 21 den
803 658 62 21 delen
877 665 37 18 vo-

164 698 23 14 re
206 691 173 29 beslutmässiga.
412 691 86 22 Samma
516 692 57 27 äsigt
592 692 67 22 mäste
672 692 39 28 jag
726 693 56 20 ännu
798 692 116 27 vidblifva,

165 729 23 24 ty
204 725 139 28 beskattning
358 726 13 21 å
386 725 270 28 bränvinstillverkningen
672 727 23 20 är
711 727 18 27 ej
743 730 64 17 annat
817 727 26 20 än
856 726 58 21 skatt

165 760 28 27 pä
211 759 166 22 konsumtionen
398 761 24 20 af
438 767 24 14 en
482 760 98 21 inhemsk
601 759 106 28 produkt,
726 760 39 22 ooh
785 760 70 22 sävidt
870 760 44 28 mig

165 794 24 20 är
206 793 86 27 bekant,
308 793 38 25 har
361 793 60 22 detta
437 794 59 23 alltid
513 797 79 18 ansetts
609 794 64 21 hafva
690 794 136 28 egenskapen
843 795 23 20 af
879 795 36 20 ber

164 828 99 27 villning.
297 827 43 22 Om
362 828 117 28 bevillning
498 828 77 28 stadga
593 828 45 21 åter
658 828 51 21 våra
727 829 130 27 grundlagar
873 832 42 23 att,

164 862 68 21 under
249 862 86 21 hvilken
352 863 54 20 form
423 863 41 20 den
476 863 26 20 än
516 863 33 20 mä
561 863 61 27 utgä,
638 862 123 21 densamma
773 863 18 28 ej
804 863 40 21 kan
857 863 58 28 äläg-

164 904 39 20 gas
219 897 84 20 landets
319 897 120 28 inbyggare
455 897 141 25 annorlunda,
616 897 25 20 än
659 900 31 17 att
705 897 42 21 alla
763 897 47 27 fyra
825 896 89 23 stånden

164 930 74 21 derom
255 931 36 20 äro
307 931 167 28 samstämmiga.
503 929 51 24 Men
572 930 38 21 här
625 930 42 21 kan
684 930 40 21 lätt
739 930 85 21 inträffa
839 934 31 17 att
885 934 30 18 ett

164 965 24 20 af
205 964 90 21 stånden
315 965 94 20 besluter
427 968 31 17 att
476 965 18 27 ej
514 965 71 27 någon
601 965 68 26 skatt,
691 965 93 22 hvarken
800 965 31 20 till
847 965 69 20 större

163 998 54 21 eller
233 998 81 21 mindre
331 999 89 27 belopp,
439 999 55 21 skall
513 999 167 28 ifrågavarande
699 999 78 28 näring
792 999 124 26 åhvälfvas,

165 1032 40 21 och
222 1032 28 21 då
265 1033 85 22 komme
366 1033 40 20 den
422 1032 142 29 erforderliga
579 1033 213 28 samstämmigheten
809 1033 18 28 ej
843 1036 30 17 att
884 1033 32 20 fö-

163 1066 101 21 refinnas.
297 1066 64 21 Flere
379 1066 67 21 andra
465 1067 46 21 skäl
531 1067 33 21 till
584 1067 49 20 stöd
653 1067 34 20 för
707 1067 42 20 min
770 1067 56 27 åsigt
845 1066 71 21 kunde

164 1101 55 20 ännu
239 1101 116 26 åberopas,
374 1108 46 13 men
440 1107 46 15 som
501 1101 39 28 jag
560 1101 18 27 ej
599 1101 57 20 varit
673 1101 78 20 beredd
769 1101 57 27 uppå
841 1104 31 17 att
887 1108 28 14 nu

163 1138 59 25 yttra
237 1135 44 28 mig
297 1136 5 19 i
318 1135 76 25 saken,
411 1135 37 21 har
461 1136 38 26 jag
514 1135 17 27 ej
549 1134 65 21 heller
631 1134 76 22 beredt
720 1135 44 28 mig
777 1139 30 17 att
818 1136 97 20 närmare

164 1169 100 21 utveckla
280 1170 39 20 och
337 1169 103 21 motivera
456 1169 42 20 min
514 1169 139 28 uppfattning
669 1168 68 22 deraf.

232 1208 57 22 Herr
309 1208 168 28 Tengström:
510 1208 43 21 Till
573 1209 27 21 de
619 1209 24 22 af
656 1209 45 28 mig
717 1216 51 20 nyss
784 1209 100 25 anförda,
903 1209 13 21 å

163 1242 84 22 landets
266 1244 134 27 grundlagar
418 1242 77 22 stödda
514 1243 46 23 skäl
581 1243 33 20 för
635 1243 44 21 min
695 1246 58 18 emot
769 1243 47 21 herr
831 1242 85 22 Mölsäs

163 1277 110 21 stridande
293 1277 57 27 åsigt
365 1277 6 20 i
387 1277 59 20 detta
464 1277 72 25 ämne,
557 1277 36 20 vill
607 1278 38 26 jag
661 1278 56 20 ännu
734 1278 89 27 tillägga
839 1277 40 21 den
895 1278 25 20 af

163 1311 44 28 mig
227 1310 27 22 då
273 1311 47 21 icke
339 1310 129 22 omnämnda
484 1311 83 27 ganska
583 1312 83 26 vigtiga
683 1311 186 28 omständigheten
886 1314 31 18 att

163 1345 115 21 ständerne
298 1345 27 27 på
344 1344 50 22 flere
416 1346 54 20 efter
489 1345 23 20 år
533 1345 53 21 1775
605 1344 114 22 inträffade
739 1345 113 27 riksdagar
870 1344 47 22 dels

163 1379 146 28 uttryckligen
329 1379 63 28 gillat
410 1379 138 28 regeringens
568 1379 77 28 åtgärd
667 1382 30 17 att
712 1380 23 20 år
753 1379 52 21 1775
822 1379 96 21 förklara
