1031 1700
210 113 40 20 114

179 174 37 21 vid
240 174 94 22 skeende
357 176 157 28 föredragning
532 176 25 20 af
573 176 75 28 frågan
668 175 58 29 finge
742 176 67 21 uttala
825 176 34 28 sig
874 170 60 26 såväl

180 210 113 27 angående
309 210 161 28 behöfligheten
488 210 23 20 af
524 214 30 17 ett
569 209 139 28 ständerhus,
725 217 46 15 som
784 210 105 21 särskildt
900 216 35 14 om

179 243 149 22 riddarhusets
347 244 127 28 lämplighet
490 245 33 20 för
538 244 59 21 detta
612 244 107 21 ändamål.
753 244 120 21 Yttrandet
888 244 48 21 här-

181 286 34 12 om
240 278 66 22 borde
329 279 95 28 afgifvas
448 279 63 20 innan
530 278 106 22 utskottet
655 278 64 29 ginge
735 278 74 22 vidare
824 278 7 21 i
847 278 87 28 frågans

181 312 142 29 behandling,
340 313 108 21 hvarefter
464 313 114 27 utskottet,
595 320 34 13 om
646 313 23 21 sä
685 312 72 22 blefve
769 312 87 28 nödigt,
869 312 66 21 borde

181 347 79 27 pröfva
275 347 154 28 lämpligbeten
446 348 25 20 af
484 347 35 21 det
534 347 123 28 uppgjorda
673 347 112 28 förslaget.
816 346 48 22 Och
881 353 54 21 upp-

181 381 90 20 manade
290 388 28 13 nu
335 382 48 20 herr
399 381 121 21 talmannen
536 382 85 20 ståndet
637 384 31 18 att
683 381 7 21 i
705 380 164 29 öfvervägande
885 385 50 23 taga

181 415 18 27 ej
225 414 82 22 mindre
331 415 77 28 frågan
430 423 32 13 om
471 414 174 30 behöfligheten
665 417 24 19 af
706 418 31 18 ett
752 415 139 27 ständerhus,
908 416 27 20 än

181 456 35 14 om
231 449 48 21 skäl
296 447 133 23 förekomme
444 453 33 17 att
491 449 71 21 dertill
578 450 71 21 inlösa
664 448 143 22 riddarhuset.

249 488 58 22 Herr
322 489 156 22 Frenckell:
507 486 63 25 Efter
588 490 42 21 den
649 489 160 29 framställning
827 489 49 21 herr
895 488 40 22 tal-

182 531 91 13 mannen
292 532 28 12 nu
339 524 69 28 gjort,
423 524 39 21 har
474 524 38 28 jag
527 524 18 28 ej
562 523 74 21 vidare
652 526 31 18 att
698 524 91 28 tillägga
804 524 26 20 än
846 523 41 21 den
903 530 33 14 er-

181 558 73 27 inran,
277 561 32 18 att
330 558 117 21 utskottets
466 558 132 21 tillsättande
612 558 49 21 icke
678 558 74 21 behöft
767 557 168 29 ifrågakomma,

181 593 6 20 i
204 593 103 21 händelse
322 593 86 21 ståndet
422 592 66 21 redan
504 593 33 20 för
552 593 68 28 några
635 593 68 27 dagar
718 592 65 21 sedan
796 593 92 20 bestämt
900 592 35 27 sig

182 627 41 27 för,
238 631 31 16 att
284 627 101 28 antingen
403 627 75 21 bifalla
492 627 32 21 till
540 627 73 21 husets
628 627 95 26 inlösen,
738 627 54 20 eller
807 627 42 21 ock
861 630 31 17 att
903 627 31 20 af-

182 661 32 21 slå
230 661 93 21 anbudet
338 661 81 21 derom.
449 660 63 22 Efter
528 661 43 21 min
586 661 141 28 uppfattning
743 661 70 20 skulle
829 660 105 21 utskottet

183 695 52 20 böra
254 695 33 21 för
307 695 85 21 ståndet
411 695 119 28 framlägga
549 695 97 21 närmare
661 695 90 27 detaljer
766 694 111 29 angående
893 693 41 22 frå-

182 737 53 20 gans
258 729 170 28 genomförande
451 733 55 16 samt
528 729 64 21 dessa
613 729 66 21 sedan
699 729 86 21 komma
804 732 32 17 att
857 729 77 28 utgöra

182 763 97 28 grunden
295 764 34 21 för
345 763 96 21 ståndets
456 763 156 21 bedömmande
627 764 25 20 af
665 763 73 21 saken.

250 803 59 21 Herr
323 802 167 22 Dahlström:
512 802 48 22 Den
576 803 25 21 af
614 803 48 20 herr
677 803 122 20 talmannen
815 810 27 13 nu
856 802 78 29 gjorda

183 837 158 28 framställning
356 838 24 20 är
398 837 130 28 fullkomligt
544 837 235 22 öfverensstämmande
791 837 48 21 med
852 837 82 27 förlop-

181 876 38 24 pet
234 872 58 21 inom
309 872 115 26 utskottet,
440 871 41 21 och
497 871 31 21 får
541 872 38 27 jag
596 871 75 21 härvid
687 871 76 21 endast
779 872 113 20 omnämna
903 873 32 18 att

182 906 25 20 af
227 905 168 28 presteståndets
418 905 137 21 medlemmar
574 906 79 20 tvänne
672 913 53 12 voro
742 906 33 20 för
791 905 72 21 husets
880 905 55 20 inlö-

182 940 77 26 sande,
282 946 47 14 men
349 939 42 21 den
410 939 68 28 tredje
493 940 24 20 af
530 942 88 18 motsatt
632 939 64 28 åsigt.
733 938 35 22 Då
784 939 150 28 borgarestån-

182 974 48 21 dets
252 971 130 31 deputerade
401 973 47 22 icke
468 973 71 22 kunde
554 974 84 28 afgifva
653 974 66 28 något
734 973 109 21 bestämdt
857 981 49 13 svar
922 973 12 21 å

182 1008 63 21 deras
269 1008 74 21 stånds
363 1009 82 27 vägnar
464 1011 55 18 samt
537 1008 116 21 utskottets
669 1007 130 22 ordförande
816 1007 118 22 frambällit

182 1045 32 18 att
229 1042 77 21 sådant
321 1042 66 21 likväl
404 1047 51 16 vore
470 1043 24 20 af
507 1042 81 27 nöden,
604 1042 73 21 anhöll
690 1043 39 27 jag
745 1046 31 17 att
788 1042 46 21 med
847 1042 87 28 frågans

182 1076 133 29 behandling
338 1074 72 23 kunde
432 1077 62 20 anstå
516 1077 66 28 några
600 1077 75 28 dagar,
695 1076 121 21 hvarunder
832 1077 102 27 borgare-

182 1111 86 20 ståndet
291 1112 57 27 finge
370 1111 87 21 tillfälle
480 1114 30 17 att
532 1115 50 24 taga
601 1112 98 20 närmare
718 1111 122 20 kännedom
857 1118 33 13 om
906 1110 27 21 de

182 1145 124 28 uppgjorda
324 1146 134 28 ritningarne
473 1146 33 20 till
522 1145 177 29 förändringarne
715 1145 39 21 och
771 1146 54 20 fatta
841 1145 70 21 beslut
926 1145 8 21 i

182 1179 161 27 hufvudsaken,
366 1183 55 17 samt
440 1180 86 28 gjorde,
550 1180 66 20 sedan
634 1180 60 20 detta
713 1179 100 27 bifallits,
829 1179 39 21 hos
885 1180 48 20 herr

182 1214 122 20 talmannen
331 1214 100 20 anhållan
458 1221 33 13 om
514 1214 98 20 ärendets
634 1213 156 28 föredragning
812 1214 7 20 i
841 1214 93 20 ståndet.

182 1248 77 22 Såsom
281 1248 76 28 frågan
380 1255 28 13 nu
431 1248 52 26 står,
507 1248 37 20 bör
563 1248 86 20 ståndet
667 1248 85 21 derföre
772 1248 68 20 uttala
855 1255 26 13 en
899 1247 35 21 be-

181 1281 71 21 stämd
267 1282 58 28 äsigt
339 1281 91 21 rörande
446 1282 77 28 sjelfva
538 1281 158 21 hatvudsaken.

251 1313 58 23 Herr
325 1315 144 22 Sundman:
498 1315 78 29 Enligt
595 1316 43 20 min
654 1315 141 29 uppfattning
811 1315 74 29 utgick
902 1318 32 18 ut-

182 1349 93 21 skottets
298 1349 141 28 ordförande,
462 1350 36 20 vid
517 1350 161 28 uppmaningen
695 1350 31 20 till
743 1350 191 20 utskottsledamö-

183 1387 58 18 terne
261 1386 31 18 att
306 1382 69 22 uttala
390 1384 34 28 sig
440 1384 110 28 angående
565 1383 73 22 husets
654 1383 95 27 inlösen,
765 1384 48 20 icke
829 1384 46 20 från
891 1383 42 22 den

182 1418 58 28 äsigt
259 1420 31 18 att
305 1416 26 24 de
347 1417 70 22 skulle
432 1425 41 21 ega
488 1418 70 29 någon
574 1418 58 29 slags
649 1419 71 28 öppen
737 1418 100 22 fullmakt
853 1421 30 18 att
899 1418 37 22 be-
