1031 1700
780 136 39 23 141

95 199 59 29 gjort
173 199 158 29 framställning
350 198 33 23 till
403 198 96 28 ståndet,
517 197 73 24 derest
603 199 38 29 jag
657 199 48 22 icke
720 198 83 24 befarat
818 204 32 18 att

96 242 26 13 en
139 234 66 21 sådan
221 234 159 28 framställning
396 234 69 21 skulle
478 234 85 21 komma
574 237 32 17 att
616 234 58 21 inom
685 234 86 22 ståndet
782 236 68 21 sakna

96 268 100 22 medhåll.
219 268 52 22 Men
283 268 27 21 dä
321 268 41 21 den
376 273 27 15 nu
417 267 73 22 blifvit
500 268 75 28 gjord,
587 268 85 21 förenar
681 269 38 27 jag
731 269 44 27 mig
787 269 7 21 i
806 270 43 20 allo

97 302 49 22 med
162 302 78 22 honom
259 305 55 19 samt
333 302 124 21 hemställer
475 302 79 26 tillika,
572 305 32 18 att
618 306 146 18 motnenterne
781 304 9 19 1
808 304 41 20 och

96 337 13 21 2
126 337 70 21 skulle
210 336 175 28 sammandragas
402 336 33 20 till
451 338 31 19 ett
496 336 24 21 så
535 335 95 29 lydande
645 340 104 18 moment:
765 337 63 21 ”Alla
842 337 8 21 i

97 371 70 21 denna
186 370 127 28 förordning
332 370 106 28 stadgade
456 370 62 21 böter
537 370 87 21 tillfalla
639 371 136 28 angifvaren,
791 371 60 21 åkla-

97 412 66 21 garen
182 404 41 22 och
243 404 166 29 församlingens
429 404 139 28 fattigkassa,
587 404 80 22 enhvar
682 405 34 21 till
730 413 26 14 en
771 405 80 29 tredje-

97 439 56 21 del.”

167 472 56 22 Herr
238 472 169 29 Tengström:
437 471 35 23 Dä
487 472 142 22 förevarande
644 473 78 22 ärende
735 474 116 21 behandla-

98 507 39 21 des
152 508 7 20 i
174 510 153 18 sammansatta
342 506 123 22 ekonomie-
480 506 40 22 och
538 507 244 28 bevillningsutskottet,
795 508 55 21 hade

98 542 107 21 utskottet
223 542 34 28 sig
275 542 56 20 ännu
347 541 48 21 icke
411 540 81 22 bekant
506 544 32 18 att
553 540 42 22 den
611 542 24 20 af
648 541 48 21 herr
711 541 74 21 Mölsä
800 542 51 21 äbe-

98 576 81 29 ropade
197 575 80 30 nådiga
296 575 162 29 propositionen
478 583 38 14 var
535 576 25 21 af
572 575 142 29 lagutskottet
729 576 121 28 handlagd,

98 614 24 25 ty
142 610 6 21 i
167 610 76 21 sädant
262 610 37 21 fall
319 608 54 23 hade
394 609 150 22 förstnämnda
558 610 84 21 utskott
657 611 101 28 antingen
774 611 77 20 tillsett

99 648 32 18 att
147 652 80 14 samma
243 644 84 28 princip
343 644 6 21 i
366 643 102 22 afseende
483 644 13 21 &
511 643 99 22 böternes
627 644 139 29 förvandling
778 645 73 21 blifvit

98 679 8 21 i
122 679 69 28 begge
206 678 180 28 författningarne
402 678 122 29 iakttagen,
539 677 53 22 eller
606 678 53 27 ock,
674 686 34 14 om
721 686 25 14 en
759 679 92 21 afvikel-

99 720 23 15 se
142 716 81 19 ansetts
243 710 51 24 böra
309 718 40 23 ega
364 719 58 20 rum,
436 713 99 20 närmare
550 712 70 28 utlagt
635 712 76 22 skälen
726 713 34 21 för
775 721 26 14 en
817 713 34 21 sä-

98 747 44 22 dan
157 747 83 28 ätgärd.

169 781 57 21 Herr
243 781 151 21 talmannen
414 779 133 23 framställde
565 780 53 22 härä
636 780 95 29 följande
750 780 100 29 proposi-

99 816 57 26 tion,
175 823 45 14 som
239 815 69 21 skulle
328 815 101 21 besvaras
448 815 47 20 med
512 815 34 28 ja,
569 815 41 20 och
625 815 226 28 kontraproposition,

100 849 65 22 hvars
181 849 131 22 omfattande
328 848 70 21 skulle
415 849 100 20 besvaras
531 849 48 21 med
596 849 44 28 nej,
656 849 119 29 nemligen:

168 883 99 28 Antager
289 883 85 21 ståndet
392 883 13 28 $
425 882 28 21 94
471 883 69 28 enligt
562 883 116 22 utskottets
702 883 149 22 betänkande?

100 917 54 22 eller

170 951 45 21 Vill
235 951 95 27 ståndet,
350 950 34 23 för
403 954 31 18 att
453 949 77 30 bringa
545 951 27 21 de
587 951 7 21 i
610 951 91 22 nämnde
716 951 12 28 &
743 951 109 21 förekom-

100 985 78 22 mande
200 985 134 28 stadganden
356 993 36 13 om
412 985 71 22 böters
503 985 139 28 förvandling
660 986 7 20 i
685 985 167 21 öfverensstäm-

100 1020 67 21 melse
183 1020 47 21 med
247 1018 161 23 föreskrifterne
423 1019 73 21 derom
512 1019 7 21 i
535 1020 12 20 7
564 1019 41 22 och
620 1020 13 20 8
649 1020 27 28 $$
693 1020 12 20 5
720 1019 50 28 kap.
787 1017 24 23 S.
824 1019 27 21 B.

100 1057 56 18 saint
171 1054 79 28 nädiga
265 1054 163 27 propositionen
445 1053 133 22 beträffande
592 1053 108 22 allmänna
711 1053 94 29 grunder
818 1054 33 20 för

100 1097 27 13 en
144 1096 28 21 ny
188 1088 160 28 brottmälslay,
368 1088 60 28 gifva
444 1091 145 18 momenterne
606 1089 9 20 1
632 1087 41 22 och
689 1088 12 21 2
717 1088 7 20 i
739 1088 12 28 $
767 1088 27 20 94
809 1087 42 21 den

100 1122 91 29 lydelse,
207 1123 49 20 herr
270 1121 97 22 Juselius
383 1122 119 28 föreslagit,
514 1125 56 18 samt
582 1122 67 28 ogilla
660 1121 41 22 den
714 1122 24 21 af
747 1121 105 21 utskottet

100 1156 92 28 tillagda
213 1156 157 28 slutmeningen
390 1156 32 21 till
442 1156 90 22 berörde
548 1157 12 28 $
575 1156 41 22 och
636 1156 93 22 derifrän
745 1156 108 22 utelemna

101 1198 82 14 samma
198 1190 91 28 tillägg?

169 1224 86 29 Frågan
268 1224 128 22 besvarades
408 1224 106 29 enhälligt
526 1224 48 22 med
587 1225 44 28 nej,
642 1224 140 29 hvarigenom
795 1224 58 21 stän-

100 1258 38 22 det
153 1258 84 22 således
253 1258 96 29 uttryckt
364 1258 41 21 den
421 1258 57 29 äsigt
492 1262 32 18 att
535 1259 7 21 i
553 1258 242 29 kontrapropositionen
807 1266 46 13 om-

450 1339 12 28 $
478 1339 27 21 95

101 1371 127 29 godkändes
244 1371 6 22 i
267 1372 76 28 öfrigt,
359 1375 59 18 utom
434 1376 41 24 att,
491 1372 48 22 med
554 1371 117 29 anledning
686 1371 25 22 af
723 1371 42 21 den
776 1372 7 21 i
795 1372 58 21 näst-

100 1406 129 28 föregående
245 1407 12 27 &
275 1406 102 28 vidtagna
393 1406 127 29 förändring
536 1407 7 21 i
558 1406 103 22 afseende
673 1407 12 21 å
698 1408 99 20 böternes
811 1407 44 20 för-

102 1440 114 29 vandling,
229 1440 74 29 början
315 1442 25 20 af
348 1440 70 22 denne
429 1440 11 29 3
449 1441 69 22 skulle
531 1441 60 22 heta:
606 1441 86 28 ”Böter,
705 1448 46 14 som
764 1440 6 21 i
782 1439 71 30 grund
