1031 1700
188 71 27 26 86

159 134 96 26 utöfyer,
270 133 41 22 och
327 141 34 19 om
379 134 189 28 försäljningsman
585 133 68 27 under
669 134 49 21 hela
733 133 71 27 denna
819 134 30 24 tid
865 140 53 21 vore

159 168 117 28 förbjuden
299 171 31 18 att
348 168 55 28 sälja
422 168 32 21 sin
475 176 61 19 vara,
552 168 70 20 skulle
638 168 60 20 detta
714 168 34 21 för
764 168 79 21 honom
859 168 59 25 med-

161 203 48 21 föra
224 206 46 18 stor
286 202 84 28 förlust,
386 206 52 17 utan
453 202 71 29 nägon
539 205 62 25 nytta
618 203 33 20 för
666 202 37 22 det
719 202 114 28 allmänna,
849 206 23 25 ty
883 202 34 30 de,

161 244 48 21 som
224 237 24 21 sä
267 237 80 27 önska,
363 236 105 27 förskaffa
484 237 34 27 sig
532 244 44 22 nog
591 236 87 22 ändock
694 237 91 27 bränvin
800 237 33 23 till
849 237 69 28 tings-

161 272 81 27 stället.
280 266 79 32 GÖfriga
377 271 40 20 här
435 270 93 21 nämnda
543 265 157 34 förrättningar
715 271 72 27 såsom
802 270 116 27 läsförhör,

160 305 238 27 mantalsskrifningar,
421 304 113 26 auktioner
552 312 28 13 m.
596 312 27 13 m.
643 305 38 26 äro
704 305 25 21 sä
747 305 82 28 hastigt
847 306 70 23 öfver-

161 339 91 29 gäende,
267 342 32 18 att
314 340 71 26 nägon
402 339 97 29 egentlig
515 339 78 21 förlust
609 339 48 26 icke
673 339 98 27 kommer
786 342 31 18 att
833 340 85 26 försälj-

161 374 159 28 ningsmannen
342 372 132 28 tillskyndas
497 380 78 22 genom
599 373 78 21 förbud
701 376 32 18 att
753 373 53 29 sälja
825 373 92 25 bränvin

161 408 78 28 medan
255 407 94 21 nämnda
364 408 154 27 förrättningar
531 407 62 28 pågå.
617 406 12 21 I
644 407 27 21 de
684 407 103 29 tingslag,
799 408 38 20 der
849 408 69 28 tings-

161 443 42 21 hus
219 442 81 27 finnas,
315 442 42 20 kan
374 442 214 27 försäljningsstället
601 442 90 24 inrättas
703 442 27 27 pä
742 442 77 20 sädant
831 441 86 27 afständ

161 477 49 27 från
225 476 143 28 tingsstaden,
384 479 31 17 att
427 476 70 28 någon
510 476 115 27 olägenhet
637 476 34 20 för
683 476 234 28 försäljningsmannen

162 512 25 20 af
208 510 137 28 föreskriften
369 510 49 26 icke
437 510 97 28 uppstår,
553 517 48 13 men
617 510 60 27 detta
692 510 42 20 kan
751 510 47 21 icke
813 510 39 21 ske
867 510 7 20 i
889 510 28 20 de

161 545 107 29 tingslag,
291 552 46 14 som
360 544 68 21 sakna
450 544 99 28 tingshus
569 544 41 20 och
630 544 37 21 der
683 544 37 21 det
735 544 12 20 å
762 544 102 26 domaren
880 552 37 14 an-

162 580 99 21 kommer
280 582 31 19 att
329 579 119 27 bestämma
468 579 141 28 tingsstället,
628 579 85 27 hvilket
729 579 90 27 sälunda
835 580 24 20 är
874 579 44 21 för-

163 614 116 29 änderligt.

231 647 59 25 Herr
305 647 151 22 talmannen
477 647 133 21 framställde
630 647 62 27 härä,
708 647 106 26 huruvida
833 647 85 22 ståndet

163 682 116 29 godkände
296 683 12 27 &
324 682 27 21 49
367 681 143 27 oförändrad,
529 681 52 21 eller
600 681 97 28 önskade
713 685 32 25 att
759 682 72 27 ordet:
846 682 71 28 ”ting”

162 714 71 32 skulle
249 717 47 21 frän
314 715 118 22 densamma
451 715 118 28 uteslutas?

232 750 34 22 De
289 758 47 16 som
358 751 50 20 ville
428 750 116 28 godkänna
563 751 140 28 paragrafen,
723 750 70 21 skulle
808 757 63 18 svara
883 751 35 30 ja,

164 785 27 22 de
213 792 47 20 som
279 785 95 21 önskade
394 785 36 20 det
447 791 75 15 senare
541 785 149 28 alternativets
707 784 132 29 antagande,
855 792 63 20 svara

163 820 42 29 nej.

191 851 6 4 *
232 853 32 29 Pä
279 854 94 27 begäran
390 853 117 21 anställdes
523 853 109 29 votering,
649 853 64 20 hvars
729 853 90 22 resultat
835 853 46 22 blef
892 853 25 28 12

163 889 23 28 ja
201 889 40 25 och
257 889 13 20 9
285 889 46 27 nej;
350 888 6 21 i
373 887 54 29 följd
447 887 78 21 hvaraf
538 887 40 21 och
594 887 28 22 då
638 888 128 27 paragrafen
783 888 64 20 äfven
863 887 6 21 i
885 888 33 22 öf-

163 923 46 28 rigt
226 922 138 30 godkändes,
380 918 124 25 densamma
522 921 67 29 blef
579 914 14 42 i
604 921 34 21 sin
655 921 73 27 helhet
743 925 92 25 antagen
851 922 67 28 enligt

164 956 153 29 betänkandet.

472 991 26 28 88
514 990 94 27 50—52,

164 1025 9 29 i
187 1024 76 22 hvilka
274 1024 124 29 diskussion
411 1024 47 21 icke
470 1024 97 26 föreföll,
580 1027 92 26 antogos
685 1024 69 29 enligt
766 1025 152 28 betänkandet.

510 1070 12 28 8
538 1069 34 27 53.

233 1104 58 21 Herr
307 1099 152 33 Öhrnberg:
481 1103 44 29 Jag
541 1104 102 27 anhåller,
659 1107 32 23 att
706 1104 26 28 de
747 1105 138 26 medlemmar
897 1106 25 27 af

164 1138 96 29 ståndet,
283 1138 75 21 hvilka
380 1138 93 28 deltagit
491 1139 7 20 i
517 1138 99 22 ärendets
640 1138 118 29 beredning
777 1140 6 20 i
802 1140 117 29 utskottet,

164 1174 66 25 måtte
246 1173 93 28 benäget
353 1172 103 29 upplysa,
473 1172 106 28 huruvida
594 1173 71 21 denna
681 1174 12 27 &
709 1173 84 28 åsyftar
808 1174 78 20 förbud
903 1177 15 17 t.

164 1216 34 13 ex.
218 1208 34 27 för
275 1206 160 29 värdshusvärd
460 1210 31 18 att
509 1207 21 21 åt
547 1207 124 27 besökande
687 1210 58 18 emot
760 1207 111 29 betalning
886 1211 33 17 ut-

164 1242 71 28 lemna
255 1241 99 29 drycker,
370 1241 62 25 hvari
446 1248 56 20 rum,
518 1241 92 28 konjak,
627 1241 63 21 arrak
705 1241 52 27 eller
773 1241 68 21 andra
856 1242 63 23 brän-

165 1276 28 26 da
212 1275 53 21 eller
281 1275 132 21 distillerade
429 1275 120 27 spritvaror
564 1274 56 28 ingå.
660 1274 78 22 Skulle
753 1276 128 28 paragrafen
897 1276 22 20 å-

165 1309 59 29 syfta
244 1312 31 18 ett
293 1309 77 22 sådant
386 1309 89 27 förbud,
491 1310 23 20 så
530 1309 143 21 förekommer
689 1309 41 21 den
745 1310 45 28 mig
805 1310 72 21 såsom
892 1318 26 13 en

165 1344 84 28 yttring
265 1344 24 20 af
304 1343 40 21 den
361 1344 91 27 paniska
471 1344 169 26 förskräckelse,
657 1344 41 21 den
714 1344 23 21 så
753 1344 86 21 kallade
856 1344 63 22 brän-

165 1377 215 30 Vinslagstiftningen
396 1378 63 21 äfven
474 1378 7 21 i
496 1378 78 28 många
590 1378 66 22 andra
672 1378 90 29 stycken
778 1379 63 27 röjer.
864 1378 55 29 Man
