1031 1700
808 125 27 21 87

107 188 41 24 har
168 190 71 19 ansett
253 188 34 28 sig
302 188 53 20 böra
370 188 7 21 i
393 188 41 21 den
449 187 112 27 uppställa
577 187 86 28 mycket
679 188 88 28 stränga
783 188 80 22 förbud

106 222 42 22 och
172 222 258 26 ansvarsbestämmelser,
454 222 117 20 afvikande
594 222 47 21 från
665 222 26 20 de
715 222 148 28 grundsatser,

108 263 46 14 som
177 256 6 21 i
207 256 67 28 öfrigt
293 256 36 20 äro
349 256 101 28 gällande
470 256 5 20 i
496 256 290 28 brottmälslagstiftningen,
802 258 60 20 allt
851 252 14 36 i

108 291 66 27 afsigt
197 294 31 17 att
251 290 144 25 förekomma,
414 290 47 20 icke
481 290 67 26 bruk,
564 298 47 12 men
628 290 108 21 missbruk
751 290 25 21 af
789 292 74 20 starka

108 324 99 29 drycker.
245 325 38 21 All
303 325 66 21 sådan
386 324 116 21 öfverdrift
516 324 7 20 i
539 324 194 29 lagstiftningsväg
749 332 62 14 anser
823 326 39 28 jag

108 358 115 28 högeligen
247 359 120 21 blottställa
390 358 75 28 lagens
488 358 49 21 hela
560 358 115 25 anseende,
695 359 41 21 och
755 359 66 21 redan
837 367 25 13 ur

107 392 71 22 denna
193 393 112 28 synpunkt
319 401 53 13 vara
388 393 122 27 förkastlig.
541 393 45 21 Det
601 394 23 20 är
640 393 53 21 hvar
709 393 40 21 och
765 401 38 19 en,
814 400 47 15 som

107 427 48 21 litet
177 431 42 17 sett
237 428 34 28 sig
290 427 108 28 omkring,
419 427 79 21 bekant
514 430 31 18 att
560 427 28 27 på
604 426 64 22 hvart
683 428 41 20 och
740 431 31 18 ett
785 428 76 21 värds-

107 461 41 21 hus
163 461 129 22 åsidosättes
307 461 60 21 detta
382 461 89 26 förbud,
487 461 85 21 hvilket
586 462 24 20 är
626 461 83 29 intaget
723 462 64 21 äfven
800 462 7 21 i
819 462 42 22 den

106 496 126 21 nuvarande
247 496 165 28 lagstiftningen
428 496 6 20 i
450 497 82 25 ämnet,
548 495 42 22 och
606 504 49 12 man
671 496 67 21 finner
754 499 31 18 att
797 497 64 21 äfven

106 530 39 26 de,
164 530 75 21 hvilka
253 530 103 22 särskildt
372 530 67 21 borde
455 530 125 21 handhafva
595 530 112 21 förbudets
722 530 139 28 efterlefnad,

107 564 70 21 tillåta
192 564 34 29 sig
241 568 31 17 ett
287 564 76 22 sådant
379 564 168 21 åsidosättande.

176 604 57 22 Herr
247 605 134 22 Juselius:
411 604 12 21 I
442 604 117 29 anledning
579 605 24 21 af
615 605 50 21 herr
681 599 128 34 Öhrnbergs
824 613 37 13 an-

106 639 116 28 märkning
237 640 33 21 får
282 640 39 27 jag
336 639 100 28 upplysa,
452 642 32 17 att
498 639 71 21 denna
585 639 61 28 fråga
662 639 34 22 vid
713 639 100 22 ärendets
825 640 36 21 be-

106 673 106 29 handling
234 674 7 20 i
263 673 106 22 utskottet
391 673 47 21 icke
462 673 48 22 blef
526 673 104 22 särskildt
649 673 132 22 diskuterad.
815 673 46 22 För

106 708 44 21 min
173 708 34 21 del
230 707 39 22 har
289 709 38 27 jag
350 708 64 21 fattat
435 707 132 28 stadgandet
585 707 34 27 så,
638 711 33 18 att
689 707 101 22 förbudet
811 708 49 21 icke

106 742 71 21 skulle
199 743 54 27 göra
272 742 159 28 inskränkning
449 742 6 20 i
471 742 89 21 idkares
576 742 24 21 af
612 741 107 22 värdshus
737 742 52 21 eller
804 742 56 28 spis-

106 780 87 23 qvarter
218 776 104 29 rättighet
347 779 31 18 att
401 776 73 21 utdela
497 776 81 21 sådana
602 776 150 29 blandningar,
774 777 7 20 i
804 776 56 21 hvil-

106 811 29 20 ka
153 811 52 28 ingå
223 818 57 20 rum,
303 811 80 27 konjak
403 811 53 20 eller
472 810 74 27 arrak,
562 810 40 21 och
616 811 39 28 jag
668 811 37 20 vill
721 810 86 25 derföre
821 810 39 28 på-

106 845 62 28 yrka,
185 848 31 18 att
232 845 38 21 bär
285 845 70 21 skulle
371 845 84 27 intagas
471 848 31 17 ett
517 845 109 21 bestämdt
638 845 109 28 undantag
758 845 7 24 i
776 845 84 24 afseen-

106 879 28 21 de
156 879 12 21 å
191 879 164 28 ifrågavarande
377 879 79 20 förbud
480 879 34 20 för
532 879 60 26 dem,
612 886 46 14 som
677 879 52 21 idka
743 879 117 21 värdshus-

105 913 53 22 eller
173 913 158 21 källarrörelse.
364 914 67 21 Detta
446 920 66 21 synes
528 921 52 13 vara
596 914 23 20 af
632 913 80 26 nöden,
731 913 51 21 enär
799 913 33 21 uti
847 914 12 27 &

106 948 27 21 45
153 947 77 22 endast
248 948 53 20 talas
317 955 34 13 om
368 947 90 23 bränvin
474 947 41 22 och
531 948 7 20 i
554 948 13 30 &
584 948 26 21 53
626 947 114 26 förklaras,
756 950 31 17 att
802 947 58 22 hvad

105 983 60 20 förut
184 981 71 22 blifvit
274 981 102 29 stadgadt
392 989 34 14 om
443 982 91 21 bränvin
550 982 63 21 äfven
629 982 70 28 gäller
714 981 67 21 andra
796 982 63 27 sprit-

105 1016 100 28 drycker.
239 1015 70 22 Deraf
325 1016 46 21 åter
386 1023 64 21 synes
467 1023 71 14 annan
554 1016 101 28 tolkning
670 1016 47 20 icke
733 1015 73 21 kunna
821 1015 38 28 gö-

104 1057 36 14 ras
159 1051 26 20 än
205 1053 32 18 att
255 1049 182 24 värdshnsidkare
453 1050 52 21 eller
521 1051 134 27 gästgifvare
671 1050 70 21 skulle
757 1057 52 14 vara
824 1049 35 22 be-

104 1084 95 28 rättigad
215 1087 31 17 att
261 1084 76 21 endast
352 1084 27 21 då
394 1087 44 18 mat
454 1085 24 20 af
490 1085 50 27 gäst
555 1085 92 20 förtäres
663 1085 60 27 gifva
734 1084 81 21 honom
826 1084 33 21 så-

105 1118 43 22 dan
163 1117 153 29 tillblandning
332 1119 24 21 af
369 1118 156 28 spritdrycker.

174 1158 58 21 Herr
247 1158 140 25 Thermén:
417 1158 81 29 Någon
521 1158 125 22 diskussion
672 1159 87 21 föreföll
782 1158 47 22 icke
852 1159 6 20 i

104 1192 107 22 utskottet
233 1192 92 25 rörande
346 1192 72 22 denna
436 1193 23 28 &,
479 1193 89 21 hvilken
588 1194 23 20 är
630 1193 35 21 hel
685 1193 40 21 och
741 1193 71 21 bållen
828 1193 31 21 af-

104 1227 97 24 skrifven
225 1226 47 22 från
296 1226 26 22 de
340 1227 62 21 äldre
422 1228 181 28 författningarne
622 1228 6 20 i
644 1228 78 20 ämnet.
751 1227 34 21 Af
797 1234 62 20 para-

104 1262 77 28 grafen
197 1261 94 28 framgår
306 1261 67 25 likväl
390 1265 30 17 ett
437 1262 76 20 förbud
530 1265 32 18 att
577 1262 28 27 på
620 1262 134 20 konditorier
769 1260 40 21 och
823 1268 36 13 an-

104 1295 40 24 dra
161 1294 76 29 dylika
257 1295 77 21 ställen
353 1296 54 27 sälja
424 1296 168 28 förfriskningar
606 1296 24 21 af
643 1294 165 29 ifrågavarande
824 1294 35 22 be-

104 1329 133 27 skaffenbet,
261 1329 40 21 och
321 1337 45 13 som
385 1330 59 20 detta
460 1337 65 21 synes
541 1338 51 13 vara
608 1331 65 27 högst
688 1328 124 29 olämpligt,
828 1328 31 22 bi-

105 1364 73 25 träder
197 1364 64 20 äfven
275 1364 37 28 jag
329 1364 40 21 den
386 1365 24 20 af
424 1364 48 22 herr
488 1359 118 33 Öbrnberg
622 1364 123 27 föreslagna
760 1362 99 30 ändring.

173 1397 58 25 Herr
247 1397 169 29 Tengström:
446 1394 74 25 Äfven
536 1398 43 22 min
596 1399 87 27 mening
698 1404 38 14 var
751 1400 42 24 att,
804 1397 55 21 lika-

103 1439 48 19 som
167 1432 26 21 de
209 1432 71 28 bägge
296 1432 181 29 nästföregående
493 1433 101 27 talarene,
610 1432 101 28 upplysa,
727 1431 37 22 det
779 1431 79 22 ckono-
