1031 1700
197 96 43 21 464

170 158 95 21 ledamot
284 159 7 20 i
310 158 106 22 utskottet
434 159 55 21 varit
508 158 112 31 skiljaktig
638 159 7 21 i
666 160 101 22 afseende
782 160 13 22 å
810 162 65 20 sättet
890 160 33 22 för

169 193 117 27 förslagets
309 193 177 28 genomförande,
508 193 91 28 hvilket,
622 194 78 21 sådant
721 194 38 22 det
779 196 24 20 af
819 195 105 21 utskottet

170 227 103 28 antagits,
289 234 64 22 synes
369 228 45 28 mig
429 227 97 21 medföra
540 230 32 19 att
586 228 64 21 huset
665 228 86 22 komme
767 232 31 18 att
810 230 113 20 fortfaran-

170 262 27 21 de
219 262 67 21 hafva
304 262 130 21 karaktären
453 262 24 21 af
492 265 30 18 ett
540 262 28 28 på
583 269 27 15 en
625 262 58 29 gång
699 262 96 22 riddare-
810 264 39 20 och
866 264 57 20 stän-

170 296 88 22 derhus.
293 296 46 28 Jag
360 296 40 22 har
422 296 85 22 derföre
525 297 7 20 i
550 296 107 22 utskottet
675 296 94 29 påyrkat
788 297 40 21 och
844 298 79 20 tillåter

171 331 45 28 mig
232 331 81 28 jemväl
329 331 56 20 ännu
401 330 95 22 vidhålla
510 330 42 21 den
567 330 85 29 åsigten
667 333 32 19 att
714 330 63 22 huset
793 331 38 21 bör
845 331 79 21 verkli-

171 373 42 20 gen
229 364 42 22 och
287 365 44 21 helt
346 364 42 22 och
403 364 68 22 hållet
486 364 110 22 användas
612 365 34 21 för
658 364 37 22 det
707 365 106 27 ändamål,
825 366 33 20 för
869 365 55 21 hvil-

171 400 37 20 ket
227 400 84 20 inlösen
330 399 58 26 sker,
407 402 55 18 samt
480 399 7 21 i
503 399 225 21 öfverensstämmelse
743 399 87 21 dermed
843 399 80 28 jemväl

172 434 34 20 för
223 433 61 21 detta
302 433 100 21 ändamål
418 436 91 25 apteras.
545 433 12 21 I
571 432 104 22 händelse
690 433 72 21 denna
776 434 86 26 mening
877 433 47 21 vin-

171 475 38 14 ner
231 467 98 21 ståndets
348 467 69 27 bifall,
435 474 62 14 anser
512 468 46 27 jag,
577 470 32 18 att
623 467 77 21 dervid
715 467 72 21 tillika
803 468 38 21 bör
856 468 67 20 fästas

171 502 37 21 det
227 502 72 21 vilkor
314 505 31 18 att
360 501 96 22 ståndets
470 502 150 26 sessionsrum,
636 502 41 20 och
692 501 8 22 i
715 501 55 29 följd
785 502 62 21 deraf
859 501 63 21 äfven

173 536 176 27 bondeståndets,
373 535 130 29 utvidgades
525 543 77 21 genom
622 535 27 22 de
667 538 59 19 emot
744 536 119 21 vestibulen
879 536 45 21 stö-

171 571 66 21 tande
259 572 122 27 väggarnes
400 570 126 29 utflyttning
544 571 56 20 ända
619 570 33 21 till
671 570 151 28 pelarraderne
837 571 7 21 i
859 571 64 20 vesti-

173 605 64 22 bulen
257 608 56 18 samt
328 608 31 17 att
374 604 102 29 derjemte
492 604 88 28 golfven
596 605 7 20 i
618 605 107 20 sessions-
739 605 41 21 och
795 605 128 21 kanslirum-

173 647 48 14 men
240 639 79 21 sänkas
338 639 33 21 till
391 639 50 20 nivå
456 639 47 20 med
518 639 84 28 golfvet
617 639 7 20 i
640 639 128 27 vestibulen,
784 639 138 29 hvarigenom

173 673 84 22 således
273 681 96 13 rummen
386 673 70 21 blefve
472 673 66 28 högre
555 673 41 20 och
612 673 100 22 sundare.
741 673 44 29 Jag
801 681 63 14 anser
879 674 44 27 mig

173 709 24 20 så
219 708 88 28 mycket
325 707 67 21 hellre
411 707 73 21 kunna
501 707 141 28 understödja
657 707 60 21 detta
731 708 90 29 förslag,
836 715 45 14 som
896 715 27 14 en

172 743 84 20 erfaren
279 742 100 25 arkitekt,
403 741 48 21 herr
470 741 103 26 Edelfelt,
592 741 107 22 förklarat
713 745 31 18 att
758 749 26 14 en
799 742 65 21 sådan
881 743 42 20 för-

173 777 93 28 ändring
291 776 88 27 mycket
405 776 34 20 väl
465 776 42 21 kan
534 775 139 26 verkställas,
700 776 48 21 med
775 776 148 22 bibehållande

173 812 25 21 af
218 812 73 20 busets
314 810 62 27 fagad
400 810 6 21 i
428 809 49 22 dess
499 810 124 21 nuvarande
646 810 103 29 prydliga
770 811 72 26 skick,
868 814 56 17 samt

173 845 144 22 kostnaderne
345 844 75 21 härvid
446 845 18 27 ej
492 844 66 21 heller
584 844 86 21 komme
697 848 31 17 att
756 845 66 21 blifva
847 845 75 28 dryga.

172 880 45 21 För
241 879 159 22 bondeståndet
422 878 66 21 borde
510 878 75 21 dervid
608 878 86 21 inredas
717 878 66 29 nödig
805 879 58 21 lokal
886 879 37 21 vid

173 922 40 13 ena
235 913 61 21 sidan
319 913 24 21 af
363 912 145 21 riddaresalen
531 916 56 17 samt
609 912 36 21 det
668 920 59 17 rum,
750 920 47 14 som
821 914 32 20 för
876 914 47 20 när-

172 947 94 22 varande
289 947 110 28 begagnas
421 947 33 20 till
476 946 141 21 sessionsrum
641 947 34 21 för
698 947 165 26 bondeståndet,
887 955 37 12 an-

173 982 82 21 vändas
267 981 33 21 till
312 980 215 22 sammanträdesrum
540 981 34 20 för
586 981 69 20 större
667 984 155 17 sammansatta
834 981 89 26 utskott,

173 1016 74 21 hvilka
266 1022 29 15 nu
311 1015 68 21 sakna
394 1015 89 27 lämplig
498 1014 58 21 lokal
572 1015 40 20 och
629 1015 34 21 för
679 1014 74 21 hvilka
768 1015 68 28 dylik,
852 1015 72 21 såvidt

170 1051 39 28 jag
229 1050 88 26 känner,
337 1049 19 28 ej
376 1049 70 21 skulle
464 1048 72 21 kanna
555 1049 28 28 på
599 1052 64 17 annat
679 1049 43 20 sätt
737 1049 186 28 tillvägabringas.

173 1084 87 21 Genom
286 1091 26 14 en
339 1083 67 21 sådan
432 1083 120 28 anordning
576 1083 71 21 skulle
675 1083 101 28 borgare-
802 1083 41 21 och
872 1083 52 21 bon-

172 1117 120 24 destånden
307 1117 68 22 undfå
390 1117 42 21 alla
446 1117 27 21 de
489 1117 191 28 beqvämligbeter,
696 1117 79 21 hvaraf
787 1117 26 22 de
829 1118 32 20 för
877 1117 47 22 sina

173 1150 178 24 sessionslokaler
370 1152 65 21 hafva
454 1152 66 21 behof
532 1151 41 21 och
590 1151 105 28 billigtvis
711 1152 74 20 kunna
800 1152 68 21 önska
882 1152 41 28 sig,

173 1191 56 17 samt
244 1187 43 21 alla
302 1186 144 26 riksstånden,
462 1186 32 20 till
506 1185 112 29 synnerlig
630 1185 70 21 fördel
713 1186 35 20 vid
761 1186 92 21 skeende
865 1186 59 21 med-

173 1221 106 21 delanden
296 1220 90 22 emellan
402 1220 97 26 stånden,
515 1220 86 20 komma
606 1215 14 35 i
639 1220 87 20 tillfälle
743 1223 31 17 att
785 1221 62 20 äfven
860 1220 64 21 fram-

173 1255 60 21 deles
249 1255 6 21 i
271 1258 133 26 gemensamt
420 1254 38 20 hus
474 1254 164 20 sammanträda.
673 1253 52 21 Men
742 1254 36 21 det
793 1255 24 20 är
832 1254 41 20 ock
888 1262 36 13 en-

173 1289 49 21 dast
244 1290 28 26 på
294 1289 64 21 dessa
377 1288 71 21 vilkor
464 1288 38 28 jag
518 1295 62 14 anser
595 1291 32 17 att
643 1287 63 22 huset
721 1288 38 21 bör
774 1288 25 21 af
811 1288 113 21 ständerne

173 1323 88 21 inlösas.

243 1362 57 22 Herr
315 1362 165 22 Dahlström:
514 1358 72 26 Äfven
604 1363 38 28 jag
662 1362 71 22 skulle
751 1362 48 21 icke
815 1362 109 28 tillstyrka

173 1397 147 22 riddarhusets
336 1398 83 21 inlösen
435 1398 32 21 till
483 1397 135 28 ständerbus,
633 1398 72 21 derest
718 1398 38 28 jag
771 1398 18 27 ej
803 1397 77 29 ansåge
893 1400 32 18 att
