1031 1700
211 79 25 21 36

183 142 58 21 Herr
258 139 79 23 Holms
355 140 150 30 betänklighet
524 140 86 28 dervid,
626 144 31 18 att
675 139 163 31 lurendrejeriet
856 142 19 28 ej
893 145 39 18 eng

183 176 37 21 vid
235 183 26 13 en
277 175 58 21 skatt
350 176 24 21 af
387 183 25 13 en
429 176 59 20 mark
504 176 68 20 sextio
588 175 66 27 penni
669 175 70 21 skulle
754 176 73 20 kunna
840 179 92 17 motver-

183 210 46 27 kas,
246 210 81 25 häfves,
343 210 27 20 då
385 217 49 13 man
450 210 126 27 öfverväger
592 212 31 18 att
638 209 111 29 betydliga
761 210 76 28 anslag
848 210 6 20 i
867 210 65 20 slutet

183 244 24 21 af
222 244 145 21 betänkandet
382 243 98 21 förordas
496 242 33 22 för
544 242 165 29 tullbevakning
721 243 40 21 och
774 243 158 28 polisuppsigt;

183 278 41 20 och
248 285 35 13 om
305 278 63 20 dessa
390 278 36 20 väl
448 277 146 29 organiseras,
612 277 47 27 bör,
678 276 27 22 då
720 278 90 27 premiet
825 278 23 20 är
863 278 69 20 större

183 313 28 19 än
226 312 105 21 utskottet
347 311 122 28 föreslagit,
484 311 161 27 lurendrejeriet
661 318 43 22 nog
719 311 72 22 kunna
802 311 129 22 förhindras.

184 344 66 22 Hvad
269 344 101 29 slutligen
386 344 158 22 lönbränneriet
560 345 109 27 beträffar,
684 346 23 20 så
722 346 68 21 borde
805 346 36 21 det
856 346 76 21 endast

184 379 68 21 under
270 382 31 18 ett
317 380 48 20 kort
380 378 222 29 öfvergångsstadinm
619 380 86 20 komma
720 382 31 18 att
765 380 104 25 existera;
891 380 41 20 och

184 421 35 13 om
235 414 26 20 än
277 412 107 22 derunder
399 413 66 28 några
482 413 87 28 bataljer
585 413 86 21 komma
685 416 32 18 att
731 414 106 22 levereras
853 422 57 20 uppe
925 414 7 20 i

185 438 154 41 Österbottens
355 448 87 28 skogar,
458 447 24 21 så
496 448 55 20 lärer
566 446 35 22 väl
616 448 65 21 äfven
697 448 38 20 der
750 448 107 28 allmogen
873 450 59 18 snart

184 490 46 20 nog
245 482 63 28 vänja
323 482 34 28 sig
373 481 36 21 vid
425 481 26 21 de
467 490 43 20 nya
524 481 168 22 förhållandena.
731 482 68 27 Höjes
814 482 45 21 åter
875 482 58 20 skat-

185 520 35 17 ten
235 517 35 20 för
284 516 97 28 mycket,
399 516 24 20 så
438 516 108 28 aflägsnar
561 523 49 13 man
625 515 124 29 derigenom
764 516 42 21 den
821 516 46 21 fred
883 523 50 13 man

185 550 63 29 eljest
270 550 42 21 kan
335 550 134 28 småningom
492 550 112 27 tillkämpa
626 550 34 28 sig
679 557 77 21 genom
775 550 92 21 förökad
882 550 51 22 tull-

185 585 41 20 och
243 584 187 29 polisbevakning.
452 584 75 22 Såsom
543 584 150 21 innehållande
708 592 25 13 en
749 585 90 28 lämplig
854 584 79 21 medel-

186 619 43 28 väg
251 618 77 21 mellan
351 618 26 21 de
396 618 102 28 ytterliga
516 618 108 28 åsigterna
639 618 61 21 torde
716 619 85 21 derföre
815 619 117 21 utskottets

185 653 83 28 förslag
285 652 50 21 böra
351 652 24 21 af
387 651 85 22 ståndet
487 652 133 28 godkännas.

256 687 55 20 Herr
327 686 143 21 Sundman:
502 686 40 21 Att
564 687 48 20 mitt
634 686 83 29 förslag
739 686 68 23 skulle
831 687 102 22 innebära

185 721 71 29 någon
277 721 139 28 motsägelse,
436 721 41 20 kan
494 721 37 28 jag
549 721 33 20 för
600 721 65 28 ingen
683 721 34 21 del
733 721 114 28 medgifva.
888 721 46 28 Jag

187 755 112 28 grundade
314 755 118 21 detsamma
447 754 61 27 derä,
524 757 30 18 att
568 755 28 20 dä
611 755 85 21 skatten
712 755 27 28 pä
755 756 88 20 bränvin
859 755 6 21 i
882 755 52 21 Est-

186 789 51 21 land
259 789 40 21 och
320 789 96 20 Liffland
432 789 24 20 är
472 789 77 28 fyratio
565 789 51 27 kop.
632 796 38 21 per
685 789 81 27 kanna,
782 787 71 24 säsotn
869 788 64 23 äfven

187 824 38 21 här
241 823 133 29 föreslagits,
390 830 46 13 men
453 823 95 21 deremot
562 823 99 28 spanmäl
677 824 40 21 och
733 823 70 29 öfriga
819 823 114 22 rudimate-

185 858 43 21 rier
250 858 33 21 för
306 857 268 28 bränvinstillverkningen
598 857 34 21 stä
653 857 33 21 till
709 857 107 30 betydligt
835 858 98 29 billigare

186 892 45 27 pris
253 892 6 20 i
284 891 147 22 förstnämnda
454 891 77 21 tvänne
554 891 113 28 provinser
685 891 26 21 än
731 891 38 22 hos
789 899 46 20 oss,
851 893 24 20 sä
890 893 42 20 kan

185 926 42 21 ock
249 933 66 14 varan
338 926 38 21 der
396 926 98 27 billigare
513 925 122 27 tillverkas,
653 925 40 22 och
709 926 33 21 till
757 926 176 21 förekommande

186 961 25 20 af
226 960 138 28 lurendrejeri
383 959 95 22 derifrän
499 959 65 21 borde
580 959 134 22 fördenskull
729 960 48 21 icke
793 961 66 28 högre
875 961 59 24 skatt

185 995 26 20 än
231 1002 25 13 en
276 995 60 20 mark
351 995 80 20 äsättas
448 994 269 28 bränvinstillverkningen
733 994 38 21 här
785 995 7 20 i
808 995 82 26 landet,
905 995 29 28 pä

185 1029 37 20 det
243 1028 90 21 sålunda
356 1029 124 20 bränvinets
503 1029 44 27 pris
570 1028 35 21 mä
623 1028 72 21 kunna
710 1028 84 27 jemkas
813 1029 33 20 till
862 1029 71 28 någon

186 1063 223 20 Ofverensstämmelse
424 1063 47 20 med
488 1062 55 21 hvad
560 1062 36 21 det
611 1063 23 20 är
649 1063 7 19 i
671 1061 92 22 Estland
777 1063 39 20 och
828 1062 104 21 Liffland.

187 1095 84 22 Genom
299 1097 249 28 —utskänkningsafgiften
572 1096 45 21 åter
640 1096 69 21 skulle
732 1104 80 14 samma
835 1097 99 21 ändamål

184 1131 87 26 vinnas,
296 1138 45 14 som
365 1131 37 21 det
421 1131 85 21 hvartill
523 1131 105 21 utskottet
643 1131 58 21 velat
715 1131 95 26 komma,
825 1131 109 29 nemligen

185 1168 32 18 att
239 1165 128 21 kommunen
390 1165 122 28 dyimedelst
534 1165 69 21 skulle
623 1165 89 21 beredas
727 1172 26 14 en
769 1165 116 21 inkomst
874 1161 12 36 i
902 1173 32 13 er-

185 1200 96 28 sättning
304 1200 33 20 för
359 1200 41 20 den
423 1200 206 28 tillverkningsrätt,
648 1206 46 14 som
713 1199 84 21 komme
812 1202 31 18 att
859 1199 76 28 frångå

181 1234 142 28 jordegarene
342 1234 3 20 i
361 1234 137 20 kommunen.

253 1267 72 23 Sedan
341 1267 151 22 diskussionen
509 1267 87 21 härmed
611 1267 110 27 afslutats,
737 1265 132 23 framställde
885 1266 50 21 herr

183 1301 152 21 talmannen
350 1301 95 29 följande
460 1302 170 27 propositioner:

254 1336 40 20 1:o.
325 1335 47 22 Vill
392 1335 86 22 ståndet
496 1336 33 20 till
547 1336 215 28 kontraproposition
777 1338 58 18 emot
850 1333 84 23 utskot-

183 1372 40 18 tets
247 1369 135 22 betänkande
405 1372 89 26 antaga,
517 1370 103 28 antingen
642 1370 97 20 skattens
758 1369 123 28 förhöjning
900 1368 34 21 till

183 1404 36 20 två
235 1402 69 29 mark,
320 1403 52 23 eller
387 1403 50 23 dess
454 1404 140 28 nedsättning
609 1404 33 21 till
657 1411 26 15 en
699 1403 72 22 mark?
