1031 1700
209 84 41 22 398

179 154 106 28 geringen
297 153 83 23 utfördt
392 154 92 29 företag,
500 153 90 23 såframt
604 152 38 24 det
657 155 48 21 icke
721 154 79 23 strider
815 158 58 19 emot
888 154 41 23 alla

178 187 185 30 klokhetsreglor,
385 190 54 27 säga
456 192 32 17 att
504 188 89 22 dermed
612 189 77 22 afsetts
707 189 86 23 landets
812 198 57 21 gagn
889 190 40 21 och

178 223 71 26 bästa,
270 230 50 14 men
342 223 64 21 deraf
422 223 64 28 följer
503 224 19 27 ej
542 226 32 18 att
592 222 26 22 de
634 223 86 29 företag
735 224 132 28 befrämjats,
883 232 46 13 som

179 257 116 22 ständerne
318 257 70 21 skulle
412 257 84 27 önskat,
514 257 52 21 eller
585 260 32 18 att
636 258 142 21 staismedlen
796 258 48 22 icke
860 258 70 22 skulle

178 292 89 26 kunnat,
283 292 70 27 enligt
368 291 126 22 ständernes
510 292 64 28 äsigt,
590 292 29 27 pä
634 295 31 18 ett
680 299 58 14 mera
750 291 180 30 ändamålsenligt

179 327 44 20 sätt
241 326 118 21 användas.
396 325 100 22 Nämnde
515 326 55 20 brist
588 326 7 20 i
615 326 48 21 vårt
678 326 182 22 konstitationela
875 333 55 15 sani-

179 360 121 21 hällsskick
318 360 42 20 kan
379 360 120 20 emellertid
514 358 35 22 för
564 360 97 21 tillfället
675 360 47 21 icke
738 360 115 28 afhjelpas.
883 360 47 21 Hu-

179 394 77 22 ruvida
271 394 47 21 äter
333 394 42 21 den
391 394 130 28 föregäende
536 394 235 29 finansförvaltningen
787 394 48 22 lätit
845 394 85 28 hvarje-

179 428 72 22 handa
269 428 29 21 fel
317 428 40 21 och
377 428 90 28 misstag
482 428 86 21 komma
584 428 34 29 sig
633 428 34 21 till
682 428 49 27 last,
747 430 24 20 är
786 436 27 14 en
829 428 38 22 sak
883 434 46 15 som

177 464 38 27 jag
237 468 29 16 nu
289 463 18 27 ej
327 462 77 22 beredt
421 463 45 28 mig
484 465 32 18 att
534 462 102 26 bedöma;
659 470 49 14 men
724 463 24 21 af
760 462 27 22 de
802 462 128 28 handlingar

180 497 41 21 och
237 496 166 29 upplysningar;
419 496 75 21 hvilka
508 497 24 20 af
542 497 107 27 styrelsen
663 497 72 21 blifvit
747 497 114 21 ständerne
873 496 57 21 med-

179 531 83 27 delade,
286 531 65 21 hafva
370 532 22 20 vi
410 530 118 22 emellertid
547 530 113 28 inhemtat,
681 534 32 18 att
728 531 143 21 statsverkets
887 531 43 21 för-

179 565 182 22 handenvarande
380 565 117 29 tillgångar
516 565 18 28 ej
550 565 112 29 medyifva
677 569 32 17 att
724 565 109 22 användas
849 564 32 22 till
897 568 33 18 ut-

180 599 91 22 förande
287 600 23 21 af
323 600 26 21 de
364 600 91 28 företag,
473 599 88 22 hvarom
576 605 30 15 nu
621 600 23 21 är
661 600 67 29 fräga.
759 599 49 22 Och
824 599 27 22 dä
866 599 64 22 äfven

180 634 181 28 borgareständet
379 634 109 21 allaredan
504 633 107 28 tillstyrkt
626 634 123 21 inrättande
764 634 25 21 af
800 633 131 27 folkskolor,

180 668 344 21 kommunikationsanstalternas
541 668 151 21 förbättrande
707 677 27 12 m.
750 676 35 18 m.,
801 668 24 22 sä
840 666 39 23 bör
894 667 36 22 väl

181 702 86 23 ständet
285 703 64 20 äfven
368 702 61 22 anslä
447 703 68 21 medel
531 702 33 21 till
580 702 64 22 dessa
660 703 111 21 ändamäls
786 702 145 22 befordrande

181 745 78 21 genom
278 744 27 14 en
323 736 129 29 bevillning,
474 737 104 28 antingen
596 736 131 29 uppgående
742 736 33 21 till
791 737 41 21 den
849 743 81 14 summa

181 771 108 28 styrelsen
304 771 78 28 begärt
397 771 59 26 eller,
472 778 34 13 om
522 771 77 21 sädant
614 771 71 21 skulle
701 778 63 14 anses
779 771 67 21 blifva
858 771 34 21 för
904 770 28 21 de

181 805 168 28 skattdragande
373 805 73 21 alltför
470 805 144 28 betungande,
637 805 33 20 till
689 805 68 28 något
775 805 84 21 mindre
877 804 54 21 efter

181 838 166 23 förhällandena
362 839 113 28 afpassadt
489 839 87 28 belopp.
605 838 45 29 Jag
665 839 69 21 häller
749 839 67 21 ocksä
835 840 46 20 före
900 842 32 17 att

181 873 29 27 vi,
229 881 80 21 genom
327 877 32 17 att
377 881 28 13 nu
423 873 79 29 bevilja
516 873 71 22 medel
602 873 33 21 till
651 873 115 22 utförande
781 873 25 22 af
818 873 63 22 dessa
897 874 34 20 för

181 908 74 21 landet
273 907 86 29 nyttiga
378 908 91 27 företag,
489 907 87 22 säkrare
591 908 27 21 än
634 915 80 21 genom
729 915 27 14 en
771 909 81 27 vägran
869 907 63 22 skola

181 941 67 22 hinna
263 942 37 21 det
315 942 41 21 mål
373 942 49 21 herr
437 941 73 23 Wolff
523 943 72 26 afsctt,
611 941 52 22 eller
679 941 130 29 rättigheten
826 945 31 18 att
868 948 64 22 gran-

182 977 39 21 ska
243 976 111 29 budgeten
373 976 41 21 och
433 976 119 22 bestämma
570 984 35 13 om
621 975 153 22 statsmedlens
789 975 142 22 användande

181 1011 8 21 i
211 1010 124 21 allmänhet.
371 1010 35 21 En
430 1010 66 21 sådan
519 1010 167 29 beredvillighet
704 1010 13 21 å
735 1009 126 22 ständernes
884 1009 48 22 sida

182 1045 56 22 skall
260 1047 53 19 utan
335 1044 78 21 tvifvel
432 1044 89 29 skingra
540 1045 42 20 den
602 1045 79 20 tvekan
701 1044 38 21 vär
755 1043 120 23 Storfurste
891 1043 41 22 och

181 1079 93 22 monark
291 1079 105 28 möjligen
414 1078 43 21 kan
475 1079 55 28 hysa
548 1078 38 21 vid
606 1081 31 18 att
652 1079 22 21 ät
689 1078 114 21 ständerne
819 1077 113 22 öfverlem-

181 1120 28 15 na
227 1113 94 21 nämnda
339 1112 112 30 rättighet,
474 1112 75 21 medan
568 1113 47 20 åter
633 1120 26 13 en
679 1113 82 28 vägran
781 1111 72 23 säkert
873 1111 60 22 skul-

181 1148 20 21 le
217 1148 54 28 göra
285 1146 200 30 Högstdensamme
496 1146 83 22 mindre
591 1146 99 29 benägen
701 1146 34 21 till
747 1149 30 19 ett
789 1146 77 22 sådant
878 1149 55 25 steg.

180 1181 44 29 Jag
239 1181 101 22 förordar
355 1181 86 21 derföre
456 1181 28 27 pä
499 1181 36 21 det
546 1180 86 29 högsta,
644 1183 33 19 att
689 1180 180 30 borgareständet
879 1180 54 21 mät-

181 1219 22 19 te
222 1216 86 21 besluta
327 1216 34 28 sig
380 1216 34 20 för
429 1215 127 29 bevillning.
593 1214 66 22 Hvad
675 1215 46 21 åter
736 1215 67 29 angår
819 1216 65 20 sättet
899 1215 35 21 för

181 1250 161 28 bevillningens
361 1249 225 29 sammanbringande,
606 1249 23 21 sä
644 1256 67 21 synes
726 1249 45 28 mig
786 1248 42 22 den
843 1249 23 20 af
879 1256 54 13 sam-

182 1286 109 20 mansatta
311 1286 64 19 stats-
394 1284 41 20 och
454 1283 243 29 bevillningsutskottet
712 1283 74 21 derom
802 1283 95 21 uttalade
913 1283 23 21 ä-

183 1318 44 29 sigt
249 1325 52 14 vara
323 1317 42 21 den
387 1318 49 21 med
456 1318 92 21 rättvisa
565 1320 57 18 mest
639 1317 237 22 öfverensstämmande
891 1317 43 21 och

182 1360 27 14 ur
230 1351 115 29 principiel
365 1352 113 28 synpunkt
496 1352 41 21 den
556 1352 122 28 riktigaste,
697 1351 100 22 hvarföre
814 1352 38 28 jag
870 1351 64 21 äfven

183 1386 122 29 tillstyrker
319 1386 160 29 godkännande
494 1386 24 22 af
531 1386 148 22 betänkandet
694 1386 7 21 i
716 1386 71 22 denna
802 1386 35 22 del
849 1386 41 21 och
903 1389 31 18 att
