1031 1700
782 130 42 22 137

407 193 5 7 8

100 193 42 22 bör
164 199 61 15 anses
247 193 90 28 behörig
356 196 31 18 att
406 202 6 12 i
432 192 66 22 saken
514 192 76 22 vittna.
627 192 65 22 Dock
708 192 94 29 päyrkar
813 194 40 28 jag

102 227 49 23 icke
169 228 99 28 votering
288 228 60 20 öfver
366 228 71 21 denna
453 227 43 21 min
512 227 66 28 äsigt,
594 227 6 21 i
616 227 38 21 fall
669 226 42 22 den
726 227 49 21 icke
790 228 63 28 eljest

102 262 25 22 af
140 262 84 21 ständet
239 261 132 29 godkännes.

171 296 57 22 Herr
243 296 124 22 Thermen
391 303 37 14 var
451 295 24 21 af
492 295 44 21 lika
554 295 65 21 tanke
637 294 47 23 med
705 294 48 22 herr
768 294 85 29 Mölsä,

102 338 48 14 men
165 330 73 22 anhöll
253 333 31 18 att
299 330 84 22 ständet
399 330 57 28 finge
471 336 79 22 genom
561 329 100 28 votering
674 329 67 22 uttala
751 329 33 22 sin
796 330 57 28 äsigt

102 364 8 24 i
125 364 74 23 saken,

171 398 58 23 Herr
242 398 130 23 Juselius;
403 398 11 22 I
432 398 41 21 den
490 398 24 21 af
527 396 27 23 de
569 397 70 29 bägge
656 397 129 29 föregående
800 398 54 22 tala-

102 440 51 15 rene
175 432 109 31 uttryckta
305 433 58 28 äsigt
384 432 42 21 kan
446 433 39 27 jag
507 432 48 22 icke
575 432 75 22 förena
668 432 50 28 mig.
750 432 45 30 Jag
810 433 43 23 kan

103 466 107 29 nemligen
229 467 48 22 icke
296 467 57 27 inse,
369 470 31 17 att
418 466 41 21 den
475 473 46 14 som
538 466 68 27 köper
622 466 90 21 bränvin
727 466 127 29 derigenom

104 502 98 22 föröfvar
216 504 31 20 ett
262 501 67 27 brott,
345 508 45 14 som
407 500 70 23 skulle
493 501 53 27 göra
562 500 78 22 honom
653 500 71 28 jäfvig
739 504 31 19 att
785 501 69 22 vittna

104 536 7 23 i
130 535 76 27 saken,
229 543 48 15 men
296 543 61 14 anser
375 534 107 27 deremot,
498 538 32 18 att
547 534 49 23 med
612 534 99 22 afseende
726 534 13 21 ä
753 534 27 22 de
795 538 60 18 stora

104 570 141 28 svårigheter,
266 573 45 19 mot
332 569 76 23 hvilka
429 569 155 30 uppdagandet
606 568 41 21 och
671 568 138 29 bevisningen
833 569 24 21 af

104 604 64 29 olaga
184 604 230 28 bränvinsförsäljning
429 603 61 23 alltid
506 604 74 26 stöter,
595 603 37 21 det
646 604 25 21 är
681 603 66 28 högst
758 603 97 22 nödvän-

104 638 49 28 digt
174 641 31 18 att
226 638 95 30 köparen
344 638 33 23 fär
399 638 106 29 äberopas
524 637 72 24 säsom
614 637 69 22 vittne
703 644 34 15 om
753 637 101 23 handeln,

104 672 77 29 Enligt
196 680 27 14 nu
239 672 100 29 gällande
355 672 137 28 lagstiftning
507 671 7 23 i
530 673 71 21 ämnet
616 671 103 22 behöfver
733 672 19 28 ej
768 679 38 15 ens
818 679 37 14 an,

104 707 85 29 gitvare
207 706 118 30 uppträda,
344 706 83 23 hvilket
446 706 58 22 dock
518 706 68 22 mäste
602 705 105 23 erkännas
723 713 51 15 vara
789 705 66 30 högst

104 741 125 28 olämpligt,
251 740 88 23 emedan
363 741 125 27 angifvaren
512 740 90 22 sålunda
624 740 72 21 kunde
717 739 87 24 komma
823 743 32 18 att

104 775 70 22 vittna
191 774 7 22 i
217 774 74 26 saken;
313 782 49 16 men
380 774 71 23 denna
469 773 119 30 oriktighet
606 774 24 22 är
649 775 63 22 äfven
727 774 31 23 uti
773 774 37 23 det
824 782 28 15 nu

104 808 123 31 uppgjorda
243 809 103 28 förslaget
361 808 113 23 afskaffad.

173 843 58 23 Herr
246 842 170 29 Tengström;
444 841 72 25 Jemte
535 841 37 22 det
587 842 39 28 jag
645 842 124 22 instämmer
783 842 7 21 i
805 842 50 22 herr

104 876 79 24 Juselii
198 877 64 28 äsigt,
277 877 37 22 vill
327 877 38 29 jag
380 877 79 26 erinra,
474 880 32 18 att
520 876 41 22 den
578 877 24 21 af
614 876 27 21 de
657 876 70 29 bägge
741 876 70 29 öfrige
823 880 32 18 ta-

104 911 74 23 larene
195 911 82 28 :gjorda
295 911 143 28 anmärkning
457 911 23 22 är
499 910 110 23 såtillvida
624 910 142 29 ofullständig
781 914 32 18 att
827 911 27 22 de

105 945 48 23 icke
175 945 110 30 uppgifvit
303 945 37 23 det
358 945 94 28 lagrum,
471 952 47 15 som
536 945 90 28 stadgar
640 944 83 23 straffet
738 945 34 21 för
787 945 67 28 köpa-

104 987 49 16 rens
170 979 144 29 brottslighet,
330 979 40 23 och
387 982 38 24 att,
441 987 33 14 om
491 979 67 28 något
572 978 79 24 sådant
661 979 83 28 lagrum
756 979 48 22 icke
814 979 41 23 fin,

104 1020 49 20 nes,
168 1013 63 23 straff
244 1014 33 21 för
292 1013 79 23 honom
387 1013 65 23 bordt
466 1013 26 21 af
503 1013 27 22 de
545 1013 65 23 värde
627 1013 156 23 mationärerne
799 1013 56 22 före-

105 1047 55 27 släs,
181 1050 24 27 ty
223 1047 37 23 det
278 1055 64 23 synes
362 1055 51 14 vara
428 1055 26 15 en
469 1047 112 29 oförlätlig
596 1047 99 29 glömska
710 1047 25 22 af
746 1047 109 29 lagstifta-

104 1089 39 15 ren
165 1084 32 18 att
217 1089 27 14 en
263 1081 66 21 sådan
350 1081 116 28 brottsling
480 1081 7 21 i
505 1081 54 21 brist
574 1081 28 28 pä
616 1081 116 30 tillämplig
746 1081 37 29 lag
798 1081 55 24 skall

105 1115 73 29 undgå
192 1115 37 23 det
244 1123 84 19 ansvar,
344 1115 78 24 hvaraf
434 1115 42 23 han
492 1116 24 23 är
531 1116 95 29 förtjent,

173 1160 120 23 Anmäldes
316 1161 41 22 och
375 1164 107 26 emottogs
502 1168 25 15 en
546 1161 126 28 deputation
687 1162 26 21 af
725 1162 130 28 prestestän-

105 1195 44 27 det,
163 1195 68 23 under
245 1195 118 23 anförande
379 1196 25 21 af
416 1195 48 23 herr
479 1198 88 25 prosten
583 1196 111 28 Alopxus,
709 1203 46 14 som
767 1196 88 22 tillkän-

105 1229 76 28 nagaf,
200 1232 31 20 att
250 1229 97 22 bemälde
365 1229 63 23 stånd
448 1229 7 21 i
474 1229 118 29 anledning
611 1230 24 21 af
647 1229 151 29 ridderskapet
813 1230 40 22 och

106 1263 75 21 adelns
203 1263 126 22 meddelade
347 1263 128 29 inbjudning
494 1264 84 22 förenat
597 1264 34 28 sig
646 1264 84 26 derom,
745 1266 32 18 att
792 1263 62 24 Hans

104 1296 123 29 Kejserliga
249 1296 104 29 Majestät
371 1298 71 22 skulle
461 1305 51 21 ega,
528 1301 32 18 att
574 1298 7 21 i
596 1298 38 22 fall
650 1298 76 22 sådant
741 1298 76 20 funnes
832 1299 25 21 af

105 1330 213 29 omständigheterna
340 1332 122 28 påkalladt,
483 1332 49 21 med
556 1332 73 22 femtio
649 1334 90 26 procent
757 1331 43 21 öka
817 1332 38 22 det

104 1366 35 21 för
158 1365 270 29 bränvinstillverkniogen
449 1366 123 28 föreslagna
586 1365 168 30 maximibelopp
769 1366 26 20 af
807 1366 48 29 fyra

103 1400 98 27 miljoner
219 1399 179 22 trehundratusen
416 1400 84 22 kannor
519 1408 35 14 om
570 1400 57 27 året,
641 1400 118 28 hvarjemte
774 1404 81 24 preste-

104 1433 95 27 ståndet,
221 1433 50 24 med
293 1434 105 23 afvikelse
422 1434 46 23 från
492 1434 37 23 det
550 1435 25 22 af
592 1434 161 24 vederbörande
771 1434 84 24 utskott
