1031 1700
791 132 40 20 291

111 200 33 20 till
160 200 116 28 styrelsens
289 200 127 27 förfogande
428 199 187 21 femhundratusen
627 200 68 26 mark,
707 200 32 20 till
751 201 107 28 fängelse-

112 234 115 22 väsendets
242 234 154 26 förbättrande,
412 234 6 20 i
434 234 68 20 likhet
513 233 47 21 med
573 233 150 29 ridderskapet
735 235 41 21 och
788 235 70 26 adeln,

112 268 185 22 sexhundratusen
320 268 67 26 mark,
410 268 33 20 till
464 267 49 21 dår-
532 267 40 21 och
592 267 142 22 helsovården
753 269 106 21 hvardera

112 302 182 21 tvåbundratusen
317 302 60 20 mark
396 302 41 20 och
456 302 32 20 till
507 302 246 21 kommunikationernes
769 303 90 21 förbätt-

112 336 67 21 rande
194 344 25 13 en
235 336 73 27 miljon
324 336 190 21 åttahundratusen
529 336 66 20 mark.
628 336 34 20 Af
674 339 102 24 posterne
791 337 68 20 under

112 370 42 21 litt.
170 370 25 21 B.
216 377 61 13 änser
298 371 37 27 jag
354 370 44 28 mig
417 370 53 20 böra
489 370 87 20 förorda
594 370 119 28 ersättning
728 370 33 20 till
775 370 84 21 kronan

112 405 34 20 för
169 400 65 25 skall-
256 404 40 20 och
319 403 128 29 brofogdars
470 404 117 20 aflönande
609 403 48 21 med
679 403 179 22 etthundratusen

111 438 69 21 mark.
217 438 105 28 Slutligen
345 438 51 20 ville
413 438 38 28 jag
471 438 33 20 till
520 438 122 28 fördelning
657 438 90 21 emellan
762 438 97 22 kommu-

112 480 65 14 nerne
192 472 67 29 enligt
273 472 41 21 den
329 472 24 20 af
365 470 151 30 ridderskapet
527 472 40 20 och
579 472 62 21 adeln
653 472 124 28 uppställda
788 472 71 28 grund

113 506 61 21 anslå
189 506 26 22 de
230 506 185 22 sexhundratusen
431 506 67 26 mark,
514 513 45 14 som
572 506 24 21 af
605 506 186 22 bränvinsskatten
802 507 57 20 ännu

112 541 86 21 återstå.
235 541 78 21 Denna
335 547 88 20 summa,
442 540 98 28 utgifven
559 540 67 21 under
643 543 32 18 tre
690 540 30 27 år,
735 547 65 22 synes
815 541 44 28 mig

113 583 53 13 vara
181 575 117 28 tillräcklig
313 578 32 17 att
359 575 158 21 tillfredsställa
533 571 42 25 alla
590 575 83 28 skäliga
684 575 101 28 anspråk.
813 574 46 21 Vid

113 609 170 22 bestämmandet
305 609 22 21 af
348 609 98 28 anslaget
468 609 34 20 för
520 609 210 28 fängelseväsendets
749 608 110 22 ordnande

112 644 68 21 måste
195 651 48 13 man
258 644 63 20 äfven
336 645 50 26 taga
402 643 6 20 i
424 643 147 27 betraktande,
587 646 31 18 att
632 643 22 21 vi
665 643 64 21 hafva
740 642 51 22 flere
801 643 58 20 läne-

113 678 115 27 fängelser,
248 685 45 13 som
312 677 47 21 med
378 677 48 21 icke
445 677 73 21 alltför
533 680 45 18 stor
593 677 92 21 kostnad
700 677 72 21 kunna
787 677 72 21 förän-

113 711 50 21 dras
186 712 32 21 till
241 711 156 28 cellfängelser,
416 711 67 21 ehuru
502 711 95 21 deremot
616 711 125 28 visserligen
756 711 67 21 andra
838 711 24 21 af

113 745 64 22 dessa
200 745 107 28 fängelser
327 747 36 20 äro
383 745 24 21 så
423 745 66 21 under
505 746 29 21 all
548 745 67 21 kritik
629 745 53 26 usla,
698 748 31 19 att
743 753 49 13 man
807 745 52 28 föga

112 777 8 24 i
136 780 67 28 något
218 784 64 16 annat
297 780 50 20 land
363 779 61 22 torde
440 779 91 28 påträffa
546 776 81 33 dylika.
656 779 44 29 Jag
715 779 92 22 förbiser
825 779 35 21 för

113 814 65 27 ingen
201 813 34 21 del
258 817 31 17 att
304 815 23 26 ju
347 813 47 21 icke
413 813 85 22 derföre
516 813 50 22 flere
586 821 42 21 nya
643 813 108 29 fängelser
766 813 94 22 behöfva

113 847 86 28 byggas
215 851 54 17 samt
285 851 30 17 att
330 847 131 21 inrättandet
476 848 24 21 af
512 855 26 14 en
550 847 82 22 ordnad
644 847 215 29 fängvärdsstyrelse,

114 887 46 15 som
176 882 22 20 vi
214 889 26 13 nu
257 881 50 21 helt
315 881 41 22 och
371 882 66 21 hållet
452 882 74 27 sakna,
541 881 92 22 förökad
649 882 122 27 bevakning
785 889 27 13 m.
825 889 34 18 m.,

114 916 23 20 är
153 915 98 22 förenadt
266 915 47 21 med
329 915 81 29 ganska
424 916 111 29 betydliga
546 916 126 25 kostnader;
687 923 48 14 men
746 915 34 27 då,
792 915 68 28 enligt

113 949 50 21 herr
179 953 84 18 senator
277 950 121 27 Bergboms
414 950 88 27 afgifna,
518 950 32 21 till
565 950 114 21 ständerne
694 949 119 22 aflemnade
827 957 34 14 re-

114 983 145 25 seberättelse,
279 984 36 20 det
333 984 6 20 i
356 983 84 28 Upsala
455 984 106 21 inrättade
576 984 147 28 cellfängelse,
737 983 84 22 hvilket
836 985 23 20 är

113 1017 106 28 uppfördt
234 1018 53 21 efter
302 1025 65 20 nyare
383 1017 71 22 tidens
469 1018 123 28 fordringar
606 1018 41 21 och
662 1018 7 21 i
684 1017 176 22 reseberättelser

113 1051 29 28 pä
160 1051 37 21 det
214 1051 60 21 bästa
289 1051 113 28 vitsordas,
418 1051 73 22 kostat
506 1051 76 22 endast
596 1047 265 33 etthundrafyratiosjutus

113 1092 38 14 sen
171 1085 104 22 riksdaler
293 1086 107 28 riksmynt
416 1089 54 17 samt
486 1089 30 18 ett
531 1086 71 28 dylikt
616 1086 103 28 fängelse,
734 1087 53 20 efter
803 1085 36 22 det
853 1086 7 21 i

114 1126 81 14 samma
219 1119 111 21 berättelse
352 1119 120 29 åberopade
491 1119 194 29 kostnadsförslag,
705 1120 69 21 skulle
789 1119 72 22 kunna

114 1153 40 21 hos
177 1160 36 14 oss
236 1154 101 27 uppföras
361 1154 33 21 för
416 1154 293 28 tvähundratjugufyratusen
729 1154 60 21 mark
809 1154 52 21 eller

114 1188 178 21 femtiosextusen
314 1188 67 26 rubel,
406 1188 24 21 sä
448 1188 41 21 kan
507 1188 56 20 dock
578 1188 48 21 med
642 1192 30 17 ett
687 1188 75 28 anslag
777 1188 25 21 af
814 1195 47 14 sex-

113 1220 147 22 hundratusen
283 1222 59 20 mark
365 1222 83 28 ärligen
466 1222 68 21 undet
552 1225 32 18 tre
603 1222 33 21 ärs
652 1222 37 27 tid,
705 1222 52 21 eller
772 1222 89 20 tillsam-

113 1262 62 14 mans
198 1263 25 13 en
245 1256 74 27 miljon
338 1255 191 21 ättahundratusen
548 1256 66 26 mark,
630 1256 109 28 ätskilliga
754 1255 107 28 fängelser

114 1290 105 27 uppföras
234 1293 55 17 samt
301 1290 80 28 jemväl
396 1290 48 21 icke
460 1290 24 20 sä
501 1290 121 28 obetydligt
638 1290 108 21 användas
762 1289 33 21 till
811 1290 50 20 öfri-

113 1331 29 21 ga
162 1324 34 20 för
211 1323 120 21 ändamålet
345 1323 81 28 nödiga
442 1324 95 27 utgifter,
553 1324 100 20 hvarföre
665 1324 38 28 jag
719 1324 33 20 för
767 1324 44 21 min
826 1324 35 21 del

112 1358 19 26 ej
155 1357 52 21 ville
224 1357 125 21 derutöfver
367 1357 50 28 höja
432 1357 94 21 nämnda
540 1357 82 28 anslag.
660 1356 28 22 Vi
704 1357 62 21 skola
781 1358 33 20 för
830 1358 31 20 öf-

112 1391 45 28 rigt
178 1390 83 29 hoppas
281 1394 32 18 att
330 1391 51 21 våra
396 1392 109 27 fängelser
520 1391 48 21 icke
584 1391 68 21 blifva
667 1391 24 21 sä
705 1391 74 21 talrikt
795 1391 66 22 befol-

112 1423 64 29 kade;
192 1428 31 19 att
237 1425 26 22 de
278 1425 94 22 behöfva
388 1426 86 20 förökas
491 1425 33 21 till
539 1425 73 21 alltför
628 1428 55 18 stort
693 1425 65 23 antal.
