1031 1700
189 86 41 24 104

493 150 13 28 &
520 149 82 21 77—81

163 181 128 29 godkändes
307 183 67 29 enligt
390 183 146 25 betänkandet
551 186 50 18 utan
617 182 132 22 diskussion.

512 230 12 27 &
540 228 34 24 82.

233 261 58 26 Herr
306 262 98 25 Mälsä:
434 262 116 23 Utskottet
565 262 39 22 har
619 262 6 24 i
640 262 50 24 dess
706 261 135 25 betänkande
857 261 32 24 till
905 261 13 31 &

165 296 38 25 61,
219 295 84 26 hvilket
317 298 24 20 af
353 296 87 25 ständet
455 296 118 29 godkänts,
586 296 96 25 uteslutit
695 292 174 40 propositionens
882 296 37 21 bes

165 330 109 28 stämning
292 330 73 25 derom
381 333 33 22 att
428 331 68 21 större
511 332 26 24 än
554 332 79 23 femton
651 331 93 24 kannors
760 330 47 25 kärl
822 330 48 24 icke
885 330 33 24 får

166 348 110 44 begagnas
299 364 35 21 vid
353 364 93 29 forsling
465 365 24 21 af
502 365 90 24 bränvin
608 365 48 25 med
672 364 93 25 roddbåt
780 365 53 24 eller
848 372 70 15 annan

166 398 84 26 mindre
270 398 89 22 farkost.
398 397 76 28 Såsom
490 407 26 17 en
534 399 52 28 följd
602 399 64 23 deraf
678 399 61 22 torde
755 399 54 23 sista
824 406 94 17 momen-

165 435 32 21 tet
212 432 24 26 af
248 432 70 26 denna
333 434 24 28 &,
373 433 84 22 hvilket
473 433 88 26 handlar
576 441 36 17 om
627 440 82 18 samma
724 434 49 26 sak,
789 434 64 23 äfven
865 433 53 23 böra

167 467 58 28 utgä.

236 501 112 25 Anmältes
364 501 40 26 och
420 505 106 25 emottogs
542 509 25 14 en
583 502 127 28 deputatian
725 501 47 25 från
788 501 131 25 bandestän-

168 535 46 27 det,
237 535 77 26 anförd
333 536 24 21 af
373 536 208 28 Jandtdagsmannen
598 535 127 27 Mannst6n,
741 542 46 16 som
803 535 116 24 tillkänna-

167 570 48 31 gaf.
223 573 31 18 att
269 570 98 23 bemälda
383 571 62 25 stånd
465 570 35 25 vid
516 570 158 28 behandlingen
690 571 25 24 af
727 570 78 27 nådiga
821 570 99 30 proposi-

168 604 73 25 tionen
260 605 111 28 angäende
390 604 95 29 lindring
500 605 24 22 af
534 604 127 32 jordegares
677 604 125 31 skyldighet
818 603 32 25 till
866 603 54 21 hälle

168 638 125 28 skjutsning
311 642 56 18 samt
381 639 53 28 väg-
449 639 40 21 och
505 638 143 34 brobyggnad
664 641 86 18 stannat
765 639 7 20 i
787 638 38 23 det
840 638 80 27 beslut,

168 676 33 21 att
219 653 331 64 hällökjutsningsskyldigheten
562 669 74 26 skulle
651 673 74 28 äligga
739 672 43 25 alla
794 672 127 31 jordlägen-

169 706 60 26 heter
249 707 27 31 pä
291 703 74 29 landet
380 711 50 21 utan
447 707 99 26 afseende
562 707 12 22 &
586 691 153 46 jordnaturen,
754 707 112 24 äfvensom
882 706 38 21 bo-

169 740 89 27 ställen,
280 744 56 18 samt
358 741 142 26 lotshemman
523 740 39 23 och
586 741 26 21 de
632 741 98 22 hemman
750 748 45 14 som
816 741 66 24 hebos
898 741 25 24 af

169 775 153 27 pämndemän,
345 775 41 21 och
406 775 64 23 dessa
488 775 125 28 lägenheter
628 775 84 25 således
727 775 48 22 icke
790 775 74 22 vidare
879 782 42 20 ega

170 809 83 28 åtnjuta
271 809 70 28 någon
359 809 101 25 befrielse
476 810 5 25 i
496 810 59 22 detta
570 809 112 26 afseende,
697 812 51 22 utan
764 813 77 24 genast
855 809 66 24 inträ-

170 843 28 24 da
213 843 7 21 i
235 843 140 29 deltagandet
390 844 24 22 af
427 843 91 22 nämnda
534 848 74 23 tunga.

238 877 161 28 Deputationen
416 878 128 25 betackades
560 878 24 21 af
597 878 49 25 herr
661 877 151 25 talmannen
823 880 56 22 samt
890 878 32 19 af-

170 911 87 26 trädde,
277 911 110 26 hvarefter
402 912 37 23 vid
454 912 162 25 diskussionens
632 912 140 28 fortsättning
787 911 85 28 yttrade
887 911 36 31 sig

239 945 58 27 Herr
312 945 169 30 Lindeqvist,
499 953 47 19 som
565 946 107 26 instämde
691 946 7 21 i
713 945 49 26 herr
777 945 85 25 Mölsäs
878 948 44 26 ytt-

171 979 72 26 rande.

239 1014 64 25 Efter
317 1014 75 26 derom
412 1015 119 25 framställd
551 1015 148 33 proposition,
714 1014 47 25 blef
773 1013 49 27 herr
837 1013 87 26 Mölsäg

171 1049 83 28 förslag
269 1050 24 24 af
305 1049 86 26 ståndet
406 1047 104 31 enhälligt
525 1053 94 25 antaget.

517 1101 13 28 $
544 1100 28 22 83

172 1135 127 33 godkändes
314 1135 69 29 enligt
398 1135 144 25 betänkandet
558 1138 50 18 utan
624 1134 133 24 diskussion.

516 1186 12 29 8
543 1186 34 21 84.

240 1220 57 26 Herr
313 1220 98 25 Mölsä:
441 1220 71 26 Bland
530 1216 31 25 de
584 1220 156 26 funktionärer,
762 1227 47 16 sam
828 1227 41 22 ega
888 1228 37 17 an-

172 1255 63 25 ställa
257 1255 162 28 undersökning
440 1254 34 22 till
497 1250 151 41 upptäckande
667 1255 24 21 af
709 1254 58 22 brott
785 1257 58 19 emot
862 1254 63 22 brän-

173 1288 239 29 vinsförfattningarne,
434 1291 107 30 upptagas
560 1288 45 27 här,
625 1291 60 18 utom
703 1288 72 21 lands-
793 1288 41 22 och
854 1289 71 21 stads-

172 1323 87 25 fiskaler
274 1326 55 22 samt
344 1323 90 27 krono-,
449 1323 69 21 stads-
533 1323 41 21 och
590 1323 162 28 polisbetjente,
765 1322 80 28 jemväl
857 1323 68 23 andra

173 1358 25 20 af
217 1356 140 29 länestyrelse
379 1357 71 21 dertill
474 1352 130 26 förordnade
625 1364 109 21 personer.
768 1356 35 22 Dä
823 1357 102 28 borgare-

175 1391 84 28 ständet
275 1391 36 25 vid
327 1390 159 35 behandlingen
502 1392 24 21 af
544 1392 7 32 $
567 1391 27 23 43
610 1391 67 31 ansåg
693 1390 114 33 olämpligt
822 1394 31 18 att
869 1385 57 43 dytiz
