1031 1700
797 141 42 21 463

114 205 31 18 att
160 202 27 22 de
203 202 79 22 ofrälse
293 202 90 22 stånden
399 203 37 21 äro
452 202 100 28 inrymda
567 202 7 21 i
586 202 159 28 jemförelsevis
760 200 108 33 obetydli-

113 244 29 21 ga
160 236 41 21 och
221 237 46 21 små
286 236 100 29 kryphål.
424 236 137 22 Kommande
578 237 149 28 generationer
742 237 63 23 skola
819 238 49 22 icke

113 270 73 22 känna
201 270 34 22 till
250 270 63 22 dessa
329 270 159 22 förhållanden.
517 270 34 22 Af
563 270 49 22 dem
628 270 56 22 skall
699 271 72 22 denna
786 272 82 22 olikhet

114 304 107 22 måhända
239 304 70 22 tolkas
329 305 71 21 såsom
419 308 31 18 ett
469 304 139 22 erkännande
623 307 49 19 utaf
684 305 87 21 nutiden
788 306 25 21 af
824 306 43 21 rid-

113 338 117 29 derskapet
248 338 41 22 och
307 339 74 21 adelns
400 339 70 21 större
491 338 111 29 betydelse
617 339 6 21 i
636 339 125 27 jemförelse
777 340 49 21 med
840 340 27 21 de

114 373 71 28 öfriga
203 373 96 21 stånden.
333 373 63 21 Huru
416 374 52 27 föga
484 373 234 21 öfverensstämmande
733 373 49 22 med
797 373 70 22 tidens

114 407 177 29 åskådningssätt
305 415 26 13 en
347 407 66 21 sådan
429 407 142 29 uppfattning
586 415 59 19 vore,
658 407 103 22 behöfver
769 409 40 28 jag
819 408 48 21 icke

113 441 60 29 säga.
208 441 49 22 Den
277 442 30 21 tid
323 442 23 20 är
361 442 133 28 längesedan
510 442 56 21 förbi
582 442 28 21 då
625 442 150 29 ridderskapet
789 442 42 22 och
846 450 22 14 a-

113 475 50 21 deln
187 476 50 21 stod
254 476 7 21 i
279 476 76 22 sådant
375 476 136 21 förhållande
531 476 33 20 till
580 476 26 20 de
622 476 71 28 öfriga
707 476 98 28 stånden,
820 484 47 14 som

114 509 51 22 dess
184 510 123 22 nuvarande
322 510 58 21 lokal
396 510 24 21 är
434 510 6 21 i
457 510 136 21 förhållande
608 510 34 21 till
657 510 69 22 deras.
761 510 54 22 Men
831 518 37 14 an-

115 544 106 22 norlunda
241 544 70 22 kunde
327 544 65 21 saken
409 545 23 21 af
445 544 116 21 framtiden
578 544 109 26 bedömas,
702 548 24 25 ty
741 545 54 21 efter
811 544 56 22 hvad

114 579 128 21 menniskan
264 586 34 14 ser
316 579 41 21 och
376 579 38 21 har
434 579 34 21 för
483 579 86 28 ögonen
585 578 70 21 bildar
671 578 42 22 hon
728 578 7 21 i
751 578 117 22 allmänhet

114 613 39 21 sitt
172 613 105 26 omdöme,
296 613 89 21 emedan
403 613 119 21 detsamma
537 613 29 28 på
580 612 71 22 denna
666 613 43 28 väg
723 620 87 15 snarare
825 613 42 21 och

114 647 78 21 lättare
207 647 83 26 vinnes,
305 647 27 20 än
348 654 78 21 genom
441 647 91 28 djupare
548 647 64 21 tanke
628 647 41 21 och
685 646 110 22 reflexion.

183 686 33 22 På
238 687 27 22 de
287 687 47 21 skäl
353 687 39 28 jag
414 687 40 22 här
473 687 117 21 framställt
608 687 85 28 afböjer
705 687 39 28 jag
758 687 50 22 med
823 687 44 21 min

115 721 45 21 röst
183 721 116 28 förslagets
317 721 129 28 antagande,
466 721 61 24 såväl
546 721 49 21 med
610 721 101 22 afseende
726 723 13 20 å
754 721 113 22 riddarhu-

114 759 44 17 sets
178 755 141 29 olämplighet
337 756 32 20 till
389 756 136 26 ständerhus,
546 763 46 14 som
611 755 52 22 derå
678 759 31 18 att
724 756 105 28 förslaget
843 756 25 21 är

115 789 111 22 stridande
241 794 45 17 mot
301 789 26 22 de
343 790 144 21 förbindelser
502 789 151 29 ridderskapet
668 790 41 21 och
723 789 63 22 adeln
797 789 70 22 iklädt

115 824 34 28 sig
171 824 36 21 vid
231 824 159 28 emottagandet
409 825 24 20 af
448 824 38 21 det
504 824 49 21 utaf
570 823 139 22 statsmedlen
724 823 97 22 erhållna
836 824 31 22 bi-

114 859 62 27 drag,
199 858 41 21 och
259 858 75 21 hvilka
352 858 144 21 förbindelser
513 858 152 28 ridderskapet
683 858 40 21 och
739 858 64 21 adeln
819 859 48 21 icke

116 892 135 21 annorlunda
273 893 26 20 än
322 893 47 20 med
392 893 119 28 styrelsens
534 892 112 28 samtycke
668 892 42 21 kan
729 893 76 28 afsäga
823 886 44 35 sig;

117 927 117 27 hvarjemte
247 927 38 28 jag
300 927 102 28 slutligen
418 927 57 20 velat
490 927 78 26 erinra,
584 929 32 18 att
630 925 92 22 flertalet
733 927 25 20 af
766 926 101 29 borgare-

116 961 97 21 ståndets
234 961 136 21 medlemmar
390 961 7 21 i
416 961 128 21 ständernes
560 960 84 22 utskott
660 961 6 20 i
681 961 76 28 frågan
772 960 95 28 afstyrkt

116 995 117 28 förslagets
249 995 128 28 antagande.

185 1035 58 21 Herr
259 1033 142 23 Sundman:
438 1034 76 21 Ehuru
532 1035 38 28 jag
589 1034 7 21 i
615 1034 78 29 många
707 1033 60 22 delar
783 1035 86 35 förenar

116 1069 45 28 mig
184 1077 34 13 om
238 1069 27 21 de
283 1070 24 21 af
323 1069 40 21 den
380 1069 130 28 föregående
526 1068 81 21 talaren
623 1068 85 29 yttrade
723 1068 87 28 åsigter,
825 1069 42 21 kan

114 1104 39 27 jag
171 1103 58 22 dock
244 1103 47 22 icke
306 1103 46 22 helt
367 1104 40 20 och
424 1103 66 21 hället
505 1103 7 21 i
528 1103 48 21 dem
592 1103 120 22 instämma.
748 1103 120 28 Angående

118 1138 161 28 behöfligbeten
302 1139 24 20 af
342 1141 31 18 ett
390 1138 130 21 ständerbus
539 1137 41 22 och
596 1137 139 29 möjligheten
751 1140 30 18 att
796 1137 72 22 dertill

116 1172 76 21 inreda
207 1172 136 21 riddarhuset
355 1172 94 21 biträder
457 1172 39 28 jag
508 1171 117 21 utskottets
639 1171 140 21 betänkande.
801 1171 67 21 Hvad

116 1206 68 21 sedan
205 1206 100 21 beträffar
323 1207 94 21 anbudet
432 1208 12 19 å
461 1206 73 21 husets
549 1206 93 26 inlösen,
659 1213 62 14 anser
733 1206 38 28 jag
786 1205 83 21 ridder-

116 1240 79 28 skapet
217 1240 40 21 och
281 1240 62 22 adeln
366 1240 65 21 hafva
449 1240 118 28 ådagalagt
585 1247 27 13 en
627 1239 96 22 särdeles
737 1242 132 25 oegennytta

116 1282 78 20 genom
218 1274 115 28 åtagandet
351 1278 30 18 att
400 1274 87 28 deltaga
507 1274 6 21 i
532 1282 26 13 en
574 1273 105 28 tredjedel
695 1273 24 21 af
731 1272 74 22 husets
820 1272 49 22 hela

116 1308 95 22 kostnad
227 1312 54 18 samt
296 1312 31 18 att
339 1309 55 21 ifrån
406 1308 26 22 de
444 1308 138 22 återstående
596 1308 37 21 två
644 1306 155 29 tredjedelarne
809 1306 60 22 med-

116 1342 62 28 gifva
193 1342 76 28 afdrag
283 1342 32 22 till
332 1342 157 28 återbetalning
506 1342 23 21 af
542 1342 26 20 de
584 1342 48 20 utaf
641 1340 138 22 statsmedlen
791 1340 78 22 erhåll-

116 1384 29 14 na
166 1376 181 22 trettioåttatusen
369 1372 69 31 rubel,
460 1376 141 28 hvarigenom
621 1374 84 22 således
725 1375 144 21 lösesumman

116 1410 86 22 komme
213 1414 32 17 att
260 1410 113 22 reduceras
389 1411 32 21 till.
437 1410 77 21 endast
527 1411 163 27 tjugusextusen
702 1408 168 23 etthundratret-

116 1444 64 22 tiotre
196 1444 59 22 rubel
271 1445 119 27 sjuttioåtta
406 1444 79 28 kopek.
511 1444 51 22 Men
578 1444 97 21 deremot
689 1444 40 21 har
741 1444 39 28 jag
795 1443 73 22 såsom
