1031 1700
787 138 42 22 367

103 201 77 21 Ehuru
197 201 214 22 kommunikationen
427 201 92 22 emellan
534 200 41 22 den
592 201 101 29 nordliga
709 202 95 22 farleden
817 202 40 22 och

102 235 137 21 Tavastehus
262 236 56 21 ännu
341 236 23 20 är
386 236 79 28 stängd
486 242 78 21 genom
584 234 156 23 Walkiakoski
759 238 53 26 fors,
831 237 28 29 gå

102 270 67 20 redan
186 277 27 13 nu
230 270 27 27 pä
272 270 70 20 denna
357 270 69 21 farled
442 271 80 20 tvänne
537 270 82 27 skutor,
637 270 132 22 tillhörande
783 271 76 21 allmo-

102 312 43 20 gen
167 304 6 21 i
197 304 93 26 trakten,
312 303 42 21 och
373 304 48 26 från
440 303 155 22 Walkiakoski
614 304 33 21 till
663 304 135 22 Tavastehus
813 305 46 21 åter

103 341 32 18 ett
149 341 66 19 annat
230 338 44 28 mig
289 338 109 28 tillhörigt
413 338 79 28 fartyg.
522 338 42 21 Att
576 338 68 22 farled
657 338 41 22 och
711 339 64 21 äfven
787 339 72 28 någon

104 373 65 21 trafik
193 372 66 22 redan
281 372 67 22 finnes
367 372 29 28 på
415 372 71 28 bägge
506 373 78 27 hållen,
604 374 23 19 är
646 373 85 21 således
745 376 60 19 utom
820 373 39 21 allt

103 407 84 21 tvifvel.
221 407 67 21 Detta
306 406 39 21 har
363 407 72 27 äfven,
454 407 72 21 såsom
541 406 153 22 diskussionen
709 408 8 20 i
732 408 72 21 ämnet
818 407 40 22 hos

104 441 152 28 ridderskapet
274 440 45 22 och
331 440 62 22 adeln
409 441 111 28 upplyser,
537 441 72 21 blifvit
624 441 103 29 intygadt
742 443 25 21 af
778 443 81 21 tvänne

104 475 119 21 ledamöter
242 476 6 20 i
270 475 168 28 öfverstyrelsen
458 476 34 20 för
511 476 51 27 väg-
578 475 40 21 och
634 475 225 23 vattenkommunika-

105 510 109 24 tionerna;
237 508 41 22 och
298 509 27 21 då
341 509 120 21 kostnaden
478 510 34 21 för
526 509 71 22 denna
613 509 63 21 kanal
692 510 68 28 enligt
774 510 37 22 det
826 517 33 15 se-

105 551 52 13 nare
173 543 210 29 kostnadsförslaget
400 544 70 20 blefve
485 543 83 30 ganska
583 544 63 29 ringa
657 544 7 20 i
673 544 126 28 jemförelse
810 544 49 21 med

106 578 42 21 den
163 581 68 25 nytta,
250 577 126 30 derigenom
395 578 70 21 skulle
482 577 88 22 beredas
586 578 58 21 elfva
659 578 115 27 särskilda,
789 578 38 21 vid
842 578 17 21 i-

105 612 157 29 frågavarande
278 611 129 30 vattendrag
423 612 93 28 belägna
531 612 99 27 socknar,
645 613 24 21 så
679 613 68 28 vågar
755 613 39 28 jag
805 612 54 29 hop-

105 654 40 21 pas
168 650 31 18 att
222 647 181 27 borgareståndet
425 646 85 22 bifaller
532 647 48 21 mitt
602 647 85 28 förslag
706 654 34 14 om
759 654 47 14 rum
825 647 34 21 för

105 681 94 21 nämnda
214 681 147 28 kanalisering
376 681 49 21 näst
440 681 54 21 efter
508 681 38 21 det
557 681 34 21 för
602 681 92 21 kanalen
707 681 91 22 emellan
809 680 51 22 Päi-

103 716 51 27 jäne
169 715 41 21 och
227 714 126 29 Wesijärvi,
369 715 56 21 helst
440 715 76 28 anslag
531 715 35 21 för
576 715 60 22 detta
648 715 73 22 arbete
732 715 65 22 redan
809 715 50 22 blif-

106 749 33 21 vit
155 749 104 28 beviljadt
273 750 18 27 ej
309 749 55 22 blott
379 750 25 21 af
416 749 152 29 ridderskapet
582 749 42 22 och
639 749 71 28 adeln,
725 753 50 18 utan
791 749 68 22 ocksä

106 784 24 21 af
143 783 27 22 de
186 784 70 28 bägge
271 784 72 27 öfriga
358 783 98 22 ständen.

176 823 58 22 Herr
250 823 137 21 Thermön:
424 823 76 22 Såsom
523 826 149 26 representant
690 824 34 21 för
743 823 41 22 den
803 823 56 28 stad,

107 865 46 14 som
173 857 70 29 ligger
261 858 95 21 närmast
374 857 32 22 till
422 857 162 28 Walkiakoski,
600 858 69 21 skulle
681 859 40 28 jag
734 858 66 21 hafva
814 858 45 21 sär-

107 891 58 22 skild
185 892 117 28 anledning
321 895 31 18 att
367 892 88 21 förorda
469 891 41 22 den
529 892 125 29 föreslagna
670 892 92 21 kanalen
777 892 82 21 derstä-

108 927 45 26 des,
171 934 48 13 men
239 927 74 28 tyvärr
328 926 43 21 kan
383 926 39 29 jag
437 927 19 27 ej
472 927 53 28 göra
540 926 42 21 det.
619 926 45 29 Jag
679 933 62 14 anser
755 925 52 23 dess
822 933 37 14 an-

107 961 106 28 läggning
235 968 51 14 vara
308 960 45 21 helt
375 961 41 20 och
434 960 68 22 hållet
520 968 26 14 en
564 961 146 27 framtidssak,
725 967 46 15 som
786 960 73 21 kunde

108 995 99 21 medföra
226 998 61 25 nyttä
305 995 6 21 i
328 994 102 23 händelse
444 995 49 21 stad
508 995 116 22 framdeles
640 995 71 22 blefve
727 994 80 29 anlagd
822 995 38 21 vid

108 1029 37 22 det
164 1029 165 28 ifrägavarande
344 1029 158 29 vattendraget,
516 1029 25 22 sä
555 1032 32 18 att
601 1029 71 28 nägon
687 1029 173 22 handelsrörelse

108 1064 28 27 pä
147 1064 119 21 detsamma
277 1063 72 22 kunde
360 1063 86 28 uppstä.
468 1063 45 22 För
524 1063 141 28 närvarande,
677 1063 29 22 dä
720 1063 43 21 slik
778 1063 81 21 rörelse

108 1098 48 21 icke
171 1098 104 21 existerar
290 1097 41 22 och
345 1098 19 27 ej
381 1097 68 22 heller
464 1099 23 20 är
502 1100 32 18 att
549 1097 91 28 hoppas,
652 1100 36 19 vet
697 1098 38 28 jag
747 1097 112 28 verkligen

107 1132 50 22 icke
175 1131 87 22 hvartill
281 1131 41 22 den
341 1132 129 22 omnämnda
485 1132 91 22 kanalen
592 1131 70 22 skulle
676 1132 65 28 tjena.
777 1131 83 23 Dessu-

108 1170 45 17 tom
169 1166 74 27 mäste,
259 1166 34 21 för
308 1169 33 18 att
354 1166 72 22 denna
440 1166 64 22 kanal
520 1166 56 21 skall
591 1166 74 21 kunna
679 1166 98 22 medföra
787 1165 73 29 nägon

108 1204 69 24 nyttä,
201 1200 64 21 äfven
287 1208 26 14 en
335 1200 137 28 praktikabel
492 1200 68 22 farled
579 1200 145 29 ovilkorligen
738 1206 122 22 upprensas

108 1235 91 21 emellan
221 1234 155 22 Walkiakoski
398 1235 42 21 och
459 1234 141 28 Tavastehus,
616 1238 31 25 ty,
665 1234 68 29 enligt
751 1234 58 21 hvad
821 1234 40 28 jag

108 1270 35 20 för
162 1270 48 21 icke
229 1269 51 28 läng
298 1269 31 21 tid
347 1269 93 21 tillbaka
455 1269 142 29 öfvertygade
612 1269 45 29 mig
672 1276 41 20 om,
729 1268 23 21 är
766 1267 95 22 Mierola

108 1304 53 26 fors,
183 1304 6 20 i
212 1303 151 28 vattendraget
385 1304 91 20 emellan
494 1302 142 29 Wanajavesi
659 1303 40 21 och
718 1301 143 28 Tavastehus,

108 1338 35 20 för
159 1337 134 21 närvarande
308 1337 48 22 icke
372 1338 79 21 farbar.
480 1338 42 20 Att
536 1338 38 21 två
589 1338 76 22 skutor
680 1336 28 29 gå
723 1336 28 28 pä
765 1336 96 28 Längel-

107 1372 81 20 mävesi
203 1372 41 20 och
259 1379 26 13 en
301 1372 28 27 pä
345 1370 147 30 Wanajavesi,
508 1378 65 22 synes
588 1371 44 28 mig
648 1370 48 22 icke
709 1370 74 22 bevisa
793 1370 68 28 nägot

106 1405 97 21 särdeles
225 1406 34 21 för
281 1405 163 29 behöfligheten
468 1406 24 20 af
511 1406 42 21 den
576 1404 164 29 ifrägavarande
762 1404 99 24 kanalen,

107 1439 68 21 Emot
196 1440 59 21 detta
277 1440 86 28 företag
382 1440 43 22 tala
441 1440 81 28 jemväl
541 1440 27 22 de
590 1438 55 30 skäl,
661 1446 46 16 som
722 1438 67 23 redan
804 1438 59 23 förut
