1031 1700
799 142 41 23 257

114 204 42 23 ska
167 204 105 26 fördelar,
288 211 47 14 som
350 204 70 21 denna
432 204 241 29 jernvägsanläggning
687 204 85 23 komme
783 208 32 19 att
825 205 44 23 till-

115 238 86 28 skynda
216 241 77 24 staten;
315 238 38 21 äro
371 238 7 20 i
398 237 118 22 allmänhet
534 238 161 29 oberäkneliga,
711 238 40 22 och
767 239 34 21 tili
816 240 53 28 följe

114 272 66 22 deraf
199 272 43 24 kan
258 272 39 28 jag
316 272 19 28 ej
353 272 59 23 finna
428 274 66 19 annat
508 272 27 21 än
552 276 31 21 att
597 272 37 22 det
646 272 159 30 jemförelsevis
819 274 50 22 derr

115 306 50 23 med
181 306 64 30 ringa
260 306 99 28 bidraget
375 306 66 25 borde
457 306 98 29 beviljas.
584 306 62 24 Bäde
660 306 153 29 ridderskapet
827 307 42 22 och

114 341 66 22 adeln
202 344 56 18 samt
279 340 157 22 bondeståndet
458 340 65 22 hafva
545 340 66 22 redan
630 341 34 21 för
683 341 33 22 sin
734 341 36 22 del
789 341 80 22 bifallit

115 375 80 27 dertill,
217 375 109 26 hvarföre,
345 382 35 14 om
399 374 180 28 borgareständet
594 375 105 22 stannade
713 375 8 23 i
735 382 82 18 samma
832 376 37 22 be-

114 409 45 21 slut
181 408 42 22 och
241 412 33 18 tre
292 408 63 22 ständ
373 409 84 21 säledes
473 416 52 15 vore
540 409 7 21 i
563 409 75 29 frägan
653 416 58 20 ense,
727 410 36 22 det
776 409 93 24 afsedda

115 444 114 24 resultatet
243 442 62 22 torde
319 443 73 21 kunna
407 443 7 21 i
429 443 264 29 sammanjemkningsväg
708 444 83 22 vinnas.

184 482 57 26 Herr
255 482 142 25 Sundman;
426 483 36 24 Dä
474 484 39 28 jag
528 482 116 25 förordade
657 483 70 23 banan
738 483 129 24 Riihimäki-

115 517 78 22 Lahtis
211 518 90 22 framför
319 516 366 28 Tavastehus-Tammerforslinien,
705 518 112 28 grundade
828 519 39 28 jag

115 552 46 22 min
179 552 64 29 åsigt,
261 554 59 20 utom
340 552 27 28 på
381 552 28 21 de
424 552 25 21 af
461 552 44 29 mig
520 552 28 24 då
564 552 91 23 anförda
670 552 55 27 skäl,
739 552 66 24 äfven
819 552 48 23 der-

115 587 30 28 på
167 589 38 25 att,
227 587 71 24 såsom
320 581 49 28 herr
386 585 115 25 Hackman
520 586 106 28 anmärkt,
645 587 52 21 våra
712 587 117 28 jernvägar
847 587 19 28 ej

114 616 47 30 förr
176 621 73 24 kunna
263 621 68 24 blifya
345 620 134 24 renderande
494 621 27 21 än
536 621 28 24 de
579 621 173 24 sammanbindas
766 620 50 25 med
830 620 38 23 det

115 658 60 19 stora
189 655 128 29 europeiska
329 655 171 29 jernvägsnätet.
530 655 44 29 Jag
590 658 60 25 tager
661 655 108 28 nemligen
781 655 34 21 för
825 655 42 28 gif-

115 692 44 25 vet,
173 693 32 18 att
219 689 70 22 denna
301 690 93 30 jernväg
408 689 49 24 icke
472 689 34 22 för
521 689 63 24 alltid
599 689 95 24 kommer
709 693 32 18 att
756 689 58 23 sluta
829 689 38 22 vid

115 724 86 27 Lahtis,
213 723 70 25 likasä
294 723 48 23 litet
357 731 46 14 som
418 727 32 19 att
464 723 42 23 den
518 723 32 22 till
563 723 145 25 Tammerfors
720 723 39 22 har
769 723 34 22 sin
813 723 54 22 slut-

114 759 46 28 liga
175 759 66 28 gräns
260 757 37 24 vid
312 757 118 29 Näsijärvi.
460 757 58 25 Herr
532 757 108 25 Thermen
659 757 38 22 har
711 758 112 21 omnämnt
839 757 28 23 de

114 793 108 32 äfventyr,
241 799 46 17 som
305 793 66 23 mötte
390 792 41 23 den
447 792 87 29 ångbåt,
549 791 89 23 hvilken
653 791 115 32 passerade
783 795 84 20 vatten-

114 827 83 29 dragen
213 827 90 21 emellan
319 826 146 25 Tammerfors
481 827 41 22 och
538 826 143 25 Tavastehus.
712 825 70 23 Sannt
797 827 23 21 är
835 829 32 18 att

114 861 73 24 denna
204 869 49 14 resa
270 869 38 13 var
327 860 66 29 något
408 861 139 28 äfventyrlig,
562 868 49 17 men
626 861 92 24 orsaken
733 860 72 22 dertill
820 867 47 20 var,

114 899 34 20 att
170 896 63 27 sund,
255 903 46 14 som
320 895 120 24 sedermera
459 895 73 22 blifvit
546 895 142 30 upprensade,
703 894 28 22 då
746 895 57 20 ännu
818 894 49 22 icke

115 937 54 24 voro
187 930 43 21 det,
267 929 78 24 Såsom
365 932 31 19 ett
414 929 60 23 bevis
493 929 27 32 på
535 929 59 23 hvad
606 930 39 28 jag
661 930 70 23 anfört
746 936 35 15 om
796 928 71 23 denna

114 964 269 29 vattenkommunikation,
401 964 38 23 ber
454 964 38 29 jag
511 964 22 24 få
550 963 94 31 åberopa
663 963 36 22 det
717 963 107 29 yttrande,
839 969 27 16 en

115 999 24 21 af
159 998 151 32 ridderskapet
331 998 40 21 och
392 998 75 22 adelns
487 998 119 23 ledamöter
624 998 87 29 afgifvit
729 1005 35 15 om
779 996 42 22 den
836 1004 29 16 nu

114 1032 67 22 redan
194 1033 49 21 fullt
254 1031 138 29 praktikabla
402 1031 98 22 farleden
511 1032 47 24 från
570 1031 135 24 Tavastehus
716 1031 33 24 till
761 1030 104 29 Wanaja-

114 1067 47 21 vesi
177 1067 41 21 och
233 1067 27 21 än
275 1066 75 29 längre
366 1067 60 21 fram,
461 1066 58 25 Herr
535 1066 106 23 Thermfgn
658 1066 38 21 har
711 1065 74 24 vidare
801 1066 64 21 fram-

114 1101 73 22 kastat
208 1101 76 22 tvifvel
307 1104 57 18 emot
382 1100 212 29 kostnadsförslaget
612 1101 33 20 till
664 1100 91 24 kanalen
773 1099 93 22 emellan

114 1135 89 29 Päijäne
226 1136 41 20 och
289 1135 125 29 Wesijärvi,
450 1135 42 21 Att
510 1135 60 22 detta
587 1135 188 28 kostnadsförslag
793 1135 24 21 är
832 1131 38 27 för

114 1170 54 28 lågt,
187 1170 42 21 kan
246 1177 50 15 vara
311 1177 26 14 en
352 1169 120 31 möjlighet,
487 1177 48 16 men
550 1170 119 23 detsamma
683 1169 44 21 kan
742 1169 65 22 äfven
823 1169 44 21 före

113 1204 112 24 hällandet
240 1211 52 16 vara
306 1203 49 25 med
371 1204 212 28 kostnadsförslaget
594 1207 15 20 t,
621 1211 34 14 ex.
666 1204 32 22 till
711 1202 156 24 Tammerfors»

115 1238 77 22 banan,
221 1237 45 23 Det
281 1246 40 14 ena
335 1239 24 20 är
373 1238 46 22 lika
434 1238 85 29 möjligt
534 1246 46 16 som
596 1238 36 21 det
648 1238 73 22 andra.

183 1278 58 25 Herr
256 1277 97 25 Mölsä;
383 1277 45 29 Jag
443 1277 39 22 har
497 1278 76 28 begärt
587 1277 62 24 ordet
664 1278 7 21 i
686 1276 117 28 anledning
818 1275 49 23 der»

114 1313 29 26 af,
160 1315 31 19 att
206 1320 49 14 man
271 1316 52 20 trott
339 1312 34 28 sig
387 1312 59 22 finna
460 1320 27 14 en
502 1312 130 28 motsägelse
647 1312 8 22 i
666 1315 31 20 ett
708 1311 25 22 af
740 1310 58 24 mina
810 1310 56 23 före,

114 1346 83 29 gående
216 1346 115 29 yttranden
346 1346 8 23 i
369 1346 70 24 denna
454 1346 68 29 fråga.
558 1346 77 23 Denna
650 1345 131 29 motsägelse
796 1345 71 24 skulle

115 1381 61 21 bestå
191 1380 53 27 deri,
259 1383 31 20 att
302 1381 39 28 jag
356 1380 88 23 förmält
458 1380 38 25 det
507 1388 81 15 samma
599 1380 58 25 trakt
668 1387 52 17 vore
730 1380 29 30 på
770 1387 27 14 en
808 1380 58 28 gång

114 1414 66 22 odlad
203 1415 41 21 och
266 1415 48 21 icke
333 1415 72 21 odlad.
426 1409 11 37 '
442 1414 67 24 Detta
527 1415 39 21 har
578 1415 38 27 jag
631 1414 68 22 likväl
714 1414 49 24 icke
777 1413 89 29 påstått,

113 1452 51 22 ntan
187 1449 77 24 endast
285 1448 126 29 framhållit,
432 1452 32 19 att
483 1448 279 26 Riihimäki-Tahtisbanan
781 1448 86 24 komme
