1031 1700
800 137 41 25 127

118 205 69 25 vande
203 205 24 25 af
239 204 36 26 det
290 210 172 27 postmästarene
478 208 92 30 tillagda
585 205 80 26 arvode
681 206 33 25 för
729 209 140 31 utdelningen

118 244 24 20 af
155 243 47 21 med
219 247 76 24 posten
311 243 90 21 afsända
416 243 110 29 tidningar
542 243 41 22 och
598 244 127 21 tidskrifter.

186 282 63 23 Efter
271 283 36 21 det
330 283 114 28 välloflige
467 283 179 28 borgareständet
665 284 32 20 till
716 283 98 22 enskilda
834 285 36 21 be-

118 318 169 21 svärsutskottet
306 318 142 21 öfverlemnat
466 318 59 20 detta
543 318 79 21 ärende
640 318 6 21 i
663 318 100 22 afseende
778 318 13 22 ä
806 318 65 28 afgif-

117 352 70 22 vande
211 353 24 20 af
251 352 99 28 yttrande
369 352 56 26 deri;
441 352 39 20 har
496 352 106 21 utskottet
616 352 22 21 af
653 352 148 22 förstnämnda
816 352 55 28 peti-

117 386 168 21 tionsmemorial
302 386 104 21 inhemtat
421 388 41 24 att,
477 382 70 32 enligt
562 386 56 21 hvad
634 387 153 27 petitionären,
799 385 72 23 landt-

106 439 2 2 -
117 420 146 28 dagsmannen
279 420 76 21 Pekka
369 419 161 29 Kumpulainen
543 420 111 28 upplyser,
666 421 123 27 postverket
800 421 7 21 i
819 420 51 22 Fin-

116 454 52 21 land
191 454 95 22 hvarken
305 454 6 21 i
331 454 105 22 snabbhet
450 454 57 21 eller
527 454 99 28 billighet
641 452 54 24 skall
712 458 109 18 motsvara
835 454 34 22 sin

118 488 157 27 bestämmelse,
293 488 54 22 eller
362 492 30 18 ett
407 488 134 22 civiliseradt
556 488 41 22 och
612 488 183 29 näringsidkande
811 489 58 21 folks

118 522 153 22 hofsammaste
293 522 124 29 fordringar
435 522 7 21 i
460 521 102 23 afseende
581 523 13 21 å
610 523 145 28 brefvexling,
770 526 62 24 utan,
846 530 23 14 e-

117 556 55 23 huru
195 560 124 25 postportot
340 558 24 20 är
386 557 24 21 sä
432 556 50 29 dyrt
501 560 31 18 att
551 564 49 15 man
615 557 35 22 för
664 557 118 22 detsamma
795 555 74 24 kunde

117 591 74 22 fordra
205 592 42 21 den
263 592 60 21 bästa
339 591 184 28 postförbindelse
537 592 8 21 i
561 591 49 22 hela
624 591 101 28 Europa,
737 591 132 28 postförbin-

117 625 74 22 delsen
214 626 40 21 hos
276 633 35 14 oss
335 626 23 21 är
377 625 41 21 den
438 625 172 30 ögonskerligen
626 627 80 20 sämsta
721 629 58 18 samt
793 625 76 22 endast

116 660 135 28 någorlunda
267 660 109 28 uppfyller
392 659 211 28 korresponderisens
616 660 122 29 fordtingar
749 659 121 22 stadsinne-

114 688 108 27 vänarene
238 694 101 26 emellan,
355 701 47 14 men
418 693 97 22 deremot
530 695 52 28 föga
597 695 57 21 afser
668 691 152 26 landtboernas
833 695 36 21 be-

117 728 45 21 hof.
193 727 53 22 Med
262 728 100 21 afseende
378 728 62 27 härä,
455 736 49 13 men
519 728 69 22 under
603 729 136 22 erkännande
753 729 68 21 likväl
837 731 32 19 att

116 763 127 28 postverket
261 762 26 21 de
305 769 76 14 senare
396 763 51 20 ären
462 763 57 21 visat
534 763 70 28 nägon
620 763 89 22 tendens
725 763 33 22 till
773 763 96 22 införan-

116 797 28 21 de
166 797 24 21 af
206 797 163 28 förbättringar,
389 797 74 21 hvilka
478 797 57 21 dock
550 797 48 21 icke
614 797 87 22 förmätt
716 797 28 28 pä
759 797 110 22 verksam-

117 839 58 13 mare
195 832 42 20 sätt
252 835 58 24 yttra
325 831 44 28 sig,
384 831 52 21 enär
450 831 38 21 det
503 831 70 29 dryga
588 835 124 24 postportot
727 831 142 22 oförändradt

117 865 134 27 bibehållits,
275 865 139 29 hvarigenom
439 865 175 28 brefvexlingens
637 865 128 29 tilltagande
787 865 82 22 förhin-

117 900 72 26 drats,
204 899 32 21 till
253 903 54 17 stort
322 906 48 14 men
387 900 33 20 för
436 899 38 22 allt
490 899 194 22 framätskridande
699 899 40 22 och
755 900 63 21 äfven
834 900 35 21 för

117 934 126 27 postverket
257 934 68 27 sjelft,
345 933 63 22 hvars
424 933 118 22 inkomster
558 931 124 32 derigenom
697 933 44 22 lida
757 934 27 21 än
799 934 70 21 större

117 968 170 28 förminskning,
313 968 67 21 fäster
406 968 144 27 petitionären
573 967 217 29 tppmärksamheten
817 968 52 22 derä

117 1006 41 21 att,
182 1002 27 27 pä
228 1003 42 20 sätt
290 1009 47 13 man
357 1002 42 21 ock
415 1002 163 28 förnuftsenligt
594 1003 65 20 borde
675 1003 55 26 inse,
747 1001 123 22 erfarenhe-

117 1039 34 18 ten
169 1036 5 20 i
191 1036 66 21 andra
276 1036 75 21 länder
366 1036 127 28 ådagalagt,
508 1040 32 17 att
551 1037 24 28 ju
591 1037 60 28 lägre
667 1035 154 30 portoafgiften
837 1037 32 27 är,

117 1070 109 21 dessmera
241 1070 77 21 anlitas
335 1073 75 24 posten
426 1069 40 22 och
482 1070 54 21 ökas
551 1070 49 21 dess
616 1070 125 27 inkomster;
756 1073 55 18 samt
825 1070 44 21 sät-

117 1107 32 18 tes
169 1103 41 22 den
230 1104 6 21 i
255 1104 86 21 tillfälle
357 1107 30 18 att
403 1105 100 27 uppfyllä
518 1105 33 20 sin
567 1104 57 29 höga
640 1104 157 27 bestämmelse,
813 1104 56 21 hvil-

117 1139 41 20 ken
181 1139 92 27 sanning
296 1139 47 20 icke
367 1138 67 22 borde
459 1138 132 22 beträffande
611 1138 126 28 postverket
751 1138 7 21 i
773 1133 95 27 Finland

117 1172 98 22 förbises.
252 1172 72 22 Jemte
347 1172 36 21 det
406 1172 142 28 petitionären
572 1172 74 22 vidare
664 1172 111 29 upplyser,
794 1176 31 17 att
840 1180 28 14 nu

116 1206 101 28 gällande
240 1211 125 23 postportos
389 1206 139 29 nedsättning
547 1207 33 21 till
600 1206 81 22 hälften
700 1214 52 14 vore
767 1209 32 18 ett
813 1209 56 18 stort

117 1241 114 28 framsteg,
247 1240 82 21 hvilket
345 1241 53 21 efter
415 1241 155 27 petitionärens
586 1241 112 21 förmodan
713 1241 19 27 ej
748 1247 38 14 ens
801 1240 68 22 under

116 1275 70 27 första
209 1275 45 20 året
276 1275 70 20 skulle
368 1274 97 22 medföra
484 1275 161 28 förminskning
663 1276 7 20 i
685 1274 136 29 postverkets
837 1275 32 20 in-

116 1309 103 26 komster,
243 1309 122 21 framhåller
388 1308 143 29 petitionären
554 1312 42 24 att,
615 1317 34 13 om
668 1309 66 21 sådan
753 1306 116 24 förminsk-

116 1343 53 27 ning
184 1342 85 22 komme
285 1346 31 18 att
331 1343 96 27 inträffa,
443 1343 42 21 den
501 1351 78 21 genom
595 1344 126 28 tilltagande
733 1342 136 30 brefvexling

116 1376 27 22 de
163 1377 94 28 följande
276 1377 49 21 åren
342 1377 71 21 skulle
428 1377 145 29 mångfaldigt
587 1379 100 24 ersättas;
710 1377 101 21 hvarföre
827 1378 42 21 och

116 1410 28 22 då
160 1411 127 27 postverket
302 1411 48 21 icke
367 1412 65 20 borde
448 1410 111 23 betraktas
575 1412 91 22 allenast
681 1412 70 20 såsom
763 1419 25 13 en
801 1411 68 21 vinst-

115 1445 104 28 gifvande
238 1445 145 23 handelsaffär
399 1446 33 21 för
447 1448 80 26 staten,
544 1449 50 19 utan
611 1446 42 21 ock
667 1446 71 21 såsom
754 1448 31 19 ett
800 1444 69 24 medel
