<?xml version="1.0" encoding="UTF-8"?>
<alto xmlns="http://www.loc.gov/standards/alto/ns-v3#" xmlns:xlink="http://www.w3.org/1999/xlink" xmlns:xsi="http://www.w3.org/2001/XMLSchema-instance" xsi:schemaLocation="http://www.loc.gov/standards/alto/ns-v3# http://www.loc.gov/alto/v3/alto-3-0.xsd">
	<Description>
		<MeasurementUnit>pixel</MeasurementUnit>
		<sourceImageInformation>
			<fileName>/tmp/tess_n_8tsg9n_input.PNG</fileName>
		</sourceImageInformation>
		<OCRProcessing ID="OCR_0">
			<ocrProcessingStep>
				<processingSoftware>
					<softwareName>tesseract 5.3.4</softwareName>
				</processingSoftware>
			</ocrProcessingStep>
		</OCRProcessing>
	</Description>
	<Layout>
		<Page WIDTH="1031" HEIGHT="1700" PHYSICAL_IMG_NR="0" ID="page_0">
			<PrintSpace HPOS="0" VPOS="0" WIDTH="1031" HEIGHT="1700">
				<ComposedBlock ID="cblock_0" HPOS="795" VPOS="134" WIDTH="42" HEIGHT="20">
					<TextBlock ID="block_0" HPOS="795" VPOS="134" WIDTH="42" HEIGHT="20">
						<TextLine ID="line_0" HPOS="795" VPOS="134" WIDTH="42" HEIGHT="20">
							<String ID="string_0" HPOS="795" VPOS="134" WIDTH="42" HEIGHT="20" WC="0.96" CONTENT="507"/>
						</TextLine>
					</TextBlock>
				</ComposedBlock>
				<ComposedBlock ID="cblock_1" HPOS="112" VPOS="192" WIDTH="757" HEIGHT="483">
					<TextBlock ID="block_1" HPOS="112" VPOS="192" WIDTH="754" HEIGHT="63">
						<TextLine ID="line_1" HPOS="112" VPOS="192" WIDTH="754" HEIGHT="32">
							<String ID="string_1" HPOS="112" VPOS="193" WIDTH="105" HEIGHT="28" WC="0.92" CONTENT="afslagen,"/><SP WIDTH="15" VPOS="193" HPOS="217"/>
							<String ID="string_2" HPOS="232" VPOS="192" WIDTH="89" HEIGHT="24" WC="0.92" CONTENT="hvarom"/><SP WIDTH="15" VPOS="192" HPOS="321"/>
							<String ID="string_3" HPOS="336" VPOS="192" WIDTH="150" HEIGHT="29" WC="0.90" CONTENT="ridderskapet"/><SP WIDTH="16" VPOS="192" HPOS="486"/>
							<String ID="string_4" HPOS="502" VPOS="192" WIDTH="41" HEIGHT="24" WC="0.93" CONTENT="och"/><SP WIDTH="16" VPOS="192" HPOS="543"/>
							<String ID="string_5" HPOS="559" VPOS="193" WIDTH="63" HEIGHT="23" WC="0.92" CONTENT="adeln"/><SP WIDTH="16" VPOS="193" HPOS="622"/>
							<String ID="string_6" HPOS="638" VPOS="194" WIDTH="70" HEIGHT="24" WC="0.95" CONTENT="skulle"/><SP WIDTH="14" VPOS="194" HPOS="708"/>
							<String ID="string_7" HPOS="722" VPOS="202" WIDTH="79" HEIGHT="21" WC="0.92" CONTENT="genom"/><SP WIDTH="14" VPOS="202" HPOS="801"/>
							<String ID="string_8" HPOS="815" VPOS="202" WIDTH="51" HEIGHT="22" WC="0.92" CONTENT="pro-"/>
						</TextLine>
						<TextLine ID="line_2" HPOS="112" VPOS="226" WIDTH="317" HEIGHT="29">
							<String ID="string_9" HPOS="112" VPOS="226" WIDTH="161" HEIGHT="29" WC="0.92" CONTENT="tokollsutdrag"/><SP WIDTH="14" VPOS="226" HPOS="273"/>
							<String ID="string_10" HPOS="287" VPOS="227" WIDTH="142" HEIGHT="22" WC="0.90" CONTENT="underrättas."/>
						</TextLine>
					</TextBlock>
					<TextBlock ID="block_2" HPOS="112" VPOS="266" WIDTH="757" HEIGHT="228">
						<TextLine ID="line_3" HPOS="181" VPOS="266" WIDTH="685" HEIGHT="26">
							<String ID="string_11" HPOS="181" VPOS="266" WIDTH="76" HEIGHT="23" WC="0.89" CONTENT="Under"/><SP WIDTH="19" VPOS="266" HPOS="257"/>
							<String ID="string_12" HPOS="276" VPOS="266" WIDTH="118" HEIGHT="22" WC="0.89" CONTENT="anförande"/><SP WIDTH="18" VPOS="266" HPOS="394"/>
							<String ID="string_13" HPOS="412" VPOS="268" WIDTH="24" HEIGHT="20" WC="0.93" CONTENT="af"/><SP WIDTH="14" VPOS="268" HPOS="436"/>
							<String ID="string_14" HPOS="450" VPOS="267" WIDTH="90" HEIGHT="24" WC="0.93" CONTENT="friherre"/><SP WIDTH="16" VPOS="267" HPOS="540"/>
							<String ID="string_15" HPOS="556" VPOS="267" WIDTH="78" HEIGHT="23" WC="0.93" CONTENT="Mellin"/><SP WIDTH="15" VPOS="267" HPOS="634"/>
							<String ID="string_16" HPOS="649" VPOS="269" WIDTH="124" HEIGHT="23" WC="0.92" CONTENT="företrädde"/><SP WIDTH="15" VPOS="269" HPOS="773"/>
							<String ID="string_17" HPOS="788" VPOS="277" WIDTH="27" HEIGHT="14" WC="0.93" CONTENT="en"/><SP WIDTH="14" VPOS="277" HPOS="815"/>
							<String ID="string_18" HPOS="829" VPOS="270" WIDTH="37" HEIGHT="22" WC="0.92" CONTENT="de-"/>
						</TextLine>
						<TextLine ID="line_4" HPOS="112" VPOS="300" WIDTH="754" HEIGHT="32">
							<String ID="string_19" HPOS="112" VPOS="300" WIDTH="99" HEIGHT="32" WC="0.91" CONTENT="putation"/><SP WIDTH="19" VPOS="300" HPOS="211"/>
							<String ID="string_20" HPOS="230" VPOS="300" WIDTH="46" HEIGHT="21" WC="0.91" CONTENT="frän"/><SP WIDTH="20" VPOS="300" HPOS="276"/>
							<String ID="string_21" HPOS="296" VPOS="300" WIDTH="151" HEIGHT="29" WC="0.92" CONTENT="ridderskapet"/><SP WIDTH="15" VPOS="300" HPOS="447"/>
							<String ID="string_22" HPOS="462" VPOS="302" WIDTH="41" HEIGHT="20" WC="0.93" CONTENT="och"/><SP WIDTH="15" VPOS="302" HPOS="503"/>
							<String ID="string_23" HPOS="518" VPOS="302" WIDTH="65" HEIGHT="22" WC="0.93" CONTENT="adeln"/><SP WIDTH="16" VPOS="302" HPOS="583"/>
							<String ID="string_24" HPOS="599" VPOS="306" WIDTH="56" HEIGHT="19" WC="0.93" CONTENT="samt"/><SP WIDTH="15" VPOS="306" HPOS="655"/>
							<String ID="string_25" HPOS="670" VPOS="303" WIDTH="147" HEIGHT="29" WC="0.90" CONTENT="tillkännagaf"/><SP WIDTH="12" VPOS="303" HPOS="817"/>
							<String ID="string_26" HPOS="829" VPOS="312" WIDTH="37" HEIGHT="20" WC="0.93" CONTENT="ge-"/>
						</TextLine>
						<TextLine ID="line_5" HPOS="114" VPOS="334" WIDTH="755" HEIGHT="32">
							<String ID="string_27" HPOS="114" VPOS="341" WIDTH="51" HEIGHT="14" WC="0.93" CONTENT="nom"/><SP WIDTH="12" VPOS="341" HPOS="165"/>
							<String ID="string_28" HPOS="177" VPOS="334" WIDTH="97" HEIGHT="24" WC="0.92" CONTENT="bemälde"/><SP WIDTH="15" VPOS="334" HPOS="274"/>
							<String ID="string_29" HPOS="289" VPOS="334" WIDTH="98" HEIGHT="28" WC="0.90" CONTENT="friherre,"/><SP WIDTH="15" VPOS="334" HPOS="387"/>
							<String ID="string_30" HPOS="402" VPOS="338" WIDTH="32" HEIGHT="18" WC="0.93" CONTENT="att"/><SP WIDTH="15" VPOS="338" HPOS="434"/>
							<String ID="string_31" HPOS="449" VPOS="335" WIDTH="153" HEIGHT="29" WC="0.93" CONTENT="ridderskapet"/><SP WIDTH="14" VPOS="335" HPOS="602"/>
							<String ID="string_32" HPOS="616" VPOS="336" WIDTH="42" HEIGHT="24" WC="0.93" CONTENT="och"/><SP WIDTH="15" VPOS="336" HPOS="658"/>
							<String ID="string_33" HPOS="673" VPOS="337" WIDTH="70" HEIGHT="27" WC="0.92" CONTENT="adeln,"/><SP WIDTH="15" VPOS="337" HPOS="743"/>
							<String ID="string_34" HPOS="758" VPOS="338" WIDTH="29" HEIGHT="28" WC="0.97" CONTENT="pä"/><SP WIDTH="14" VPOS="338" HPOS="787"/>
							<String ID="string_35" HPOS="801" VPOS="337" WIDTH="28" HEIGHT="22" WC="0.97" CONTENT="de"/><SP WIDTH="15" VPOS="337" HPOS="829"/>
							<String ID="string_36" HPOS="844" VPOS="338" WIDTH="25" HEIGHT="21" WC="0.97" CONTENT="af"/>
						</TextLine>
						<TextLine ID="line_6" HPOS="113" VPOS="368" WIDTH="754" HEIGHT="31">
							<String ID="string_37" HPOS="113" VPOS="368" WIDTH="178" HEIGHT="28" WC="0.88" CONTENT="borgareständet"/><SP WIDTH="14" VPOS="368" HPOS="291"/>
							<String ID="string_38" HPOS="305" VPOS="369" WIDTH="125" HEIGHT="28" WC="0.92" CONTENT="förebragta"/><SP WIDTH="14" VPOS="369" HPOS="430"/>
							<String ID="string_39" HPOS="444" VPOS="370" WIDTH="55" HEIGHT="27" WC="0.96" CONTENT="skäl,"/><SP WIDTH="19" VPOS="370" HPOS="499"/>
							<String ID="string_40" HPOS="518" VPOS="370" WIDTH="86" HEIGHT="21" WC="0.96" CONTENT="förenat"/><SP WIDTH="14" VPOS="370" HPOS="604"/>
							<String ID="string_41" HPOS="618" VPOS="370" WIDTH="35" HEIGHT="29" WC="0.96" CONTENT="sig"/><SP WIDTH="14" VPOS="370" HPOS="653"/>
							<String ID="string_42" HPOS="667" VPOS="378" WIDTH="35" HEIGHT="14" WC="0.97" CONTENT="om"/><SP WIDTH="16" VPOS="378" HPOS="702"/>
							<String ID="string_43" HPOS="718" VPOS="371" WIDTH="37" HEIGHT="21" WC="0.96" CONTENT="det"/><SP WIDTH="14" VPOS="371" HPOS="755"/>
							<String ID="string_44" HPOS="769" VPOS="372" WIDTH="25" HEIGHT="24" WC="0.95" CONTENT="af"/><SP WIDTH="13" VPOS="372" HPOS="794"/>
							<String ID="string_45" HPOS="807" VPOS="371" WIDTH="60" HEIGHT="22" WC="0.96" CONTENT="detta"/>
						</TextLine>
						<TextLine ID="line_7" HPOS="113" VPOS="402" WIDTH="754" HEIGHT="33">
							<String ID="string_46" HPOS="113" VPOS="402" WIDTH="64" HEIGHT="22" WC="0.95" CONTENT="stånd"/><SP WIDTH="15" VPOS="402" HPOS="177"/>
							<String ID="string_47" HPOS="192" VPOS="403" WIDTH="81" HEIGHT="21" WC="0.96" CONTENT="fattade"/><SP WIDTH="15" VPOS="403" HPOS="273"/>
							<String ID="string_48" HPOS="288" VPOS="403" WIDTH="69" HEIGHT="23" WC="0.94" CONTENT="beslut"/><SP WIDTH="15" VPOS="403" HPOS="357"/>
							<String ID="string_49" HPOS="372" VPOS="403" WIDTH="7" HEIGHT="21" WC="0.93" CONTENT="i"/><SP WIDTH="13" VPOS="403" HPOS="379"/>
							<String ID="string_50" HPOS="392" VPOS="404" WIDTH="77" HEIGHT="28" WC="0.95" CONTENT="frågan"/><SP WIDTH="12" VPOS="404" HPOS="469"/>
							<String ID="string_51" HPOS="481" VPOS="412" WIDTH="35" HEIGHT="13" WC="0.93" CONTENT="om"/><SP WIDTH="12" VPOS="412" HPOS="516"/>
							<String ID="string_52" HPOS="528" VPOS="404" WIDTH="147" HEIGHT="30" WC="0.80" CONTENT="expeditions-"/><SP WIDTH="13" VPOS="404" HPOS="675"/>
							<String ID="string_53" HPOS="688" VPOS="406" WIDTH="40" HEIGHT="21" WC="0.93" CONTENT="och"/><SP WIDTH="9" VPOS="406" HPOS="728"/>
							<String ID="string_54" HPOS="737" VPOS="406" WIDTH="130" HEIGHT="29" WC="0.90" CONTENT="justerings-"/>
						</TextLine>
						<TextLine ID="line_8" HPOS="112" VPOS="436" WIDTH="755" HEIGHT="27">
							<String ID="string_55" HPOS="112" VPOS="436" WIDTH="123" HEIGHT="24" WC="0.84" CONTENT="utskottens"/><SP WIDTH="23" VPOS="436" HPOS="235"/>
							<String ID="string_56" HPOS="258" VPOS="437" WIDTH="201" HEIGHT="23" WC="0.84" CONTENT="sammanträdande"/><SP WIDTH="19" VPOS="437" HPOS="459"/>
							<String ID="string_57" HPOS="478" VPOS="438" WIDTH="8" HEIGHT="22" WC="0.96" CONTENT="i"/><SP WIDTH="18" VPOS="438" HPOS="486"/>
							<String ID="string_58" HPOS="504" VPOS="438" WIDTH="60" HEIGHT="22" WC="0.96" CONTENT="vissa"/><SP WIDTH="19" VPOS="438" HPOS="564"/>
							<String ID="string_59" HPOS="583" VPOS="438" WIDTH="38" HEIGHT="22" WC="0.93" CONTENT="fall"/><SP WIDTH="18" VPOS="438" HPOS="621"/>
							<String ID="string_60" HPOS="639" VPOS="438" WIDTH="72" HEIGHT="24" WC="0.96" CONTENT="såsom"/><SP WIDTH="15" VPOS="438" HPOS="711"/>
							<String ID="string_61" HPOS="726" VPOS="442" WIDTH="141" HEIGHT="21" WC="0.96" CONTENT="sammansatt"/>
						</TextLine>
						<TextLine ID="line_9" HPOS="112" VPOS="470" WIDTH="93" HEIGHT="24">
							<String ID="string_62" HPOS="112" VPOS="470" WIDTH="93" HEIGHT="24" WC="0.89" CONTENT="utskott."/>
						</TextLine>
					</TextBlock>
					<TextBlock ID="block_3" HPOS="113" VPOS="504" WIDTH="754" HEIGHT="101">
						<TextLine ID="line_10" HPOS="182" VPOS="504" WIDTH="685" HEIGHT="30">
							<String ID="string_63" HPOS="182" VPOS="504" WIDTH="71" HEIGHT="25" WC="0.93" CONTENT="Sedan"/><SP WIDTH="15" VPOS="504" HPOS="253"/>
							<String ID="string_64" HPOS="268" VPOS="505" WIDTH="153" HEIGHT="29" WC="0.91" CONTENT="deputationen"/><SP WIDTH="16" VPOS="505" HPOS="421"/>
							<String ID="string_65" HPOS="437" VPOS="506" WIDTH="113" HEIGHT="22" WC="0.93" CONTENT="betackats"/><SP WIDTH="16" VPOS="506" HPOS="550"/>
							<String ID="string_66" HPOS="566" VPOS="508" WIDTH="25" HEIGHT="21" WC="0.93" CONTENT="af"/><SP WIDTH="12" VPOS="508" HPOS="591"/>
							<String ID="string_67" HPOS="603" VPOS="507" WIDTH="48" HEIGHT="22" WC="0.93" CONTENT="herr"/><SP WIDTH="11" VPOS="507" HPOS="651"/>
							<String ID="string_68" HPOS="662" VPOS="508" WIDTH="151" HEIGHT="22" WC="0.92" CONTENT="talmannen"/><SP WIDTH="11" VPOS="508" HPOS="813"/>
							<String ID="string_69" HPOS="824" VPOS="509" WIDTH="43" HEIGHT="21" WC="0.96" CONTENT="och"/>
						</TextLine>
						<TextLine ID="line_11" HPOS="114" VPOS="538" WIDTH="752" HEIGHT="32">
							<String ID="string_70" HPOS="114" VPOS="538" WIDTH="89" HEIGHT="28" WC="0.84" CONTENT="afträdt,"/><SP WIDTH="18" VPOS="538" HPOS="203"/>
							<String ID="string_71" HPOS="221" VPOS="539" WIDTH="54" HEIGHT="22" WC="0.96" CONTENT="slöts"/><SP WIDTH="18" VPOS="539" HPOS="275"/>
							<String ID="string_72" HPOS="293" VPOS="540" WIDTH="168" HEIGHT="22" WC="0.96" CONTENT="sammanträdet"/><SP WIDTH="15" VPOS="540" HPOS="461"/>
							<String ID="string_73" HPOS="476" VPOS="541" WIDTH="94" HEIGHT="22" WC="0.96" CONTENT="klockan"/><SP WIDTH="16" VPOS="541" HPOS="570"/>
							<String ID="string_74" HPOS="586" VPOS="544" WIDTH="32" HEIGHT="19" WC="0.93" CONTENT="tre"/><SP WIDTH="16" VPOS="544" HPOS="618"/>
							<String ID="string_75" HPOS="634" VPOS="545" WIDTH="64" HEIGHT="25" WC="0.93" CONTENT="gvart"/><SP WIDTH="15" VPOS="545" HPOS="698"/>
							<String ID="string_76" HPOS="713" VPOS="542" WIDTH="32" HEIGHT="22" WC="0.96" CONTENT="till"/><SP WIDTH="14" VPOS="542" HPOS="745"/>
							<String ID="string_77" HPOS="759" VPOS="546" WIDTH="44" HEIGHT="23" WC="0.93" CONTENT="tre;"/><SP WIDTH="22" VPOS="546" HPOS="803"/>
							<String ID="string_78" HPOS="825" VPOS="543" WIDTH="41" HEIGHT="21" WC="0.96" CONTENT="och"/>
						</TextLine>
						<TextLine ID="line_12" HPOS="113" VPOS="572" WIDTH="700" HEIGHT="33">
							<String ID="string_79" HPOS="113" VPOS="572" WIDTH="71" HEIGHT="25" WC="0.93" CONTENT="skulle"/><SP WIDTH="15" VPOS="572" HPOS="184"/>
							<String ID="string_80" HPOS="199" VPOS="574" WIDTH="86" HEIGHT="25" WC="0.96" CONTENT="ståndet"/><SP WIDTH="14" VPOS="574" HPOS="285"/>
							<String ID="string_81" HPOS="299" VPOS="575" WIDTH="46" HEIGHT="21" WC="0.96" CONTENT="åter"/><SP WIDTH="16" VPOS="575" HPOS="345"/>
							<String ID="string_82" HPOS="361" VPOS="575" WIDTH="79" HEIGHT="24" WC="0.96" CONTENT="samlas"/><SP WIDTH="16" VPOS="575" HPOS="440"/>
							<String ID="string_83" HPOS="456" VPOS="575" WIDTH="96" HEIGHT="22" WC="0.96" CONTENT="klockan"/><SP WIDTH="15" VPOS="575" HPOS="552"/>
							<String ID="string_84" HPOS="567" VPOS="583" WIDTH="39" HEIGHT="17" WC="0.96" CONTENT="sex"/><SP WIDTH="14" VPOS="583" HPOS="606"/>
							<String ID="string_85" HPOS="620" VPOS="577" WIDTH="55" HEIGHT="21" WC="0.93" CONTENT="efter"/><SP WIDTH="14" VPOS="577" HPOS="675"/>
							<String ID="string_86" HPOS="689" VPOS="577" WIDTH="124" HEIGHT="28" WC="0.93" CONTENT="middagen."/>
						</TextLine>
					</TextBlock>
					<TextBlock ID="block_4" HPOS="570" VPOS="617" WIDTH="267" HEIGHT="58">
						<TextLine ID="line_13" HPOS="669" VPOS="617" WIDTH="94" HEIGHT="17">
							<String ID="string_87" HPOS="669" VPOS="617" WIDTH="22" HEIGHT="17" WC="0.96" CONTENT="In"/><SP WIDTH="12" VPOS="617" HPOS="691"/>
							<String ID="string_88" HPOS="703" VPOS="617" WIDTH="60" HEIGHT="17" WC="0.96" CONTENT="fidem:"/>
						</TextLine>
						<TextLine ID="line_14" HPOS="570" VPOS="648" WIDTH="267" HEIGHT="27">
							<String ID="string_89" HPOS="570" VPOS="649" WIDTH="91" HEIGHT="26" WC="0.95" CONTENT="Sixtus"/><SP WIDTH="15" VPOS="649" HPOS="661"/>
							<String ID="string_90" HPOS="676" VPOS="648" WIDTH="161" HEIGHT="27" WC="0.85" CONTENT="Calamnius,"/>
						</TextLine>
					</TextBlock>
				</ComposedBlock>
				<ComposedBlock ID="cblock_2" HPOS="327" VPOS="932" WIDTH="332" HEIGHT="34">
					<TextBlock ID="block_5" HPOS="327" VPOS="932" WIDTH="332" HEIGHT="34">
						<TextLine ID="line_15" HPOS="327" VPOS="932" WIDTH="332" HEIGHT="34">
							<String ID="string_91" HPOS="327" VPOS="932" WIDTH="132" HEIGHT="33" WC="0.93" CONTENT="Onsdagen"/><SP WIDTH="18" VPOS="932" HPOS="459"/>
							<String ID="string_92" HPOS="477" VPOS="933" WIDTH="49" HEIGHT="24" WC="0.96" CONTENT="den"/><SP WIDTH="21" VPOS="933" HPOS="526"/>
							<String ID="string_93" HPOS="547" VPOS="933" WIDTH="30" HEIGHT="24" WC="0.96" CONTENT="13"/><SP WIDTH="19" VPOS="933" HPOS="577"/>
							<String ID="string_94" HPOS="596" VPOS="932" WIDTH="63" HEIGHT="34" WC="0.96" CONTENT="april"/>
						</TextLine>
					</TextBlock>
				</ComposedBlock>
				<ComposedBlock ID="cblock_3" HPOS="111" VPOS="983" WIDTH="760" HEIGHT="481">
					<TextBlock ID="block_6" HPOS="113" VPOS="983" WIDTH="756" HEIGHT="128">
						<TextLine ID="line_16" HPOS="113" VPOS="983" WIDTH="756" HEIGHT="29">
							<String ID="string_95" HPOS="113" VPOS="984" WIDTH="97" HEIGHT="24" WC="0.92" CONTENT="klockan"/><SP WIDTH="23" VPOS="984" HPOS="210"/>
							<String ID="string_96" HPOS="233" VPOS="991" WIDTH="37" HEIGHT="14" WC="0.96" CONTENT="sex"/><SP WIDTH="19" VPOS="991" HPOS="270"/>
							<String ID="string_97" HPOS="289" VPOS="984" WIDTH="54" HEIGHT="23" WC="0.93" CONTENT="efter"/><SP WIDTH="19" VPOS="984" HPOS="343"/>
							<String ID="string_98" HPOS="362" VPOS="983" WIDTH="115" HEIGHT="29" WC="0.92" CONTENT="middagen"/><SP WIDTH="20" VPOS="983" HPOS="477"/>
							<String ID="string_99" HPOS="497" VPOS="983" WIDTH="174" HEIGHT="23" WC="0.92" CONTENT="sammanträdde"/><SP WIDTH="20" VPOS="983" HPOS="671"/>
							<String ID="string_100" HPOS="691" VPOS="983" WIDTH="178" HEIGHT="29" WC="0.92" CONTENT="borgareständet"/>
						</TextLine>
						<TextLine ID="line_17" HPOS="114" VPOS="1017" WIDTH="755" HEIGHT="30">
							<String ID="string_101" HPOS="114" VPOS="1019" WIDTH="34" HEIGHT="24" WC="0.93" CONTENT="till"/><SP WIDTH="15" VPOS="1019" HPOS="148"/>
							<String ID="string_102" HPOS="163" VPOS="1019" WIDTH="94" HEIGHT="28" WC="0.91" CONTENT="plenum,"/><SP WIDTH="15" VPOS="1019" HPOS="257"/>
							<String ID="string_103" HPOS="272" VPOS="1017" WIDTH="91" HEIGHT="22" WC="0.91" CONTENT="hvarvid"/><SP WIDTH="14" VPOS="1017" HPOS="363"/>
							<String ID="string_104" HPOS="377" VPOS="1018" WIDTH="101" HEIGHT="28" WC="0.92" CONTENT="samtlige"/><SP WIDTH="15" VPOS="1018" HPOS="478"/>
							<String ID="string_105" HPOS="493" VPOS="1017" WIDTH="141" HEIGHT="22" WC="0.93" CONTENT="medlemmar"/><SP WIDTH="15" VPOS="1017" HPOS="634"/>
							<String ID="string_106" HPOS="649" VPOS="1018" WIDTH="100" HEIGHT="27" WC="0.91" CONTENT="närvoro,"/><SP WIDTH="14" VPOS="1018" HPOS="749"/>
							<String ID="string_107" HPOS="763" VPOS="1018" WIDTH="49" HEIGHT="21" WC="0.93" CONTENT="med"/><SP WIDTH="18" VPOS="1018" HPOS="812"/>
							<String ID="string_108" HPOS="830" VPOS="1025" WIDTH="39" HEIGHT="14" WC="0.93" CONTENT="un-"/>
						</TextLine>
						<TextLine ID="line_18" HPOS="113" VPOS="1051" WIDTH="756" HEIGHT="30">
							<String ID="string_109" HPOS="113" VPOS="1053" WIDTH="83" HEIGHT="28" WC="0.91" CONTENT="dantag"/><SP WIDTH="19" VPOS="1053" HPOS="196"/>
							<String ID="string_110" HPOS="215" VPOS="1052" WIDTH="76" HEIGHT="23" WC="0.95" CONTENT="endast"/><SP WIDTH="18" VPOS="1052" HPOS="291"/>
							<String ID="string_111" HPOS="309" VPOS="1052" WIDTH="24" HEIGHT="21" WC="0.96" CONTENT="af"/><SP WIDTH="12" VPOS="1052" HPOS="333"/>
							<String ID="string_112" HPOS="345" VPOS="1051" WIDTH="55" HEIGHT="28" WC="0.97" CONTENT="dem,"/><SP WIDTH="16" VPOS="1051" HPOS="400"/>
							<String ID="string_113" HPOS="416" VPOS="1059" WIDTH="46" HEIGHT="15" WC="0.96" CONTENT="som"/><SP WIDTH="16" VPOS="1059" HPOS="462"/>
							<String ID="string_114" HPOS="478" VPOS="1052" WIDTH="37" HEIGHT="22" WC="0.93" CONTENT="vid"/><SP WIDTH="15" VPOS="1052" HPOS="515"/>
							<String ID="string_115" HPOS="530" VPOS="1051" WIDTH="165" HEIGHT="30" WC="0.92" CONTENT="förmiddagens"/><SP WIDTH="15" VPOS="1051" HPOS="695"/>
							<String ID="string_116" HPOS="710" VPOS="1051" WIDTH="159" HEIGHT="22" WC="0.91" CONTENT="sammanträde"/>
						</TextLine>
						<TextLine ID="line_19" HPOS="113" VPOS="1086" WIDTH="270" HEIGHT="25">
							<String ID="string_117" HPOS="113" VPOS="1087" WIDTH="49" HEIGHT="24" WC="0.91" CONTENT="icke"/><SP WIDTH="15" VPOS="1087" HPOS="162"/>
							<String ID="string_118" HPOS="177" VPOS="1086" WIDTH="206" HEIGHT="24" WC="0.91" CONTENT="tillstädeskommit."/>
						</TextLine>
					</TextBlock>
					<TextBlock ID="block_7" HPOS="111" VPOS="1125" WIDTH="760" HEIGHT="339">
						<TextLine ID="line_20" HPOS="183" VPOS="1125" WIDTH="686" HEIGHT="31">
							<String ID="string_119" HPOS="183" VPOS="1125" WIDTH="43" HEIGHT="23" WC="0.93" CONTENT="Till"/><SP WIDTH="16" VPOS="1125" HPOS="226"/>
							<String ID="string_120" HPOS="242" VPOS="1126" WIDTH="109" HEIGHT="30" WC="0.91" CONTENT="justering"/><SP WIDTH="18" VPOS="1126" HPOS="351"/>
							<String ID="string_121" HPOS="369" VPOS="1126" WIDTH="113" HEIGHT="29" WC="0.92" CONTENT="upplästes"/><SP WIDTH="19" VPOS="1126" HPOS="482"/>
							<String ID="string_122" HPOS="501" VPOS="1126" WIDTH="27" HEIGHT="22" WC="0.97" CONTENT="de"/><SP WIDTH="16" VPOS="1126" HPOS="528"/>
							<String ID="string_123" HPOS="544" VPOS="1127" WIDTH="25" HEIGHT="22" WC="0.93" CONTENT="af"/><SP WIDTH="12" VPOS="1127" HPOS="569"/>
							<String ID="string_124" HPOS="581" VPOS="1126" WIDTH="86" HEIGHT="22" WC="0.93" CONTENT="ständet"/><SP WIDTH="14" VPOS="1126" HPOS="667"/>
							<String ID="string_125" HPOS="681" VPOS="1126" WIDTH="100" HEIGHT="22" WC="0.92" CONTENT="beslutna"/><SP WIDTH="14" VPOS="1126" HPOS="781"/>
							<String ID="string_126" HPOS="795" VPOS="1129" WIDTH="74" HEIGHT="26" WC="0.92" CONTENT="proto-"/>
						</TextLine>
						<TextLine ID="line_21" HPOS="112" VPOS="1160" WIDTH="756" HEIGHT="30">
							<String ID="string_127" HPOS="112" VPOS="1160" WIDTH="139" HEIGHT="29" WC="0.91" CONTENT="kollsutdrag"/><SP WIDTH="10" VPOS="1160" HPOS="251"/>
							<String ID="string_128" HPOS="261" VPOS="1161" WIDTH="32" HEIGHT="21" WC="0.93" CONTENT="uti"/><SP WIDTH="12" VPOS="1161" HPOS="293"/>
							<String ID="string_129" HPOS="305" VPOS="1160" WIDTH="95" HEIGHT="28" WC="0.96" CONTENT="följande"/><SP WIDTH="16" VPOS="1160" HPOS="400"/>
							<String ID="string_130" HPOS="416" VPOS="1160" WIDTH="36" HEIGHT="22" WC="0.93" CONTENT="vid"/><SP WIDTH="16" VPOS="1160" HPOS="452"/>
							<String ID="string_131" HPOS="468" VPOS="1160" WIDTH="163" HEIGHT="30" WC="0.92" CONTENT="förmiddagens"/><SP WIDTH="16" VPOS="1160" HPOS="631"/>
							<String ID="string_132" HPOS="647" VPOS="1161" WIDTH="84" HEIGHT="22" WC="0.93" CONTENT="session"/><SP WIDTH="13" VPOS="1161" HPOS="731"/>
							<String ID="string_133" HPOS="744" VPOS="1161" WIDTH="124" HEIGHT="29" WC="0.92" CONTENT="handlagda"/>
						</TextLine>
						<TextLine ID="line_22" HPOS="113" VPOS="1194" WIDTH="756" HEIGHT="30">
							<String ID="string_134" HPOS="113" VPOS="1194" WIDTH="98" HEIGHT="29" WC="0.63" CONTENT="Arender,"/><SP WIDTH="15" VPOS="1194" HPOS="211"/>
							<String ID="string_135" HPOS="226" VPOS="1194" WIDTH="121" HEIGHT="29" WC="0.91" CONTENT="nemligen:"/><SP WIDTH="24" VPOS="1194" HPOS="347"/>
							<String ID="string_136" HPOS="371" VPOS="1195" WIDTH="40" HEIGHT="28" WC="0.88" CONTENT="1:0,"/><SP WIDTH="16" VPOS="1195" HPOS="411"/>
							<String ID="string_137" HPOS="427" VPOS="1202" WIDTH="35" HEIGHT="14" WC="0.93" CONTENT="om"/><SP WIDTH="15" VPOS="1202" HPOS="462"/>
							<String ID="string_138" HPOS="477" VPOS="1195" WIDTH="209" HEIGHT="29" WC="0.91" CONTENT="sammanjemkning"/><SP WIDTH="15" VPOS="1195" HPOS="686"/>
							<String ID="string_139" HPOS="701" VPOS="1196" WIDTH="24" HEIGHT="20" WC="0.96" CONTENT="af"/><SP WIDTH="12" VPOS="1196" HPOS="725"/>
							<String ID="string_140" HPOS="737" VPOS="1195" WIDTH="26" HEIGHT="21" WC="0.93" CONTENT="de"/><SP WIDTH="15" VPOS="1195" HPOS="763"/>
							<String ID="string_141" HPOS="778" VPOS="1195" WIDTH="91" HEIGHT="28" WC="0.93" CONTENT="skiljak-"/>
						</TextLine>
						<TextLine ID="line_23" HPOS="112" VPOS="1228" WIDTH="757" HEIGHT="30">
							<String ID="string_142" HPOS="112" VPOS="1229" WIDTH="47" HEIGHT="27" WC="0.92" CONTENT="tiga"/><SP WIDTH="25" VPOS="1229" HPOS="159"/>
							<String ID="string_143" HPOS="184" VPOS="1229" WIDTH="98" HEIGHT="23" WC="0.95" CONTENT="besluten"/><SP WIDTH="18" VPOS="1229" HPOS="282"/>
							<String ID="string_144" HPOS="300" VPOS="1229" WIDTH="8" HEIGHT="21" WC="0.93" CONTENT="i"/><SP WIDTH="19" VPOS="1229" HPOS="308"/>
							<String ID="string_145" HPOS="327" VPOS="1229" WIDTH="117" HEIGHT="29" WC="0.93" CONTENT="anledning"/><SP WIDTH="20" VPOS="1229" HPOS="444"/>
							<String ID="string_146" HPOS="464" VPOS="1230" WIDTH="24" HEIGHT="20" WC="0.93" CONTENT="af"/><SP WIDTH="13" VPOS="1230" HPOS="488"/>
							<String ID="string_147" HPOS="501" VPOS="1229" WIDTH="80" HEIGHT="29" WC="0.93" CONTENT="nädiga"/><SP WIDTH="14" VPOS="1229" HPOS="581"/>
							<String ID="string_148" HPOS="595" VPOS="1230" WIDTH="164" HEIGHT="28" WC="0.96" CONTENT="propositionen"/><SP WIDTH="14" VPOS="1230" HPOS="759"/>
							<String ID="string_149" HPOS="773" VPOS="1228" WIDTH="45" HEIGHT="22" WC="0.96" CONTENT="N:o"/><SP WIDTH="15" VPOS="1228" HPOS="818"/>
							<String ID="string_150" HPOS="833" VPOS="1229" WIDTH="36" HEIGHT="28" WC="0.96" CONTENT="31,"/>
						</TextLine>
						<TextLine ID="line_24" HPOS="113" VPOS="1262" WIDTH="756" HEIGHT="30">
							<String ID="string_151" HPOS="113" VPOS="1262" WIDTH="112" HEIGHT="29" WC="0.90" CONTENT="angående"/><SP WIDTH="14" VPOS="1262" HPOS="225"/>
							<String ID="string_152" HPOS="239" VPOS="1262" WIDTH="238" HEIGHT="30" WC="0.83" CONTENT="bevillningsstadgan"/><SP WIDTH="-4" VPOS="1262" HPOS="477"/>
							<String ID="string_153" HPOS="473" VPOS="1258" WIDTH="10" HEIGHT="39" WC="0.83" CONTENT=";"/><SP WIDTH="10" VPOS="1258" HPOS="483"/>
							<String ID="string_154" HPOS="493" VPOS="1264" WIDTH="42" HEIGHT="26" WC="0.83" CONTENT="2:0,"/><SP WIDTH="17" VPOS="1264" HPOS="535"/>
							<String ID="string_155" HPOS="552" VPOS="1263" WIDTH="8" HEIGHT="21" WC="0.93" CONTENT="i"/><SP WIDTH="16" VPOS="1263" HPOS="560"/>
							<String ID="string_156" HPOS="576" VPOS="1263" WIDTH="118" HEIGHT="29" WC="0.96" CONTENT="anledning"/><SP WIDTH="14" VPOS="1263" HPOS="694"/>
							<String ID="string_157" HPOS="708" VPOS="1263" WIDTH="25" HEIGHT="21" WC="0.93" CONTENT="af"/><SP WIDTH="11" VPOS="1263" HPOS="733"/>
							<String ID="string_158" HPOS="744" VPOS="1262" WIDTH="125" HEIGHT="23" WC="0.93" CONTENT="ridderska-"/>
						</TextLine>
						<TextLine ID="line_25" HPOS="112" VPOS="1297" WIDTH="756" HEIGHT="30">
							<String ID="string_159" HPOS="112" VPOS="1300" WIDTH="37" HEIGHT="27" WC="0.95" CONTENT="pet"/><SP WIDTH="15" VPOS="1300" HPOS="149"/>
							<String ID="string_160" HPOS="164" VPOS="1297" WIDTH="42" HEIGHT="21" WC="0.93" CONTENT="och"/><SP WIDTH="15" VPOS="1297" HPOS="206"/>
							<String ID="string_161" HPOS="221" VPOS="1297" WIDTH="74" HEIGHT="23" WC="0.92" CONTENT="adelns"/><SP WIDTH="15" VPOS="1297" HPOS="295"/>
							<String ID="string_162" HPOS="310" VPOS="1297" WIDTH="128" HEIGHT="29" WC="0.92" CONTENT="inbjudning"/><SP WIDTH="13" VPOS="1297" HPOS="438"/>
							<String ID="string_163" HPOS="451" VPOS="1297" WIDTH="111" HEIGHT="29" WC="0.92" CONTENT="angäende"/><SP WIDTH="12" VPOS="1297" HPOS="562"/>
							<String ID="string_164" HPOS="574" VPOS="1300" WIDTH="33" HEIGHT="18" WC="0.93" CONTENT="tre"/><SP WIDTH="11" VPOS="1300" HPOS="607"/>
							<String ID="string_165" HPOS="618" VPOS="1297" WIDTH="75" HEIGHT="22" WC="0.93" CONTENT="ständs"/><SP WIDTH="12" VPOS="1297" HPOS="693"/>
							<String ID="string_166" HPOS="705" VPOS="1297" WIDTH="163" HEIGHT="30" WC="0.92" CONTENT="beslutmässig-"/>
						</TextLine>
						<TextLine ID="line_26" HPOS="112" VPOS="1331" WIDTH="757" HEIGHT="29">
							<String ID="string_167" HPOS="112" VPOS="1331" WIDTH="37" HEIGHT="21" WC="0.95" CONTENT="het"/><SP WIDTH="14" VPOS="1331" HPOS="149"/>
							<String ID="string_168" HPOS="163" VPOS="1331" WIDTH="7" HEIGHT="21" WC="0.93" CONTENT="i"/><SP WIDTH="17" VPOS="1331" HPOS="170"/>
							<String ID="string_169" HPOS="187" VPOS="1331" WIDTH="101" HEIGHT="21" WC="0.93" CONTENT="afseende"/><SP WIDTH="15" VPOS="1331" HPOS="288"/>
							<String ID="string_170" HPOS="303" VPOS="1331" WIDTH="12" HEIGHT="21" WC="0.92" CONTENT="ä"/><SP WIDTH="16" VPOS="1331" HPOS="315"/>
							<String ID="string_171" HPOS="331" VPOS="1331" WIDTH="329" HEIGHT="29" WC="0.91" CONTENT="bränvinsbränningsafgiftens"/><SP WIDTH="15" VPOS="1331" HPOS="660"/>
							<String ID="string_172" HPOS="675" VPOS="1331" WIDTH="131" HEIGHT="29" WC="0.93" CONTENT="utgörande;"/><SP WIDTH="19" VPOS="1331" HPOS="806"/>
							<String ID="string_173" HPOS="825" VPOS="1332" WIDTH="44" HEIGHT="27" WC="0.85" CONTENT="3:o,"/>
						</TextLine>
						<TextLine ID="line_27" HPOS="111" VPOS="1365" WIDTH="757" HEIGHT="29">
							<String ID="string_174" HPOS="111" VPOS="1365" WIDTH="8" HEIGHT="21" WC="0.93" CONTENT="i"/><SP WIDTH="13" VPOS="1365" HPOS="119"/>
							<String ID="string_175" HPOS="132" VPOS="1365" WIDTH="117" HEIGHT="28" WC="0.92" CONTENT="anledning"/><SP WIDTH="12" VPOS="1365" HPOS="249"/>
							<String ID="string_176" HPOS="261" VPOS="1366" WIDTH="25" HEIGHT="20" WC="0.93" CONTENT="af"/><SP WIDTH="9" VPOS="1366" HPOS="286"/>
							<String ID="string_177" HPOS="295" VPOS="1366" WIDTH="169" HEIGHT="27" WC="0.92" CONTENT="presteständets"/><SP WIDTH="12" VPOS="1366" HPOS="464"/>
							<String ID="string_178" HPOS="476" VPOS="1366" WIDTH="130" HEIGHT="28" WC="0.92" CONTENT="inbjudning"/><SP WIDTH="15" VPOS="1366" HPOS="606"/>
							<String ID="string_179" HPOS="621" VPOS="1366" WIDTH="7" HEIGHT="21" WC="0.93" CONTENT="i"/><SP WIDTH="15" VPOS="1366" HPOS="628"/>
							<String ID="string_180" HPOS="643" VPOS="1366" WIDTH="77" HEIGHT="28" WC="0.92" CONTENT="frägan"/><SP WIDTH="14" VPOS="1366" HPOS="720"/>
							<String ID="string_181" HPOS="734" VPOS="1372" WIDTH="35" HEIGHT="15" WC="0.93" CONTENT="om"/><SP WIDTH="14" VPOS="1372" HPOS="769"/>
							<String ID="string_182" HPOS="783" VPOS="1365" WIDTH="85" HEIGHT="22" WC="0.92" CONTENT="riddar-"/>
						</TextLine>
						<TextLine ID="line_28" HPOS="111" VPOS="1399" WIDTH="754" HEIGHT="29">
							<String ID="string_183" HPOS="111" VPOS="1399" WIDTH="74" HEIGHT="23" WC="0.96" CONTENT="husets"/><SP WIDTH="17" VPOS="1399" HPOS="185"/>
							<String ID="string_184" HPOS="202" VPOS="1400" WIDTH="83" HEIGHT="20" WC="0.96" CONTENT="inlösen"/><SP WIDTH="15" VPOS="1400" HPOS="285"/>
							<String ID="string_185" HPOS="300" VPOS="1399" WIDTH="32" HEIGHT="21" WC="0.93" CONTENT="till"/><SP WIDTH="16" VPOS="1399" HPOS="332"/>
							<String ID="string_186" HPOS="348" VPOS="1399" WIDTH="140" HEIGHT="26" WC="0.92" CONTENT="ständerhus;"/><SP WIDTH="15" VPOS="1399" HPOS="488"/>
							<String ID="string_187" HPOS="503" VPOS="1400" WIDTH="43" HEIGHT="27" WC="0.79" CONTENT="4:0,"/><SP WIDTH="16" VPOS="1400" HPOS="546"/>
							<String ID="string_188" HPOS="562" VPOS="1400" WIDTH="7" HEIGHT="20" WC="0.93" CONTENT="i"/><SP WIDTH="12" VPOS="1400" HPOS="569"/>
							<String ID="string_189" HPOS="581" VPOS="1399" WIDTH="118" HEIGHT="29" WC="0.96" CONTENT="anledning"/><SP WIDTH="10" VPOS="1399" HPOS="699"/>
							<String ID="string_190" HPOS="709" VPOS="1400" WIDTH="25" HEIGHT="21" WC="0.93" CONTENT="af"/><SP WIDTH="7" VPOS="1400" HPOS="734"/>
							<String ID="string_191" HPOS="741" VPOS="1399" WIDTH="124" HEIGHT="29" WC="0.93" CONTENT="ridderska-"/>
						</TextLine>
						<TextLine ID="line_29" HPOS="112" VPOS="1433" WIDTH="759" HEIGHT="31">
							<String ID="string_192" HPOS="112" VPOS="1437" WIDTH="37" HEIGHT="27" WC="0.96" CONTENT="pet"/><SP WIDTH="15" VPOS="1437" HPOS="149"/>
							<String ID="string_193" HPOS="164" VPOS="1433" WIDTH="41" HEIGHT="24" WC="0.93" CONTENT="och"/><SP WIDTH="18" VPOS="1433" HPOS="205"/>
							<String ID="string_194" HPOS="223" VPOS="1433" WIDTH="74" HEIGHT="22" WC="0.91" CONTENT="adelns"/><SP WIDTH="15" VPOS="1433" HPOS="297"/>
							<String ID="string_195" HPOS="312" VPOS="1433" WIDTH="129" HEIGHT="29" WC="0.90" CONTENT="inbjudning"/><SP WIDTH="16" VPOS="1433" HPOS="441"/>
							<String ID="string_196" HPOS="457" VPOS="1434" WIDTH="32" HEIGHT="22" WC="0.93" CONTENT="till"/><SP WIDTH="17" VPOS="1434" HPOS="489"/>
							<String ID="string_197" HPOS="506" VPOS="1433" WIDTH="134" HEIGHT="30" WC="0.93" CONTENT="underdänig"/><SP WIDTH="14" VPOS="1433" HPOS="640"/>
							<String ID="string_198" HPOS="654" VPOS="1434" WIDTH="91" HEIGHT="29" WC="0.92" CONTENT="petition"/><SP WIDTH="13" VPOS="1434" HPOS="745"/>
							<String ID="string_199" HPOS="758" VPOS="1433" WIDTH="113" HEIGHT="30" WC="0.92" CONTENT="angäende"/>
						</TextLine>
					</TextBlock>
				</ComposedBlock>
			</PrintSpace>
		</Page>
	</Layout>
</alto>
