1031 1700
803 132 28 24 59

106 193 47 26 lika
175 194 36 24 väl
231 195 43 24 kan
293 194 116 26 ankomma
423 194 13 22 å
451 194 128 25 ständernes
594 194 161 27 fastställande,
769 195 90 24 emedan

108 227 55 26 både
179 228 6 25 i
201 228 37 23 det
253 236 39 14 ena
307 228 42 21 och
364 228 38 24 det
416 228 68 25 andra
500 228 60 25 fallet
574 228 75 29 hvarje
663 228 139 30 bestämning
817 229 42 25 blir

106 262 46 26 lika
170 262 146 29 otillförlitlig.
353 262 150 25 Konsumeras
522 270 59 14 mera
598 262 40 24 och
655 262 104 23 behöfves
774 262 38 22 det
826 263 33 24 till

106 296 57 29 följd
177 296 64 26 deraf
253 304 58 18 mera
325 297 25 21 af
363 304 77 20 varan,
456 297 26 24 än
498 296 38 25 vid
551 296 169 25 bestämmandet
735 297 124 27 förutsatts,

105 331 27 25 sä
153 331 98 29 päfinnas
272 338 44 21 nog
337 331 92 28 utvägar
448 334 32 21 att
498 330 157 25 tillfredsställa
673 330 108 25 behofvet.
810 331 49 24 Blir

106 364 62 26 detta
189 366 46 24 åter
256 364 83 25 mindre
361 366 27 24 än
410 372 50 15 man
479 364 115 27 beräknat,
611 364 28 24 dä
651 365 45 27 just
711 365 91 32 uppstår
817 364 42 25 den

108 398 101 26 befarade
224 398 187 27 bränvinsfloden,
430 402 23 25 ty
469 399 7 24 i
492 398 78 23 sädant
584 398 38 25 fall
636 398 69 25 mäste
719 407 78 17 varans
813 399 46 29 pris

108 432 121 28 nedsättas,
252 433 29 29 pä
301 433 38 22 det
357 433 49 21 hela
424 433 37 23 det
480 432 112 26 bestämda
606 432 103 29 beloppet
722 434 36 25 mä
771 429 88 29 komma

108 470 33 22 att
162 468 145 25 konsumeras.
343 466 81 30 Någon
447 475 71 15 annan
536 467 110 29 regulator
664 468 34 23 för
712 468 147 25 bränvinstill-

108 502 133 29 verkningen
259 502 44 22 kan
317 502 86 24 derföre
418 502 19 28 ej
453 502 71 24 finnas
538 502 28 23 än
581 502 86 24 skatten
681 502 52 25 derä
748 502 42 24 och
804 502 55 26 kon-

108 536 127 26 kurrensen,

177 577 58 26 Herr
248 577 167 29 Dahlström:
445 576 163 29 Ridderskapet
626 576 40 25 och
684 576 75 25 adelns
774 576 85 30 inhjud-

108 611 54 29 ning
177 613 101 24 omfattar
292 611 77 23 endast
383 612 42 21 den
440 611 86 29 frågan,
540 610 106 24 huruvida
660 611 68 28 något
741 611 118 25 maximum

108 645 35 27 för
165 645 271 28 bränvinstillyerkningen
460 645 40 24 bör
518 644 141 27 bestämmas,
677 644 42 22 och
733 645 126 25 derutöfver

108 687 64 18 anser
188 680 39 29 jag
241 679 153 26 diskussionen
409 686 27 14 nu
452 679 49 25 icke
516 679 53 23 böra
584 679 86 24 sträcka
683 679 42 29 sig.
759 679 46 29 Jag
819 679 40 24 fin-

108 721 39 18 ner
169 714 37 25 det
227 721 52 18 vara
301 713 24 23 sä
346 713 88 29 mycket
456 721 60 13 mera
534 713 115 29 olämpligt
666 716 42 25 att,
723 713 72 26 såsom
809 714 49 25 herr

108 747 113 27 Sundman
236 755 64 21 synes
315 748 76 27 önska,
406 755 28 13 nu
449 747 47 26 åter
507 747 74 25 inleda
592 755 27 14 en
630 747 124 26 diskussion
765 748 93 25 rörande

108 781 38 26 det
159 777 164 33 minimibelopp
337 789 48 14 som
400 781 33 22 får
448 781 123 27 tillverkas,
586 789 46 14 som
647 781 60 25 detta
721 782 62 25 ämne
797 782 8 21 i
819 783 40 28 går

108 823 40 18 var
163 816 88 26 föremål
268 817 33 24 för
315 815 97 26 ståndets
427 815 194 29 öfverläggningar
635 819 56 21 samt
705 815 28 24 då
744 815 66 25 redan
823 817 36 21 be-

108 850 45 25 slut
168 850 45 25 deri
230 850 46 26 blef
288 849 88 28 fattadt,
392 857 35 18 om
441 849 67 26 hvars
524 849 151 26 frånträdande
690 850 62 31 fråga
765 857 30 18 nu
809 851 50 24 icke

108 885 25 26 är
148 884 71 25 väckt.

177 924 58 26 Herr
249 923 158 30 Bergstedt:
436 919 74 29 Äfven
528 931 35 18 om
582 924 36 26 det
636 932 51 15 vore
705 925 108 29 antagligt
827 928 32 21 att

108 966 51 14 man
181 958 72 26 kunde
275 958 48 25 med
343 958 101 25 säkerhet
462 958 97 25 beräkna
574 958 54 25 huru
643 959 87 29 mycket
745 959 91 25 bränvin
850 960 8 21 i

108 992 75 26 landet
201 992 116 27 behöfves,
335 992 83 25 hvilket
434 993 39 28 jag
488 999 62 18 anser
564 1000 53 18 vara
632 993 107 29 omöjligt,
754 994 27 21 så
793 1001 66 22 synes

108 1026 88 27 dermed
208 1026 67 27 likväl
286 1026 112 29 ingenting
409 1034 51 17 vara
468 1029 89 24 vunnet,
565 1026 57 23 hvad
631 1027 101 25 beträffar
740 1028 75 28 frägan
823 1035 35 18 om

108 1060 203 33 maximibeloppets
328 1060 167 26 bestämmande,
518 1060 34 30 Ty
566 1061 8 21 i
590 1061 77 22 sådant
681 1061 38 24 fall
733 1062 66 24 borde
809 1070 49 17 man

108 1096 66 25 äfven
189 1095 73 25 kunna
273 1095 124 27 bestämma,
409 1095 54 25 huru
475 1095 79 28 många
564 1095 85 26 kannor
659 1095 112 24 bränvin
762 1090 11 41 å
784 1095 75 32 hvarje

108 1129 95 27 särskild
219 1133 34 21 ort
267 1129 105 25 behöfvas
387 1129 41 25 och
443 1129 54 25 huru
510 1123 88 49 mycket
608 1129 34 25 till
654 1129 54 32 följd
719 1130 64 25 deraf
792 1130 67 26 borde

108 1164 14 26 å
133 1164 72 28 hvarje
217 1167 35 23 art
263 1163 119 25 tillverkas,
404 1163 45 29 Jag
465 1164 87 24 förenar
566 1164 45 28 mig
625 1164 86 25 derföre
725 1164 49 25 med
789 1164 28 26 de
827 1168 33 22 ta-

108 1198 55 27 lare,
182 1206 47 14 som
244 1198 58 26 velat
316 1201 80 25 antaga
410 1198 152 30 ridderskapet
576 1198 41 24 och
632 1198 75 25 adelns
722 1198 136 31 inbjudning.

108 1232 58 26 Herr
187 1232 123 26 Sundmans
333 1232 83 29 förslag
438 1232 86 28 derom,
546 1235 32 22 att
596 1233 64 24 äfven
678 1232 182 31 tillverkningens

108 1267 163 32 minimibelopp
291 1266 68 25 barde
377 1267 131 27 fastställas,
523 1274 62 18 anser
597 1268 49 28 jag,
661 1267 28 31 pä
704 1266 27 22 de
746 1266 49 25 skäl
810 1266 50 26 herr

108 1300 128 26 Dahlström
251 1301 82 27 anfört,
346 1301 48 23 icke
406 1301 54 22 böra
470 1301 34 24 till
516 1301 75 25 vidare
602 1301 125 24 diskussion
739 1301 120 25 föranleda.

178 1335 57 25 Herr
249 1334 173 29 Lindegvist:
455 1335 12 21 I
486 1335 117 29 anledning
621 1336 24 21 af
660 1334 111 30 yttrandet
785 1334 74 27 derom

108 1372 33 23 att
158 1369 37 25 det
212 1377 53 17 vore
283 1372 30 21 ett
332 1370 148 30 besynnerligt
496 1366 201 32 handlingssätt
673 1362 27 42 af
710 1369 149 28 borgarestån-

108 1404 38 25 det
165 1406 32 22 att
215 1411 28 17 nu
264 1404 75 28 frångå
355 1404 38 23 sitt
409 1404 70 21 beslut
494 1411 34 14 om
544 1403 263 29 maximibestämningen,
821 1404 39 22 vill

100 1438 45 32 -jag
159 1438 72 25 erinra
243 1440 31 23 att
287 1438 59 26 detta
359 1437 70 23 beslut
444 1438 48 26 icke
504 1438 92 22 fattades
607 1438 116 29 enhälligt,
738 1440 53 24 utan
804 1438 56 26 efter
