1031 1700
800 135 41 21 473

185 196 44 22 Till
251 196 73 21 vidare
346 196 78 28 åtgärd
446 196 116 29 föredrogs
584 196 108 30 förslaget
714 196 32 22 till
764 206 107 14 samman-

116 230 113 29 jemkning
245 230 23 21 af
280 230 27 21 de
323 230 92 29 stridiga
430 230 99 22 besluten
546 231 6 20 i
565 230 118 30 anledning
695 232 25 20 af
728 232 80 29 nådiga
820 240 51 21 pro-

118 265 127 27 positionen
256 264 47 33 N:o
319 264 25 21 31
361 268 57 18 samt
436 265 7 20 i
462 265 156 28 sammanhang
634 264 87 22 dermed
736 266 133 27 prestestån-

118 299 48 21 dets
189 298 129 29 inbjudning
337 298 112 28 angående
469 299 89 28 anslags
576 298 123 29 beviljande
715 299 34 21 till
764 307 106 20 upprens-

118 333 54 28 ning
187 333 22 21 af
223 332 57 24 Uleå
294 333 60 21 träsk
370 333 42 21 och
427 332 58 22 Uleå
500 333 38 27 elf,
554 333 93 21 hvarvid
663 333 34 28 sig
712 334 97 28 yttrade:

186 372 59 22 Herr
260 372 109 22 Hildén:
398 373 90 23 Enhvar
504 380 47 14 som
567 373 83 22 känner
661 373 164 22 förhållandena
837 374 32 21 in-

119 415 35 13 om
168 406 125 30 Uleåborgs
309 407 42 26 län,
368 406 38 22 har
422 406 34 30 sig
472 407 42 21 ock
529 407 81 21 bekant
625 407 90 22 hvilken
726 408 71 29 vigtig
810 408 61 21 kom-

118 440 184 23 munikationsled
323 440 58 22 Uleå
399 441 32 21 elf
450 442 24 20 är
493 442 35 21 för
546 441 92 22 nämnde
657 441 36 22 län
709 442 41 22 och
765 442 105 22 särskildt

118 476 35 22 för
170 475 42 22 den
231 475 35 22 del
284 476 67 26 deraf,
367 482 48 14 som
430 475 116 22 benämnes
562 475 86 29 Kajana
662 475 43 22 län.
743 475 79 25 Säsom
839 476 32 21 äf-

118 517 42 13 ven
179 509 80 24 bekant
277 511 30 26 är,
327 509 175 22 sammanbinder
520 509 92 23 berörde
630 509 33 22 elf
674 509 57 22 Uleå
746 510 61 22 träsk
821 510 49 22 med

119 543 80 22 hafvet.
235 543 102 22 Nämnda
352 543 60 22 träsk
427 544 47 20 åter
489 543 39 22 har
542 551 28 14 en
584 544 81 29 mängd
680 544 113 27 tillflöden,
808 544 61 21 kom-

118 579 78 22 mande
211 579 47 21 från
274 579 27 20 de
316 578 100 27 socknar,
436 585 47 14 som
499 579 79 28 utgöra
592 577 37 22 det
644 578 25 22 så
683 579 84 21 kallade
783 579 87 28 Kajana

118 613 43 22 län.
191 613 136 22 Jordbruket
341 613 113 21 derstädes
469 613 25 21 är
508 613 57 20 ännu
582 613 24 21 så
620 613 53 28 föga
687 613 133 27 utveckladt,
835 615 32 19 att

118 647 159 22 innevånarene
292 647 34 21 till
341 648 82 21 största
437 647 63 21 delen
516 648 38 20 äro
569 647 121 22 hänvisade
702 647 34 21 till
747 647 122 22 afkastnin-

118 689 43 21 gen
179 682 49 21 från
247 681 83 29 skogen
349 681 41 22 och
406 681 194 28 hufvudsakligast
614 681 34 23 till
663 681 158 29 tjärbränning,
836 681 33 22 till

117 716 56 28 följd
194 716 80 21 hvaraf
293 717 74 22 trettio
386 717 13 19 &
417 715 147 29 fyratiotusen
586 718 81 19 tunnor
686 716 55 28 tjära
759 715 84 30 årligen
857 716 14 21 å

118 751 118 28 vattenväg
251 750 122 22 nedforslas
388 750 49 21 från
452 749 66 22 dessa
532 749 84 22 trakter
630 749 34 22 till
679 749 119 30 Uleåborg.
834 749 36 22 De

118 784 134 29 aflägsnaste
270 784 95 27 delarne,
388 784 74 21 såsom
480 787 16 18 t.
512 791 33 14 ex.
561 783 156 22 Kuhmoniemi
731 783 80 29 kapell,
831 784 39 21 äro

118 818 93 29 belägna
232 819 28 28 på
283 821 32 19 ett
333 818 87 22 afstånd
439 819 24 20 af
475 818 57 21 ända
546 818 35 21 till
595 818 76 21 trettio
686 818 38 21 mil
739 818 48 22 från
802 817 67 23 Uleå-

118 853 56 29 borg
197 853 41 21 och
261 852 75 24 dervid
359 860 102 20 passeras
484 855 32 18 ett
537 855 57 21 stort
616 853 59 20 antal
695 853 79 28 farliga
792 853 79 27 forsar,

118 887 67 22 bland
206 887 75 22 hvilka
299 886 129 29 Pyhäkoski
448 887 42 21 och
509 886 137 22 Niskakoski
662 887 39 21 äro
716 887 25 21 så
756 887 69 22 strida
839 889 32 19 att

118 929 50 14 man
187 921 70 22 skulle
273 928 52 15 anse
340 921 36 21 det
392 921 100 28 omöjligt
506 923 33 19 att
553 921 74 22 färdas
642 921 61 21 utför
716 921 55 21 dem.
807 921 64 28 Föga

117 955 54 22 eller
185 956 56 21 intet
255 955 40 21 har
309 955 103 21 hitintills
427 955 49 21 från
492 957 82 20 statens
590 955 48 21 sida
653 955 73 21 blifvit
740 955 74 29 gjordt
835 955 35 22 för

118 993 33 18 att
169 989 106 22 förbättra
289 989 71 21 denna
375 989 111 28 naturliga
500 989 243 22 kommunikationsled.
780 989 35 22 De
830 991 41 20 ett-

118 1023 151 22 hundratusen
287 1023 68 27 mark,
374 1031 48 14 som
440 1031 29 13 nu
489 1023 74 22 blifvit
577 1023 35 22 för
627 1023 77 22 sådant
719 1023 99 22 ändamål
833 1031 38 14 an-

118 1058 83 29 slagne,
221 1058 62 23 skola
301 1058 58 21 visst
376 1057 50 22 med
440 1057 138 22 tacksamhet
592 1060 129 26 emottagas,
735 1064 49 15 men
799 1057 72 22 tillika

118 1092 69 22 måste
206 1092 120 29 medgifvas
342 1095 31 18 att
388 1091 61 22 detta
464 1093 24 20 är
503 1094 31 19 ett
549 1091 67 29 högst
630 1091 63 29 ringa
708 1091 80 29 belopp
803 1091 66 22 äfven

118 1127 36 21 för
175 1126 150 29 upprensning
346 1125 78 23 endast
443 1126 25 21 af
484 1125 42 24 den
546 1125 88 23 sträcka
653 1126 24 21 af
689 1125 58 22 elfva
761 1126 45 27 mil,
822 1133 48 15 som

118 1162 66 28 utgör
205 1160 54 22 Uleå
277 1160 41 23 elfs
333 1160 52 28 lopp
400 1160 49 22 från
464 1160 52 22 dess
530 1160 82 22 utflöde
627 1168 26 14 ur
668 1160 83 22 träsket
766 1162 57 20 samt
837 1159 33 22 till

118 1194 125 30 Uleåborgs
267 1194 55 22 stad.
360 1194 81 22 Dertill
462 1194 100 22 kommer
580 1197 32 18 att
630 1194 186 29 upprensningen,
835 1194 36 21 för

118 1232 32 19 att
165 1230 54 28 göra
233 1236 58 14 mera
306 1228 122 22 vidsträckt
443 1232 70 25 nytta,
526 1228 81 28 jemväl
620 1228 40 22 bör
672 1228 90 22 omfatta
773 1227 26 22 de
811 1228 59 21 mån-

117 1271 30 21 ga
164 1263 115 27 tillflöden,
295 1270 46 14 som
356 1262 77 22 infalla
447 1263 8 21 i
470 1262 58 22 Uleå
542 1262 68 22 träsk.
646 1262 39 22 Ett
700 1262 76 28 anslag
791 1262 25 21 af
828 1265 43 19 tre-

117 1296 149 22 hundratusen
288 1297 62 21 mark
372 1298 25 20 är
415 1297 35 21 för
469 1297 66 29 ingen
554 1296 34 22 del
603 1296 35 22 för
653 1296 94 30 mycket,
761 1295 54 23 eller
830 1304 39 14 ens

118 1331 131 29 tillräckligt
267 1331 34 21 för
319 1331 115 21 utförande
449 1331 25 21 af
487 1331 39 21 allt
541 1331 140 28 erforderligt
695 1330 80 28 arbete,
791 1330 79 22 ehuru-

117 1366 37 20 väl
173 1365 57 21 dock
245 1366 67 28 något
326 1365 43 21 kan
384 1365 89 22 dermed
489 1366 99 21 uträttas.
624 1364 162 30 Befolkningen
801 1364 8 21 i
824 1364 45 22 Ka-

115 1400 52 28 jana
188 1400 36 20 län
247 1400 24 20 är
293 1400 70 28 fattig,
385 1399 35 22 till
440 1399 54 29 följd
513 1400 24 20 af
553 1399 51 22 dess
619 1399 73 29 dåliga
704 1398 108 29 jordbruk
827 1398 42 22 och

116 1434 91 21 emedan
222 1434 41 25 den
280 1435 23 19 är
318 1435 77 21 nästan
412 1434 138 22 uteslutande
562 1432 108 23 beroende
682 1434 24 21 af
716 1432 154 30 skogsafverk-
