1031 1700
789 134 41 22 289

110 196 107 29 Slutligen
240 200 60 24 tager
319 197 38 27 jag
376 197 44 27 mig
440 195 91 23 friheten
547 196 125 29 ytterligare
689 197 57 21 fästa
761 198 96 22 ständets

110 231 189 27 uppmärksamhet
318 231 27 27 pä
360 231 48 20 mitt
424 231 58 21 förut
498 230 134 22 framställda
646 232 89 28 förslag,
752 236 31 17 att
798 233 60 21 kom-

110 272 115 14 munernas
243 272 26 14 en
289 265 101 27 fjerdedel
409 265 24 21 af
446 264 48 22 hela
511 265 189 22 bränvinsskatten
716 266 72 27 mätte,
805 268 53 20 efter

110 298 77 29 afdrag
202 299 24 21 af
238 299 56 21 hvad
309 306 45 14 som
370 299 97 21 tillfaller
483 299 159 29 hushällnings-
657 300 52 20 eller
720 300 139 22 landtbruks=

110 333 155 27 sällskaperna,
280 333 164 21 sammanhällas
460 333 82 21 länsvis
555 334 67 20 under
634 341 123 21 gemensam
769 334 89 22 förvalt+

110 367 60 28 ning,
192 370 30 25 ty,
242 368 37 27 jag
301 374 109 20 upprepar
427 367 36 21 det
483 368 56 20 ännu
558 375 26 13 en
600 368 65 28 gäng,
680 369 93 20 konsten
789 369 23 21 är
827 371 31 18 att

110 401 173 28 sammanbringa
305 401 40 21 och
368 401 88 21 dernäst
478 404 32 18 att
532 401 154 21 sammanhälla
709 405 30 18 ett
765 402 92 28 kapital,

111 443 48 13 men
177 435 48 21 icke
247 438 38 25 att,
307 435 64 21 sedan
394 435 36 21 det
448 435 74 21 blifvit
540 435 97 27 samladt,
656 436 46 21 åter
720 436 73 28 sprida
811 437 46 21 det-

112 476 87 14 samma.

180 503 57 22 Herr
251 504 95 22 Wolff:
378 503 12 21 I
409 504 151 21 hufvudsaken
576 504 86 21 förenar
673 504 39 28 jag
727 505 44 28 mig
785 505 8 21 i
809 504 49 22 herr

112 537 141 29 Tengströms
273 546 74 14 senare
366 538 82 28 förslag
463 538 34 20 till
513 538 199 22 bränvinsskattens
728 538 130 29 fördelning,

112 572 91 21 likasom
219 573 41 20 ock
275 573 7 20 i
297 573 49 20 herr
355 571 78 22 Juselii
446 572 142 28 anmärkning
601 579 34 14 om
647 573 168 28 olämpligheten
827 575 32 19 att

112 607 25 20 af
148 607 70 21 denna
232 607 59 21 skatt
305 607 59 21 anslä
379 606 69 21 medel
463 606 34 21 till
512 606 134 23 folkskolors
661 607 128 21 inrättande.
814 606 45 29 Jag

112 641 106 20 erkänner
237 641 32 20 till
285 641 40 20 och
341 640 47 21 med
405 643 31 18 att
451 641 64 20 äfven
528 641 38 28 jag
581 640 65 29 hyser
661 648 25 14 en
702 641 85 22 fördom
801 644 58 18 emot

113 672 200 24 bränvinsskattens
328 674 141 22 användande
485 675 34 21 för
534 675 58 21 detta
608 675 105 21 ändamål.
749 675 34 22 Af
796 675 63 22 brän-

112 709 60 22 vinet
193 712 45 18 tror
257 710 38 27 jag
317 709 106 28 nemligen
444 712 30 18 att
493 709 52 29 inga
560 709 142 28 välsignelser
717 710 36 21 äro
769 712 32 19 att
816 710 44 21 för-

113 744 72 20 vänta.
215 743 65 21 Hvad
297 743 148 28 fördelningen
461 743 24 21 af
498 743 93 22 kronans
604 744 61 21 andel
678 744 7 20 i
697 743 92 22 nämnda
800 743 59 22 skatt

112 777 7 20 i
143 777 66 28 öfrigt
231 777 139 27 vidkommer,
393 785 62 13 anser
471 778 45 27 jag,
534 777 45 21 lika
594 777 47 22 med
658 777 48 22 herr
721 773 138 33 Tengström,

113 815 32 18 att
160 812 65 21 sedan
241 812 26 21 de
282 813 6 20 i
300 820 62 13 mom.
371 812 27 29 A.
411 815 110 24 upptagne
533 812 253 21 niohundrasextiotusen
798 812 61 21 mark

114 847 55 20 först
184 846 76 28 utgått,
275 846 70 21 skulle
359 846 33 21 till
408 846 92 21 kreditiv
516 846 34 21 för
561 846 105 27 styrelsen
679 846 71 21 anslås
762 845 97 22 femhun-

113 880 101 21 dratusen
231 880 98 26 mark,till
346 879 212 29 fängelseväsendets
570 880 146 21 förbättrande
728 879 131 22 sexhundra-

113 917 70 24 tusen,
202 915 31 20 till
252 915 82 20 inlösen
350 915 23 20 af
385 914 171 28 donationsgods
572 914 182 21 tvähundratusen
770 913 41 22 och
826 914 33 21 till

114 948 245 21 kommunikationernes
379 948 161 21 fullkomnande
558 949 37 20 tvä
609 949 99 28 miljoner
722 947 137 22 femhundra-

114 985 61 18 tusen
195 982 65 21 mark.
297 982 34 21 Af
347 982 26 21 de
388 982 68 21 under
471 982 41 21 litt.
528 982 26 21 B.
570 982 7 21 i
592 982 116 21 utskottets
725 981 134 22 betänkande

113 1016 174 21 förekommande
306 1021 79 23 poster;
405 1023 63 22 synes
487 1017 45 28 mig
548 1017 97 28 anslaget
659 1017 33 20 till
707 1015 116 22 aflönande
837 1015 25 22 af

114 1050 48 21 bro-
178 1050 39 21 och
233 1050 134 28 skallfogdar
381 1051 49 21 med
446 1050 176 21 etthundratusen
638 1050 61 21 mark
714 1051 91 27 förtjena
815 1051 44 20 sär-

113 1084 68 21 skildt
195 1084 106 21 afseende.
338 1084 74 28 Nägot
426 1084 75 21 vidare
516 1085 76 28 anslag
608 1085 33 20 för
656 1084 94 21 lättande
765 1084 24 21 af
799 1083 60 28 jord-

114 1118 87 22 brukets
217 1117 80 22 bördor
312 1125 61 15 anser
385 1119 39 28 jag
438 1118 98 22 deremot
550 1119 48 21 icke
613 1119 52 21 böra
677 1118 85 21 komma
765 1113 10 38 i
792 1118 67 28 fråga.

181 1158 58 21 Herr
254 1158 170 28 Lindegvist:
458 1158 58 22 Herr
534 1158 140 29 Tengströms
693 1158 95 21 uttalade
803 1158 58 28 äsigt

114 1200 34 13 om
167 1192 188 28 nödvändigheten
375 1196 31 17 att
425 1193 156 21 sammanhälla
600 1193 40 21 och
661 1192 35 21 det
711 1192 82 21 okloka
807 1192 7 20 i
829 1195 31 17 att

114 1226 73 28 sprida
205 1226 106 28 kapitaler
329 1226 58 21 delar
403 1227 39 28 jag
457 1227 144 28 fallkomligt;
623 1234 47 14 men
686 1226 56 22 hvad
758 1225 102 22 beträffar

113 1260 42 21 den
171 1260 24 21 af
208 1260 78 22 honom
302 1260 122 28 föreslagna
439 1260 149 29 fördelningen
605 1262 24 20 af
641 1261 41 21 den
697 1259 119 29 möjligtvis
828 1260 32 20 in-

112 1294 96 28 flytande
223 1294 193 27 bränvinsskatten,
432 1294 24 22 sä
471 1294 65 28 hyser
548 1296 45 27 jag,
608 1295 71 21 såsom
691 1295 39 27 jag
744 1297 52 23 tror,
809 1301 52 20 gan-

113 1329 40 21 ska
175 1328 110 28 grundade
309 1328 101 28 farhägor
428 1329 34 21 för
480 1332 33 18 att
531 1336 25 14 en
572 1329 24 21 sä
612 1328 109 22 beskaffad
737 1327 123 29 fördelning

112 1362 49 22 icke
176 1362 74 21 vinner
265 1362 134 28 pluraliteten
416 1363 24 21 af
452 1363 91 21 ständen
558 1363 34 21 för
608 1363 39 27 sig.
681 1362 44 28 Jag
740 1369 62 14 anser
818 1362 43 20 vis-

112 1396 101 29 serligen,
235 1396 44 22 lika
301 1396 48 22 med
367 1396 49 22 herr
435 1396 137 30 Tengström,
592 1400 30 18 att
637 1404 26 14 en
679 1396 114 28 spridning
809 1395 52 21 eller

112 1430 149 28 förskingring
276 1431 24 21 af
315 1430 41 22 den
375 1430 125 28 päräknade
518 1431 123 21 inkomsten
657 1431 46 27 just
718 1438 35 19 nu,
769 1430 27 21 dä
811 1436 48 15 man

138 1475 64 23 Vällofi.
211 1476 139 22 lorgareständets
356 1476 83 23 protokoll
448 1476 100 23 landtdagen
559 1476 120 17 1863—1864
692 1476 27 18 4:e
728 1476 19 16 B.
806 1469 25 21 19
