1031 1700
795 125 41 20 519

109 189 69 25 skett,
193 188 95 29 grundar
303 188 35 28 sig
353 187 185 29 hufvudsakligen
553 187 13 21 å
581 186 27 22 de
619 187 83 29 åsigter
713 194 35 15 om
759 188 105 28 rättighe-

110 226 38 18 ten
159 222 34 22 till
204 230 26 14 en
243 222 131 22 allmännare
386 222 168 28 näringsfrihet,
566 229 47 14 som
626 222 68 21 under
704 221 98 23 tidernas
810 222 53 28 lopp

112 256 93 22 utbildat
221 257 44 28 sig,
281 258 56 20 samt
351 256 13 21 å
379 255 41 22 den
435 255 65 22 deraf
512 256 129 21 föranledda
656 256 165 28 benägenheten
833 260 32 18 att

111 291 96 27 utjemna
221 290 27 22 de
263 290 107 22 olikheter
384 290 8 21 i
407 290 103 21 afseende
528 290 14 21 å
556 289 95 22 nämnda
665 290 106 28 rättighet
785 290 78 22 mellan

110 324 116 22 städernas
241 324 134 29 borgerskap
392 324 42 21 och
448 324 122 28 allmogen,
588 331 48 15 som
651 324 60 21 förra
725 324 68 22 tiders
809 327 55 19 mot-

112 362 58 18 satta
187 359 82 29 åsigter
290 359 8 21 i
319 358 168 29 lagstiftningen
508 358 75 22 infört.
616 358 189 28 Borgareståndet
827 366 36 13 an-

112 400 37 14 ser
165 393 43 22 ock
227 392 74 30 dylika
323 392 109 22 olikheter
453 392 135 22 beträffande
609 392 255 29 seglationsrättigheten

112 427 35 21 för
166 428 113 21 städernas
297 426 136 30 borgerskap
452 426 42 21 och
512 426 111 30 allmogen
641 430 53 18 utan
712 426 153 30 betänklighet

112 461 74 22 kunna
204 462 111 26 bortfalla,
334 461 114 22 äfvensom
466 464 43 24 att,
528 468 35 14 om
582 460 166 30 lagstiftningen
767 461 8 21 i
792 462 73 20 ämnet

113 495 126 26 inskränkts
258 495 34 22 till
310 498 32 18 att
360 494 78 22 endast
456 495 136 28 undanrödja
607 494 64 22 dessa
687 495 114 27 olikheter,
817 494 47 22 skäl

112 529 34 23 till
162 530 167 28 anmärkningar
345 529 97 23 deremot
456 530 20 27 ej
492 529 146 23 förekommit.
667 528 54 22 Men
736 529 72 21 denna
819 529 46 28 lag-

113 564 103 29 stiftning
235 564 38 21 har
291 564 56 28 tagit
366 565 57 20 ännu
440 566 32 19 ett
486 566 50 27 steg
551 564 75 28 längre
642 563 41 22 och
699 563 112 22 tillerkänt
826 563 39 21 all-

114 607 79 21 mogen
215 599 109 22 förmoner
346 598 41 23 och
410 598 257 28 företrädesrättigheter,
690 606 47 13 som
755 598 48 21 icke
822 597 43 22 till-

113 633 88 22 komma
215 633 164 28 borgerskapet.
409 633 50 21 Den
478 632 45 27 har,
542 640 79 21 genom
640 636 31 17 att
685 633 92 21 sålunda
791 640 74 21 gynna

112 675 29 14 en
155 667 60 22 klass
231 667 24 21 af
267 667 166 28 näringsidkare
447 666 91 23 framför
550 675 27 13 en
588 674 80 20 annan,
684 675 48 14 som
743 667 58 22 dock
811 666 56 22 kun-

112 701 29 22 de
159 701 96 28 åberopa
272 701 126 28 privilegier
416 700 41 22 och
476 701 50 23 dem
546 701 155 22 motsvarande
716 700 150 29 skyldigheter

114 735 35 22 till
165 735 50 22 stöd
233 736 34 21 för
281 735 96 28 anspråk
392 735 12 21 å
420 736 70 21 större
505 735 152 29 prerogativer
671 735 32 22 uti
718 735 148 28 ifrågavaran-

113 770 29 21 de
157 769 134 27 hänseende,
305 769 78 22 endast
398 769 104 22 afskaffat
516 777 27 14 en
560 769 123 29 obillighet,
699 770 34 21 för
749 772 32 19 att
795 769 7 21 i
815 769 51 22 dess

114 803 64 23 ställe
193 804 72 21 införa
279 811 27 14 en
321 811 79 14 annan.

183 843 74 22 Bland
271 843 27 22 de
313 843 135 29 stadganden
464 843 94 22 rörande
573 843 130 22 hithörande
715 844 88 27 ämnen,
819 851 48 14 som

114 878 104 29 antingen
233 877 78 22 endast
325 877 95 29 betunga
436 878 116 28 sjöfarten,
568 881 52 18 utan
635 882 32 17 att
681 878 34 21 för
730 877 37 22 det
779 877 88 22 allmän-

115 920 29 13 na
158 912 97 21 medföra
270 912 71 27 någon
357 915 72 25 nytta,
444 911 53 23 eller
513 912 41 21 ock
570 913 22 20 åt
606 912 214 28 landtmannafartyg
835 911 33 21 in-

116 953 83 22 rymma
211 946 110 21 särskilda
331 946 111 21 förmoner
454 946 90 21 framför
556 946 168 29 borgerskapets
735 946 84 28 fartyg,
835 945 33 21 får

115 980 181 28 borgareståndet
310 980 158 29 underdånigst
482 980 114 21 framhålla
611 981 105 27 följande,
732 987 35 14 om
779 979 88 22 hvilkas

115 1014 156 29 upphäfvande
285 1014 179 29 borgareståndet
479 1014 59 21 velat
549 1015 41 21 hos
601 1015 70 21 Eders
683 1014 125 29 Kejserliga
819 1013 50 22 Ma-

113 1049 68 28 jestät
196 1049 55 28 göra
265 1048 137 29 underdånig
416 1048 114 27 anhållan,
545 1049 109 28 nemligen
670 1048 112 29 angående

184 1088 23 28 a)
225 1087 259 30 Fartygsbesättningars
504 1089 147 28 inmönstring
667 1088 41 21 och
724 1087 145 30 afmönstring

115 1122 13 22 å
144 1121 166 29 sjömanshusen
324 1125 57 19 samt
391 1122 58 22 inför
461 1123 177 29 magistraterne,
652 1123 66 28 jemte
729 1122 141 22 utfärdandet

116 1156 25 22 af
157 1156 57 22 folk-
231 1156 54 22 eller
306 1157 186 28 magistratspass.
512 1169 28 3 —
559 1157 93 21 Jemlikt
673 1157 144 28 reglementet
835 1157 35 21 för

116 1190 202 29 kofferdiskeppare
333 1192 41 20 och
392 1191 81 28 sjöfolk
488 1192 24 20 af
525 1191 42 21 den
584 1191 26 21 30
626 1198 57 14 mars
701 1191 53 21 1748
769 1190 42 21 och
828 1190 41 21 136

115 1226 11 27 8
140 1225 7 21 i
163 1224 243 30 seglationsordningen
422 1225 23 21 af
458 1225 41 21 den
516 1225 27 21 28
559 1226 41 27 maj
618 1225 62 27 1839,
695 1224 57 22 skall
762 1224 109 28 skeppare

115 1260 14 20 ä
140 1259 207 29 stapelstadsfartyg
355 1260 57 20 först
423 1260 59 20 inför
490 1259 227 28 skeppsombudsman
729 1258 90 28 förhyra
827 1258 43 21 och

115 1292 96 22 derefter
223 1293 37 21 vid
271 1294 142 28 magistraten
424 1293 45 21 läta
479 1294 122 21 inmönstra
614 1293 135 28 besättning,
765 1291 106 23 särskildt

116 1328 34 20 för
167 1327 73 28 hvarje
257 1327 82 22 utrikes
355 1328 93 28 sjöresa,
464 1327 52 22 derä
530 1328 142 27 magistraten
688 1326 99 22 utfärdar
797 1326 38 21 det
847 1326 24 22 sä

116 1361 85 22 kallade
220 1362 132 28 folkpasset,
371 1362 85 21 hvilket
474 1363 66 27 utgör
560 1362 61 21 bevis
641 1362 62 20 öfver
721 1361 43 21 den
783 1360 84 22 skedda

116 1396 181 28 inmönstringen.
319 1396 78 28 Enligt
408 1403 81 14 samma
498 1396 155 28 förordningar
661 1395 55 22 skall
724 1394 129 22 afmönstrin
861 1402 14 20 g

116 1429 25 22 af
153 1429 152 29 besättningen
321 1430 46 21 åter
382 1430 12 20 ä
406 1430 140 28 sjömanushus
558 1430 40 21 och
610 1430 59 20 inför
681 1430 114 28 magistrat
808 1428 64 22 verk-
