1031 1700
182 112 40 24 536

153 177 32 19 att
200 174 71 23 denna
287 175 81 27 vägran
385 174 55 21 hade
456 174 33 22 sin
506 174 69 28 grund
591 174 7 23 i
614 175 41 21 den
672 175 108 23 allmänna
796 175 113 28 meningen

153 209 60 23 inom
235 208 137 27 kommunen,
396 212 15 17 t.
427 216 33 13 ex.
480 208 97 27 sälunda,
593 213 31 16 att
645 209 32 21 för
698 207 129 30 giltigheten
843 211 24 19 af
879 212 31 18 ett

154 242 24 22 sä
194 242 123 25 beskaffadf
332 243 71 22 heslut
414 243 136 22 erfordrades
562 245 31 18 att
605 243 66 21 minst
683 244 82 21 hälften
777 244 24 20 af
814 244 96 21 kommu-

153 284 54 14 nens
221 277 131 29 röstegande
367 277 139 22 medlemmar
521 284 51 14 vore
584 277 135 22 närvarande
730 278 42 20 och
784 277 37 22 två
832 277 78 28 tredje-

155 311 61 22 delar
235 312 24 21 af
275 312 64 23 dessa
354 319 34 13 om
406 312 92 21 beslutet
513 318 60 18 ense;
596 319 47 14 men
661 312 27 21 dä
704 312 71 27 någon
791 312 67 21 sådan
875 312 35 20 be-

154 346 109 28 stämning
278 346 48 24 icke
342 346 74 21 blifvit
431 346 24 21 af
469 346 157 21 bondeståndet
642 346 111 28 uppställd
767 346 41 21 och
819 345 90 27 således,

155 381 7 21 i
181 380 104 24 händelse
303 380 72 22 denna
390 380 70 28 punkt
475 383 97 26 antoges,
588 380 40 23 lätt
644 380 72 21 kunde
733 380 86 24 inträffa
834 383 31 17 att
879 382 31 18 ett

156 414 110 28 vägrande
283 414 71 22 beslut
369 414 93 21 fattades
478 415 25 20 af
515 414 66 28 några
598 415 27 25 få,
642 414 83 22 kanske
741 418 30 17 ett
783 414 51 21 eller
846 416 64 18 annat

156 448 62 24 tiotal
235 456 108 22 personer,
359 449 68 20 måste
440 450 38 26 jag
494 448 98 29 afstyrka
607 449 133 28 antagandet
751 450 64 20 äfven
827 448 24 21 af
859 449 51 20 den-

156 490 28 18 pa
199 483 70 30 punkt
283 482 7 22 i
305 482 164 29 inbjudningen,

224 522 59 22 Herr
299 522 138 22 Thermén:
467 522 44 22 För
527 523 42 20 min
586 522 34 22 del
637 522 98 24 anhåller
747 524 39 28 jag
803 523 20 22 få
835 523 75 21 förena

156 557 45 29 mig
221 558 47 20 med
285 558 73 21 herrar
373 557 97 22 Juselius
486 557 40 21 och
542 556 74 23 Mölsä
631 558 112 27 angående
760 559 67 20 första
843 557 68 28 punk-

155 595 37 21 ten
214 592 7 20 i
243 591 164 28 inbjuäningen.
445 591 85 24 Genom
549 595 31 17 att
598 592 91 21 sålunda
709 593 28 26 gå
753 592 158 21 bondeståndet

157 626 33 21 till
209 627 68 20 mötes
297 626 70 22 skulle
383 626 165 28 enstämmighet
563 626 92 22 stånden
671 627 90 20 emellan
777 627 72 20 kunna
865 627 45 20 vin-

156 667 39 14 nas
217 661 7 20 i
247 660 41 22 den
308 660 84 29 vigtiga
411 660 233 29 lagstiftningsätgärd,
664 668 45 13 som
729 661 180 26 hufvudsakligen

157 695 58 23 afser
233 694 370 28 husbehofsbränvinsbränningens
620 695 142 26 afskaffande,
779 695 82 21 hvilket
876 702 35 21 sy-

157 736 38 14 nes
215 729 44 28 mig
279 737 52 12 vara
348 736 26 13 en
394 729 47 20 icke
457 729 61 28 ringa
534 729 77 22 fördel.
648 729 44 28 Jag
709 737 61 13 anser
786 729 23 21 sä
824 729 87 28 mycket

157 771 58 13 mera
237 763 47 24 skäl
309 763 72 21 härtill
405 763 139 26 förekomma,
566 771 46 13 som
633 763 190 22 bränvinsskatten
843 764 6 19 i
868 763 43 21 alla

157 797 115 24 händelser
291 797 96 25 kommer
406 801 31 17 att
456 797 32 24 till
504 798 80 21 största
600 798 62 21 delen
678 798 102 27 antingen
797 797 70 21 direkt
882 797 29 21 el-

157 831 32 25 ler
204 831 94 22 indirekt
313 831 111 21 användas
440 832 33 21 till
489 832 95 22 lättande
600 833 24 20 af
637 832 27 21 de
680 832 81 22 bördor
776 839 45 14 som
835 831 76 28 trycka

155 865 137 28 jordbruket,
309 865 40 21 och
366 869 31 17 att
412 865 36 21 det
464 866 82 21 således
563 866 42 21 kan
621 874 52 13 vara
686 866 6 20 i
704 866 37 20 det
753 867 106 20 närmaste
870 865 41 22 lik-

158 900 74 28 giltigt
247 900 6 20 i
270 900 87 20 hvilken
373 899 93 29 ordning
482 900 26 21 de
524 901 58 27 utgå.
619 899 34 22 De
671 901 70 26 bägge
757 901 70 26 öfriga
843 900 68 27 punk-

158 937 61 18 terna
233 935 6 20 i
256 934 164 28 inbjudningen,
435 941 45 14 som
497 935 48 20 röra
560 935 45 20 helt
621 934 41 21 och
675 935 66 20 hället
753 934 66 21 andra
831 935 80 27 frägor,

159 975 62 14 anser
236 969 62 20 äfven
312 969 39 27 jag
367 969 53 20 böra
436 969 91 20 förfalla.

227 1008 57 25 Herr
300 1007 96 22 Wolff:
434 1008 77 23 Under
529 1008 122 28 gårdagens
671 1008 124 21 diskussion
813 1008 6 21 i
836 1009 75 27 frågan

159 1046 38 25 tog
213 1043 39 28 jag
271 1043 44 27 mig
331 1042 91 23 friheten
438 1043 116 28 tillstyrka,
571 1043 36 20 det
623 1043 86 20 ståndet
724 1043 65 20 måtte
806 1043 106 21 vidblifva

158 1077 37 24 det
211 1077 71 21 beslut
297 1077 86 20 ståndet
398 1084 82 14 samma
495 1077 42 28 dag
554 1077 48 20 kort
618 1077 45 20 före
676 1077 167 28 inbjudningens
855 1077 57 20 med-

159 1111 91 21 delande
266 1111 69 20 fattat.
365 1111 42 20 Att
422 1119 28 12 nu
466 1111 45 20 åter
527 1111 76 28 frångå
623 1107 84 36 nämnda
720 1111 77 21 -beslut
809 1111 6 20 i
828 1112 84 19 väsent-

159 1145 44 28 liga
218 1144 60 22 delar
293 1145 70 21 skulle
379 1145 68 28 enligt
463 1145 42 21 min
522 1148 63 18 tanke
602 1146 46 20 visa
664 1153 44 21 nog
723 1146 87 27 mycket
825 1145 87 21 vankel-

158 1179 57 21 mod.
249 1178 35 22 En
303 1178 114 29 obetydlig
433 1179 148 21 modifikation
598 1179 52 21 eller
667 1180 75 21 formel
759 1179 102 28 ändring,
877 1186 35 16 om

157 1215 38 27 jag
211 1214 23 21 så
249 1214 33 21 får
297 1214 58 20 kalla
370 1214 49 26 den,
434 1221 63 14 anser
509 1214 39 27 jag
564 1213 57 21 dock
637 1213 72 21 kunna
725 1214 64 27 göras
801 1213 7 21 i
821 1213 91 21 nämnda

161 1248 76 26 beslut,
261 1256 77 20 genom
358 1250 31 18 att
409 1247 107 29 uppflytta
531 1248 37 20 det
583 1247 166 29 ifrågavarande
765 1248 98 27 anslaget
878 1248 35 20 för

159 1282 154 22 kommunerne
336 1282 32 20 till
392 1285 92 18 rummet
502 1283 49 19 näst
569 1283 54 19 efter
638 1282 173 28 ersättningarne
827 1282 22 20 ät
864 1282 49 20 kro-

160 1323 49 19 nan,
225 1316 28 27 på
267 1317 44 21 sätt
326 1316 73 20 herrar
415 1315 73 21 Mölsä
503 1316 40 21 och
555 1315 96 22 Juselius
665 1316 120 28 föreslagit,
796 1316 57 21 dock
864 1316 49 20 icke

161 1350 27 29 på
210 1350 36 20 det
269 1350 47 21 skäl
337 1353 31 17 att
387 1350 157 21 bondeståndet
563 1358 77 20 genom
661 1350 122 28 afsägelsen
799 1350 25 20 af
836 1350 77 21 husbe-

161 1384 344 27 hofsbränvinsbränningsrätten
524 1384 70 20 skulle
613 1385 58 27 gjort
690 1384 71 28 någon
779 1384 134 28 uppoffring,

161 1422 22 24 ty
204 1417 157 23 bondeståndet
380 1418 7 21 i
402 1419 34 21 sin
453 1418 71 22 helhet
539 1418 39 22 har
593 1418 48 21 icke
658 1418 46 22 haft
719 1419 72 27 någon
808 1418 67 21 fördel
891 1418 25 24 af
