1031 1700
191 67 28 21 80

162 130 49 25 den,
227 136 47 14 som
290 129 62 21 idkar
368 137 70 13 annan
455 130 84 27 handel,
555 133 31 19 att
602 130 81 22 befatta
699 131 34 29 sig
745 130 48 22 med
806 132 113 22 bränvins=

162 161 132 31 försäljnitig
313 164 139 28 uppfattades
472 165 25 20 af
509 165 44 27 mig
568 165 102 27 sålunda,
686 170 31 16 att
732 166 87 21 dermed
837 166 82 28 äsyfta-

161 198 40 21 des
216 198 78 21 endast
309 199 111 21 städernes
436 198 128 26 handlande,
581 207 47 13 men
645 200 24 20 af
682 200 37 20 det
734 200 107 28 yttrande,
858 208 25 13 en
896 201 25 20 af

162 232 118 22 utskottets
295 232 120 22 ledamöter
430 240 27 13 nu
474 233 7 20 i
496 234 72 20 ämnet
580 234 98 27 afgifvit,
689 234 69 20 finner
767 235 39 27 jag
819 238 31 17 att
861 242 57 13 sam-

162 275 35 13 ma
213 266 79 22 förbud
308 270 82 18 ansetts
406 267 53 21 böra
474 266 58 28 gälla
547 268 63 20 äfven
627 268 190 21 landthandlande.
853 267 12 21 I
880 276 38 13 an-

161 301 90 28 ledning
274 301 63 21 deraf
357 301 39 21 vill
412 302 38 26 jag
469 302 79 25 erinra,
568 304 31 18 att
618 302 78 21 förbud
716 302 67 21 redan
798 302 69 22 finnes
883 303 34 21 för

162 335 165 21 landthandlare
343 338 32 18 att
390 335 71 21 drifva
477 335 77 21 handel
570 335 48 21 med
634 336 73 21 starka
720 336 101 28 drycker.
849 336 67 22 Hvad

161 370 46 20 åter
229 369 112 21 städernes
360 369 123 21 handlande
502 369 107 28 beträffar,
629 370 27 21 så
668 378 41 21 ega
725 370 26 22 de
767 372 58 20 förut
840 371 76 28 rättig-

161 404 38 21 het
217 407 32 17 att
267 403 80 21 handla
366 403 48 22 ined
430 411 58 19 rum,
502 403 91 29 konjak,
609 404 41 21 och
667 404 67 22 andra
749 405 166 28 dryckesvaror,

161 438 77 21 hvilka
256 438 37 20 äro
312 438 7 21 i
338 445 82 14 samma
435 438 97 28 kategori
548 445 46 14 som
611 438 98 22 bränvin.
746 438 91 22 Erbålla
852 439 63 21 desse

161 472 124 21 handlande
307 480 28 13 nu
358 472 104 28 rättighet
484 475 31 18 att
531 472 81 28 jemväl
628 473 89 28 försälja
733 473 100 27 bränvin,
849 480 67 21 synes

161 506 146 22 förhållandet
322 507 19 28 ej
358 506 66 21 hafva
439 507 6 20 i
462 506 151 22 hufvudsaken
629 507 116 29 undergätt
759 508 71 28 någon
843 508 73 20 förän-

161 540 64 29 dring
241 540 41 22 och
297 540 85 23 således
398 541 70 28 någon
486 541 55 21 våda
556 542 18 27 ej
591 548 53 14 vara
659 542 86 21 dermed
763 542 99 26 förenad,
879 549 35 14 om

161 575 43 21 slik
227 575 128 28 försäljning
374 575 49 21 dem
442 575 128 28 medgifves.
607 576 105 21 Deremot
728 576 39 21 bör
782 576 132 28 riktigheten

161 610 24 21 af
201 609 42 22 den
259 609 171 28 anmärkningen
446 613 107 24 senteras,
569 612 31 18 att
619 610 2 21 i
636 610 92 27 mången
745 611 23 20 af
785 609 27 22 de
831 610 83 21 mindre

161 643 100 22 städerne
285 643 66 22 andra
370 641 103 30 lämplige
494 643 215 29 bränvinsförsäljare
731 645 27 20 än
780 644 94 29 köpmän
893 645 19 27 ej

160 677 62 22 torde
237 677 74 22 kunna
326 677 100 22 erhållas.

228 717 59 22 Herr
300 717 131 22 Juselius:
455 716 43 23 Om
511 718 38 28 jag
564 717 78 29 riktigt
657 718 109 28 uppfattat
782 717 49 22 herr
846 717 68 22 Ther-

160 753 60 20 möns
242 751 111 29 yttrande,
377 751 24 22 sä
419 751 39 22 vill
477 751 41 22 han
537 759 25 14 ur
580 752 147 28 sedlighetens
743 753 112 28 synpunkt
869 753 44 21 för-

159 793 64 14 svara
246 786 141 21 kommunens
406 787 42 20 rätt
466 789 32 18 att
516 787 66 27 vägra
602 786 233 29 bränvinsförsäljning
854 787 59 20 inom

160 821 143 20 kommunens
325 819 94 22 område.
460 819 49 22 Den
529 828 47 13 som
595 820 7 21 i
621 821 71 28 någon
709 821 47 20 män
773 821 82 20 känner
869 821 44 20 för-

160 854 129 21 hällandena
308 854 58 21 inom
387 854 48 21 värt
455 854 61 27 land,
535 854 42 21 kan
594 854 57 21 dock
666 855 47 20 icke
729 855 56 20 sätta
802 855 111 28 synnerlig

159 889 26 20 lit
207 889 32 20 till
259 888 60 21 detta
337 888 59 28 hopp
416 891 31 18 att
462 888 28 21 all
507 889 232 28 bränvinsförsäljning
755 889 70 20 skulle
839 888 74 21 kunna

159 930 80 21 genom
261 922 161 21 ofvannämnda
444 922 77 29 ätgärd
544 922 131 22 förhindras.
714 923 43 21 Det
777 923 24 20 är
815 922 97 27 derföre,

159 957 68 28 enligt
243 957 44 21 min
302 957 64 28 äsigt,
382 957 77 26 bättre,
476 959 30 18 att
520 964 25 13 en
562 957 148 21 kontrollerad
724 957 189 28 bränvinsförsälj-

159 991 53 28 ning
235 991 104 21 existerar
357 993 57 18 samt
432 993 32 18 att
480 991 41 20 slik
537 991 77 20 handel
630 991 19 28 ej
666 991 32 20 fär
713 991 6 20 i
735 994 65 17 annat
815 991 38 20 fall
869 991 45 21 för-

159 1025 78 27 bjudas
257 1025 26 20 än
303 1028 40 23 att,
359 1025 28 28 pä
402 1025 43 20 sätt
460 1025 40 21 den
517 1025 23 20 af
552 1025 45 28 mig
612 1025 122 28 äberopade
751 1025 161 21 reservationen

160 1059 97 26 föreslär,
274 1059 100 21 säkerhet
390 1059 86 20 vunnits
492 1059 73 20 derom
582 1062 30 17 att
628 1059 91 21 flertalet
731 1059 24 21 af
764 1059 149 28 församlings-

158 1093 167 21 medlemmarne
340 1093 60 28 hylla
416 1093 84 28 äsigten
516 1101 34 13 om
566 1097 76 24 nyttan
659 1093 24 21 af
695 1093 78 21 förbud
789 1097 45 17 mot
849 1093 63 21 brän-

158 1127 178 28 vinsförsäljning
355 1127 58 21 inom
432 1127 138 21 kommunen.
607 1127 43 21 Till
669 1134 50 14 svar
734 1127 12 21 å
761 1127 50 21 herr
826 1127 86 22 Mölsäs

158 1165 85 17 senaste
267 1161 119 21 anförande
410 1168 34 14 om
466 1161 132 28 rättigheten
618 1162 34 20 för
671 1161 124 21 handlande
814 1164 31 18 att
859 1161 53 21 idka

158 1196 130 28 försäljning
310 1196 21 20 at
354 1195 91 21 bränvin
464 1195 33 21 fär
513 1196 39 27 jag
566 1195 105 29 upplysa,
687 1198 32 18 att
733 1195 86 21 dermed
835 1196 77 20 afsetts

157 1230 76 21 endast
257 1229 121 21 handlande
402 1230 6 20 i
428 1229 110 27 städerne,
562 1230 99 26 emedan,
681 1230 70 20 säsom
771 1229 49 21 herr
837 1229 75 21 Mölsä

157 1264 110 26 anmärkt,
286 1263 184 21 landthandlande
488 1263 48 21 icke
555 1270 41 22 ega
611 1264 43 20 rätt
669 1267 31 17 att
715 1263 90 28 försälja
821 1263 91 21 bränvin

157 1298 52 20 eller
225 1298 67 20 andra
307 1298 156 28 spritdrycker.

225 1336 58 22 Herr
299 1335 143 23 Sundman:
472 1336 65 22 Hvad
554 1338 66 28 angär
635 1337 130 29 rättigheten
787 1337 34 21 för
839 1337 73 21 lands-

156 1371 154 21 kommunerne
329 1374 41 25 att,
391 1379 35 13 om
446 1371 26 22 de
488 1372 24 20 sä
528 1372 33 20 för
576 1371 54 29 godt
645 1372 69 27 finna,
731 1372 102 28 förvägra
849 1371 63 21 brän-
