1031 1700
809 125 40 21 103

468 187 13 28 8
496 187 33 20 76.

191 226 58 22 Herr
264 226 97 22 Mölsä:
384 226 71 21 Dland
468 226 45 21 dei
525 226 70 21 derina
606 226 12 28 &
631 226 175 23 förekommande
817 228 58 22 stad-

122 261 86 29 ganden
227 262 42 20 kan
286 262 38 27 jag
343 261 49 21 icke
407 260 116 29 godkänna
538 260 47 27 det,
601 268 45 14 som
663 261 47 21 med
727 261 60 21 böter
803 262 72 29 beläg-

122 304 40 20 ger
177 296 98 28 utläning
291 296 24 20 af
328 295 89 21 bränvin
434 296 46 20 utaf
495 294 66 22 sädan
578 302 89 21 person,
682 302 46 14 som
743 296 48 21 icke
803 297 24 20 är
839 298 35 20 be-

122 330 95 28 rättigad
233 333 32 18 att
281 329 90 21 bränvin
388 329 94 27 försälja.
518 328 44 29 Jag
578 336 62 14 anser
655 329 36 21 det
706 337 51 14 vara
772 330 101 28 temligen

122 364 94 29 obilligt,
232 371 34 14 om
282 372 25 13 en
324 371 79 21 person
419 364 96 20 kommer
531 366 31 18 att
574 363 141 22 underkastas
727 372 77 14 ansvar
815 367 15 18 t.
839 372 33 14 ex.

124 398 74 21 derför
221 402 30 17 att
274 398 40 21 han
334 398 33 20 till
386 398 33 20 sin
438 405 92 21 granne,
549 397 87 22 hvilken
652 397 38 22 har
705 398 105 22 behof'af
825 406 49 14 men

122 432 49 22 icke
186 433 34 21 för
235 432 96 22 tillfället
346 433 24 20 är
386 432 87 21 försedd
490 431 47 22 med
554 432 101 27 bränvin,
666 432 53 22 eller
729 432 42 22 kan
783 433 22 22 fä
815 432 58 29 köpa

123 466 86 27 sädant,
225 466 64 22 deraf
301 466 84 21 utlänar
401 466 73 28 nägot.
496 465 35 21 En
547 466 66 21 sädan
628 466 145 28 transaktion,
785 466 88 22 hvilken

122 501 49 21 icke
187 502 56 20 afser
259 500 233 28 bränvinsförsäljning
507 500 28 28 pä
549 500 81 26 kredit,
646 504 50 18 utan
707 500 77 22 endast
794 508 78 15 varans

122 535 99 29 utläning
243 538 58 18 emot
323 534 157 28 äterbetalning
498 534 7 21 i
520 542 82 13 samma
616 542 62 19 vara,
692 534 42 22 kan
749 536 19 27 ej
783 535 8 21 i
805 535 68 29 nägot

123 570 39 21 fall
179 569 66 22 blifva
261 571 33 20 för
309 569 135 28 sedligheten
461 569 96 28 skadlig,
573 569 100 22 hvarföre
685 569 38 29 jag
739 569 91 22 föreslär
841 572 31 19 att

123 604 78 21 orden:
223 604 66 21 ”eller
307 603 71 22 såsom
398 603 34 21 län
451 603 106 28 utgifver”
573 603 66 22 borde
655 603 46 22 från
717 603 155 28 författningen

123 639 112 21 uteslutas.
265 637 66 22 Hvad
347 637 97 21 deremot
458 637 88 27 stadgas
562 637 112 28 angående
685 637 188 29 bränvinsförsälj-

122 673 54 28 ning
187 673 52 21 eller
254 671 136 30 utborgande
406 675 45 17 mot
466 674 52 25 pant
532 671 42 22 kan
590 671 48 22 med
654 671 49 22 fullt
717 672 48 21 skäl
777 671 94 29 qvarstå.

191 711 58 22 Herr
264 710 27 23 O.
303 712 22 21 J.
338 710 152 29 Grönberg:
520 711 126 22 Tvärtemot
660 711 41 22 den
716 712 57 29 äsigt
787 712 85 29 föregå-

122 746 55 22 ende
193 747 67 20 talare
276 746 76 28 hyllat,
368 753 62 14 anser
442 746 38 27 jag
496 745 42 22 den
549 745 141 30 bestämning,
701 746 43 22 han
755 747 58 21 velat
823 746 48 22 frän

122 781 157 28 författningen
298 780 103 27 utesluta,
417 780 53 21 böra
488 779 38 22 der
544 775 125 27 bibehållas.
705 780 44 22 Det
763 781 108 22 missbruk

122 815 25 21 är
162 815 74 26 kändt,
252 815 79 20 hvaraf
344 815 91 28 krögare
451 814 108 29 begagnat
574 815 41 28 sig,
630 815 6 20 i
649 815 35 21 det
695 814 27 22 de
733 815 138 21 utminuterat

124 849 101 27 bränvin,
247 849 68 21 under
339 848 119 29 förklaring
481 851 31 18 att
530 848 37 21 det
584 849 97 28 utgifvits
697 849 70 21 såsom
782 849 46 27 lån,
842 849 29 28 på

122 882 84 22 hvilket
228 883 43 20 sätt
289 882 27 22 de
335 883 50 20 sökt
404 882 74 29 undgå
492 882 37 21 det
544 883 33 21 för
593 882 256 30 bränvinsutminutering
863 883 8 22 i

122 917 37 28 lag
175 917 105 28 stadgade
296 924 85 13 ansvar.

191 951 58 21 Herr
263 951 135 22 Juselius:
420 950 12 22 I
447 954 31 18 ett
493 951 38 21 fall
546 951 38 22 der
598 951 47 28 det,
660 951 71 22 såsom
745 951 46 26 här,
803 951 68 29 gäller

123 993 26 14 en
167 985 273 29 undantagslagstiftning,
456 993 66 20 synas
540 993 81 15 samma
640 985 56 28 skäl,
711 993 47 14 som
773 986 98 29 betingat

122 1019 103 22 förbudet
239 1022 32 18 att
285 1019 54 28 sälja
355 1019 100 27 bränvin,
472 1020 64 21 äfven
551 1020 116 23 förefinnas
682 1020 6 20 i
705 1019 99 22 afseende
814 1020 14 21 å
838 1022 33 19 ut-

122 1053 75 29 låning
213 1053 71 27 deraf,
299 1054 57 21 helst
371 1053 7 22 i
394 1057 88 18 motsatt
498 1054 37 21 fall
550 1054 88 27 enhvar,
654 1061 46 14 som
715 1053 71 22 blefve
797 1053 74 22 ankla-

121 1087 44 29 gad
181 1088 34 21 för
231 1087 78 29 oloflig
324 1087 129 29 försäljning
465 1088 24 21 af
498 1088 101 26 bränvin,
610 1088 61 21 alltid
681 1088 70 22 skulle
762 1088 37 21 vid
811 1087 60 23 dom-

122 1122 70 28 stolen
208 1121 110 27 förebära,
333 1125 32 18 att
381 1122 41 21 han
438 1121 78 23 endast
530 1122 82 22 utlånat
626 1122 128 28 detsamma,
769 1125 56 19 samt
839 1122 33 22 så-

122 1156 53 22 dant
187 1156 69 21 skulle
268 1156 113 22 föranleda
393 1156 34 21 till
438 1156 90 29 krångel
540 1157 40 21 och
591 1156 102 29 uppehåll
704 1157 7 21 i
723 1157 148 29 rättegången.

191 1189 58 23 Herr
264 1190 138 22 Thermén:
425 1190 44 22 Det
484 1191 25 21 af
521 1190 49 22 herr
585 1190 74 22 Mölsä
673 1191 129 21 omnämnda
813 1190 59 22 stad-

122 1224 71 30 gande
215 1225 39 21 har
273 1224 73 22 blifvit
363 1225 8 21 i
389 1224 70 22 denna
473 1225 13 29 &
502 1224 82 22 infördt
595 1226 46 27 just
655 1224 48 22 med
719 1225 116 27 anledning
849 1224 26 22 af

121 1259 38 22 det
174 1260 49 20 utaf
235 1258 50 22 herr
298 1258 97 22 Juselius
410 1259 107 29 uppgifna
532 1259 139 27 förhållande,
682 1258 41 22 och
731 1259 39 28 jag
781 1258 33 22 får
825 1258 47 22 der-

121 1294 48 21 före
183 1293 90 21 förorda
287 1293 166 29 ifrågavarande
468 1293 132 29 stadgandes
615 1292 166 30 godkännande.

190 1326 141 30 Proposition
350 1327 48 22 blef
413 1328 7 20 i
439 1327 117 29 anledning
578 1328 24 21 af
621 1327 48 21 herr
687 1326 85 22 Mölsäs
793 1325 79 30 yrkan-

122 1361 27 22 de
172 1361 131 27 framställd,
322 1368 49 15 men
387 1362 129 28 paragrafen
534 1362 8 20 i
560 1361 50 22 dess
625 1360 72 23 helhet
712 1363 51 19 utan
778 1360 94 22 särskild

121 1395 102 29 votering
245 1395 48 23 med
316 1396 162 28 öfvervägande
501 1395 157 29 röstpluralitet
675 1396 25 21 af
715 1394 86 23 ståndet
819 1394 53 29 god-

122 1429 65 24 känd.
