1031 1700
201 92 40 22 208

171 156 40 20 bar
233 155 105 21 orättvisa
361 155 41 21 och
421 155 48 21 icke
488 162 52 14 vara
558 155 105 27 förenligt
678 154 95 22 bvarken
789 155 49 21 med
854 155 71 29 någon

171 189 126 28 rättsgrund
313 189 52 21 eller
381 189 48 21 med
444 189 49 21 skäl
508 189 41 21 och
566 189 106 28 billighet,
685 189 100 21 hvarföre
795 190 55 28 jag
842 185 15 37 i
863 198 65 20 egan-

171 223 110 21 derättens
301 223 91 21 intresse
412 224 28 28 pä
458 224 36 20 det
510 223 78 28 högsta
603 223 100 21 förordar
718 224 121 28 antagande
855 226 24 19 af
891 224 36 21 det

172 258 83 28 förslag
268 258 39 28 jag
322 258 6 20 i
345 258 72 20 ämnet
432 258 92 28 afgifvit.

242 292 63 22 Efter
323 292 73 21 slutad
415 292 123 21 diskussion
554 292 146 21 framställdes
716 292 25 21 af
753 289 49 24 herr
817 292 109 21 talman-

173 334 48 13 nen
238 326 95 28 följande
350 326 146 28 proposition:

241 360 134 21 Godkänner
390 360 85 21 ståndet
491 363 115 19 momentet
622 361 11 20 7
646 360 68 29 enligt
725 360 115 22 utskottets
853 360 72 21 betän-

172 394 85 21 kande?
287 397 55 18 samt
357 394 71 21 såsom
445 394 225 28 kontraproposition:

241 429 71 20 Anser
331 428 85 22 ståndet
433 428 90 22 berörde
542 431 94 19 moment
654 429 53 21 böra
722 429 95 28 undergå
833 428 92 28 ändring

171 463 8 21 i
195 462 36 22 det
246 463 64 29 syfte,
326 466 31 18 att
371 462 46 22 den
428 463 165 28 ifrågavarande
609 464 146 28 ersättningen
769 463 68 21 skulle
849 463 76 21 utfalla

173 498 102 27 antingen
295 498 54 20 efter
364 497 42 21 den
422 497 166 27 exproprierade
604 498 101 20 markens
721 497 66 21 värde
802 498 6 20 i
824 497 48 21 dess
888 504 37 20 ge-

172 539 50 13 nom
243 531 153 29 sjöfällningen
416 530 132 22 förbättrade
562 531 69 27 skick,
647 531 48 21 med
712 531 76 28 afdrag
803 532 24 20 af
839 530 41 22 den
897 530 28 29 pä

172 566 59 21 detta
254 566 87 21 område
364 565 34 28 sig
418 565 120 28 belöpande
557 565 63 22 andel
635 566 7 20 i
658 564 266 30 sjöfällningskostnaden,

172 600 52 21 eller
240 600 41 21 ock
297 601 54 20 efter
363 599 89 29 jordens
469 599 41 22 och
526 600 109 27 grundens
651 599 66 22 värde
732 600 7 20 i
755 600 49 21 dess
820 600 104 21 oförbätt-

171 635 53 21 rade
240 634 69 27 skick,
328 637 55 18 samt
402 637 31 18 att
448 634 12 21 &
472 633 141 29 jordegarens
629 634 35 21 val
680 634 70 21 skulle
765 633 120 28 ankomma,
901 641 21 14 e-

171 669 58 21 hvad
252 669 42 21 han
314 667 97 22 önskade
430 668 157 27 ersättningens
607 668 138 21 beräknande
764 669 53 20 efter
832 668 36 21 det
883 675 40 14 ena

171 703 53 20 eller
247 703 67 21 andra
336 703 72 26 sättet,
428 703 28 27 pä
474 703 43 20 sätt
532 702 41 21 han
590 703 65 20 funne
670 702 49 21 med
734 703 33 20 sin
783 702 69 22 fördel
868 706 54 18 mest

171 736 250 23 Ofverensstämmande?

240 771 35 22 De
295 779 45 13 som
359 771 97 21 önskade
471 771 37 21 det
522 771 66 26 förra;
603 771 71 22 skulle
690 778 63 14 svara
764 771 102 28 jakande,
881 771 40 21 och

171 805 26 22 d>
213 813 45 14 som
274 805 51 22 ville
341 805 36 22 det
392 805 96 28 sednare,
503 813 63 14 svara
580 805 105 22 nekande.

238 839 135 22 Besvarades
396 839 48 22 med
460 841 24 27 ja
502 839 40 22 och
562 841 41 26 nej,
622 839 51 22 derä
689 840 100 28 votering
803 839 118 22 anställdes

171 873 48 22 med
239 877 31 18 ett
288 874 89 21 resultat
394 874 23 21 af
430 874 12 21 8
455 875 23 27 ja
493 874 40 21 och
549 875 27 20 22
591 875 45 27 nej;
655 875 7 20 i
678 873 54 29 följd
748 874 78 21 hvaraf
838 874 83 21 säledes

171 908 85 21 ständet
278 908 95 21 uttalade
394 909 33 28 sig
446 909 34 20 för
498 911 126 19 momentets
640 908 83 29 lydelse
738 908 8 21 i
761 908 36 21 det
812 908 7 21 i
834 908 87 21 kontra-

170 943 164 27 propositionen
350 945 112 26 upptagna
478 943 63 28 syfte.

238 977 115 28 Enhälligt
369 977 40 20 och
426 980 50 18 utan
492 977 123 21 diskussion
632 977 72 22 blefvo
720 977 95 21 härefter
826 984 94 14 momen-

169 1013 59 19 terne
247 1013 20 25 8,
287 1011 20 26 9,
328 1011 33 27 10,
381 1011 33 26 11,
431 1012 33 27 12,
481 1011 32 27 13,
531 1011 32 28 14,
581 1012 25 20 15
621 1011 42 22 och
680 1011 25 21 16
721 1011 68 31 enligt
804 1011 115 22 utskottets

169 1045 136 22 betänkande
321 1045 24 21 af
357 1045 87 22 ståndet
458 1046 88 28 gillade.

482 1091 68 22 Mom,
567 1089 33 24 17.

237 1123 57 24 Herr
309 1125 166 29 Tengström:
504 1125 12 21 I
526 1129 118 19 momentet
655 1126 56 22 afses
723 1124 92 30 troligen
828 1128 31 19 att
870 1125 49 27 den,

168 1167 46 15 som
236 1160 101 28 upplåter
358 1160 62 22 mark
442 1161 34 21 för
494 1161 189 28 vattenledningen
701 1160 41 22 bör
759 1160 22 22 få
799 1160 120 28 ersättning

168 1194 76 22 endast
261 1195 8 21 i
288 1194 41 22 den
347 1194 104 22 händelse
467 1197 31 19 att
512 1194 42 22 han
570 1195 50 28 sjelf
633 1195 63 21 deraf
707 1194 49 22 icke
772 1194 38 21 har
825 1197 94 18 motsva-

167 1229 67 21 rande
253 1232 67 26 nytta,
339 1236 48 14 men
403 1232 31 18 att
448 1230 8 20 i
471 1232 88 18 motsatt
574 1229 38 21 fall
626 1229 89 21 marken
731 1229 40 21 bör
786 1229 65 21 afstås
867 1232 52 18 utan

167 1264 128 28 ersättning.
331 1263 67 22 Detta
421 1263 67 22 borde
506 1264 34 20 väl
559 1264 109 28 tydligare
687 1263 111 29 uttryckas
817 1264 26 20 än
859 1263 6 21 i
882 1263 36 21 be-

167 1297 119 21 tänkandet
301 1298 63 27 skett,
381 1306 48 13 men
444 1298 28 21 dä
487 1306 26 13 en
528 1298 98 21 närmare
642 1297 135 28 bestämning
791 1297 7 21 i
814 1296 58 22 detta
887 1297 31 21 af:

167 1331 79 22 seende
265 1332 145 28 förmodligen
428 1332 96 21 kommer
544 1335 31 18 att
592 1332 51 28 ingå
658 1332 8 20 i
681 1332 37 20 det
734 1330 109 22 blifvande
857 1331 8 21 i
880 1330 38 22 de

165 1365 37 28 talj
218 1365 126 22 utarbetade
359 1366 253 28 författningsförslaget,
627 1366 24 21 sä
666 1365 62 22 torde
740 1368 116 19 momentet
867 1368 51 18 utan

164 1399 67 29 något
246 1399 79 30 tillägg
339 1400 8 22 i
361 1400 94 23 nämnde
470 1400 58 30 syfte
542 1400 74 23 kunna
631 1400 24 23 af
667 1400 87 22 ståndet
768 1399 149 29 godkännas.”
