1031 1700
797 136 40 20 417

114 198 83 27 månad,
216 198 36 22 det
267 205 38 15 ena
321 198 48 21 med
385 197 169 29 presteståndets
570 197 70 22 beslut
655 197 36 22 vid
708 198 157 30 handläggnin-

114 240 42 20 gen
175 233 24 21 af
215 232 229 22 ekonomieutskottets
464 232 302 29 sammanjemkningsförslag
782 234 6 20 i
804 234 61 21 ärens

114 267 37 21 det
166 266 89 22 rörande
271 266 78 28 nådiga
364 266 164 28 propositionen
545 274 35 13 om
592 266 104 28 ntvidead
710 266 99 22 handels-
821 268 42 21 och

114 300 159 28 näringsfrihet,
289 304 54 18 samt
358 300 38 21 det
410 300 67 21 andra
492 300 110 28 angående
618 300 108 21 allmänna
742 301 122 21 besvärsuts

114 335 91 21 skottets
227 334 82 28 förslag
327 334 34 21 till
379 334 135 28 underdänig
533 334 90 28 petition
642 342 35 13 om
692 336 171 27 reorganisation

115 370 24 20 af
159 368 82 22 landets
261 368 77 28 högsta
356 368 153 28 styrelseverk,
529 368 138 29 ansvarighet
686 370 33 20 för
734 370 128 20 monarkens

114 402 123 29 rädgifvare
260 403 39 21 och
322 402 134 22 anställande
478 403 25 21 af
522 410 26 13 en
568 403 125 21 ständernes
710 404 153 26 ombudsman;

114 437 41 21 och
179 437 79 21 beslöts
281 439 31 19 att
334 432 90 26 berörda
444 441 32 17 tre
494 436 210 29 protokollsutdraa;
723 438 74 21 hvilka
815 438 48 21 icke

115 471 125 22 föranledde
262 472 33 20 till
316 471 74 21 vidare
412 470 85 29 ätgärd;
518 471 71 21 skulle
611 471 76 28 läggas
710 472 33 20 till
765 472 97 22 ständets

115 505 134 29 handlingar.

183 540 82 22 Vidare
287 540 113 28 föredrogs
422 539 108 21 allmänna
548 539 206 22 besvärsutskottets
772 540 91 22 insända

116 575 82 28 förslag
213 575 32 20 till
261 575 123 20 ständernes
402 573 145 29 underdåniga
564 575 114 26 petitioner
689 575 6 20 i
708 575 95 28 följande
814 576 48 27 fyra

115 609 97 26 ärender,
230 609 116 27 nemligeni
371 609 39 26 1:0,
430 608 111 29 angående
561 609 147 27 berättigande
727 609 31 20 till
778 609 83 22 inträde

115 643 41 21 och
171 643 92 21 lånerätt
277 643 7 21 i
299 643 69 20 finska
383 642 251 29 hypotheksföreningen
651 643 33 20 för
699 650 63 21 egare
778 643 24 21 af
811 644 50 20 fräl-

114 682 33 16 se-
170 673 40 25 och
233 676 194 29 skattelägenheter
449 677 49 20 utaf
518 672 82 25 mindre
618 678 27 19 än
664 677 106 21 ättatusen
789 677 72 22 marks

114 711 77 26 värde;
207 711 40 26 2:0,
263 719 34 13 om
313 719 28 20 ny
355 711 221 28 landtdagsordnings
592 711 154 28 föreläggande
757 711 33 22 till
803 712 58 21 stän-

114 745 78 22 dernes
210 746 103 28 pröfning
331 745 36 22 vid
385 745 178 21 nästkommande
582 745 113 28 landtdag;
718 745 42 27 3:0;
774 753 35 14 om
825 746 35 21 be-

113 780 122 27 rättigande
253 781 33 20 för
305 779 82 22 landets
403 779 91 29 styrelse
510 782 31 18 att
556 780 124 28 organisera
695 787 26 14 en
737 780 123 28 telegrafins

114 815 95 28 rättning
228 814 6 21 i
253 814 82 26 landet;
357 813 41 22 och
413 814 41 26 4:0,
470 821 35 14 om
522 813 99 28 förhöjda
637 813 112 28 pensioner
765 814 22 21 ät
802 817 58 19 vete-

113 856 89 14 ranerne
219 848 46 21 frän
282 848 53 21 1808
352 848 41 21 och
410 848 53 21 1809
479 848 62 21 ärens
556 848 55 27 krig.

182 882 105 27 Samtliga
298 882 158 21 ofvanberörda
467 882 185 29 petitionsförslag
664 882 79 27 blefvo,
754 885 51 18 utan
817 883 43 21 dis-

113 911 90 26 kussion
225 915 41 22 och
287 915 55 22 efter
363 915 75 22 derom
456 917 25 20 af
497 916 48 21 herr
561 916 147 21 talmannen
727 916 134 22 framställda

113 951 167 28 propositioner;
295 950 24 21 af
331 950 84 21 ståndet
428 950 104 29 enhälligt
543 950 126 29 godkände;
685 950 88 21 hvarom
783 951 78 21 under:

112 985 89 21 rättelse
216 984 69 22 skulle
301 985 59 20 såväl
374 985 26 20 de
416 985 124 28 respektiva
556 985 137 21 medständen
709 991 47 14 som
771 985 89 21 allmäns

112 1027 28 13 na
156 1018 193 22 besvärsutskottet
363 1027 79 20 genom
458 1019 200 28 protokollsutdrag
673 1019 115 21 meddelas.

181 1059 101 21 Härefter
304 1059 110 21 fortsattes
432 1059 41 20 den
493 1059 7 20 i
519 1059 121 28 gårdagens
659 1059 86 27 plenum
761 1059 99 28 päbörja-

112 1093 27 22 de
163 1092 156 29 behandlingen
341 1093 24 21 af
385 1097 153 17 sammansatta
563 1097 63 17 stats-
654 1093 40 20 och
721 1093 139 28 bevillnings-

112 1127 117 21 utskottets
251 1127 133 22 betänkande
404 1128 6 20 i
429 1127 118 29 anledning
566 1128 24 21 af
602 1127 80 29 nådiga
696 1127 163 29 propositionen

112 1161 109 29 angående
241 1162 74 28 anslag
330 1162 33 21 till
377 1162 123 21 inrättande
515 1162 25 21 af
552 1162 127 26 folkskolor,
694 1162 33 20 till
743 1162 118 28 anläggan-

112 1196 27 21 de
154 1197 24 20 af
190 1204 43 20 nya
247 1196 301 21 kommunikationsanstalter
563 1200 55 17 samt
631 1196 32 21 till
675 1195 106 22 särskilda
793 1195 66 23 andra

111 1230 166 29 allmännyttiga
291 1231 94 28 företag;
401 1230 91 22 hvarvid
508 1231 24 21 af
544 1230 41 22 den
602 1232 24 20 af
638 1230 106 22 utskottet
756 1230 103 28 uppgjor-

110 1264 28 21 da
153 1264 222 29 bevillningsstadgan
390 1265 7 21 i
413 1265 120 28 ordningen
550 1264 67 28 följde

196 1333 3 1 |
459 1306 49 28 84

178 1338 60 22 Herr
251 1338 26 22 O.
293 1338 25 22 F.
335 1338 139 30 Grönberg
493 1339 97 29 yttrade:
621 1338 32 22 På
672 1337 69 30 grund
760 1338 24 22 af
801 1338 57 22 hvad

109 1372 50 21 herr
175 1376 85 24 prosten
277 1374 102 28 Alopaeus
395 1374 6 20 i
417 1374 50 20 dess
479 1374 132 21 reservation
624 1377 58 17 emot
693 1372 116 22 utskottets
822 1373 36 20 be-

108 1407 107 21 tänkande
234 1407 123 27 framhållit,
376 1408 71 21 skulle
464 1408 38 27 jag
522 1408 53 27 yrka
590 1407 40 20 den
648 1407 125 27 förändring
789 1407 5 21 i
809 1407 12 27 &
838 1407 20 27 4,

108 1444 31 17 att
157 1441 122 21 inkomsten
299 1442 47 20 från
365 1442 186 29 prestlägenheter
571 1441 66 21 under
653 1446 59 16 extra
727 1441 68 21 nådår
809 1441 48 21 icke

131 1479 65 23 Vällofl.
209 1480 137 24 borgareståndets
355 1481 79 23 protokoll
443 1481 101 23 landtdagen
555 1480 121 18 1863—1864
689 1481 26 17 4:e
722 1481 19 17 B.
801 1474 26 22 2
