1031 1700
392 163 6 4 N
799 142 40 20 459

118 203 110 28 angående
251 202 93 29 lindring
363 204 24 20 af
401 204 127 28 jordegares
548 203 127 29 skyldighet
694 204 31 21 till
745 203 124 31 hällskjutse

118 237 53 29 ning
188 240 55 18 samt
259 238 51 28 väg-
325 238 40 22 och
382 237 152 30 brobyggnad,
549 238 112 22 äfvensom
678 238 132 22 beträffande
826 239 42 21 rid-

118 272 116 28 derskapet
255 272 40 21 och
319 272 73 21 adelns
410 272 129 28 inbjudning
558 272 32 20 till
607 272 134 28 nnderdänig
756 274 89 27 petition
861 273 7 21 i

119 306 117 28 anledning
255 306 24 20 af
292 306 78 28 nädiga
385 306 163 28 propositionen
564 314 34 12 om
616 306 137 28 upptagande
768 308 25 20 af
805 311 64 17 stats-

119 340 34 21 län
170 340 32 21 för
218 344 31 16 att
265 340 76 21 bereda
357 340 26 21 de
400 340 11 21 &
427 340 199 28 donationsgodsen
643 341 6 20 i
665 340 106 29 Wiborgs
783 341 35 21 län
832 341 36 21 bo-

118 378 55 18 satte
189 375 82 21 bönder
286 376 64 26 utväg
366 378 32 18 att
412 374 73 21 tillösa
500 375 34 27 sig
550 375 46 21 sina
612 374 97 22 äboende
723 374 131 30 lägenheter,

188 414 57 23 Herr
260 414 149 23 talmannen
426 414 103 28 föredrog
541 418 154 19 sammansatta
707 415 45 29 lag-
765 416 39 22 och
818 416 51 21 eko-

119 449 187 22 nomieutskottets
331 449 83 28 förslag
439 448 33 21 till
495 449 206 28 sammanjemkning
723 450 24 20 af
767 450 101 22 ständens

119 483 126 30 skiljaktiga
261 483 70 21 beslut
346 483 5 21 i
368 482 118 29 anledning
500 483 25 21 af
538 482 78 29 nädiga
628 483 162 30 propositionen
803 484 66 28 angä-

120 517 53 23 ende
196 518 127 28 legostadga
345 518 34 21 för
401 516 124 24 husbönder
544 517 40 21 och
603 517 139 30 tjenstehjon;
764 518 49 28 och
825 518 46 21 blef

120 552 111 28 förslaget,
253 552 54 22 efter
325 551 49 24 dess
393 551 141 29 uppläsande,
550 551 71 22 sävidt
636 551 117 23 detsamma
768 552 101 28 borgare-

119 585 86 22 ständet
223 586 85 28 angick,
331 587 24 22 af
370 585 86 22 ständet
474 585 120 29 godkändt,
610 585 88 22 hvarom
714 587 155 28 protokollsut-

120 620 55 29 drag
196 621 69 22 skulle
288 620 118 22 utskrifvas
428 620 60 23 säväl
508 620 33 23 till
560 619 139 23 medständen
717 627 46 16 som
782 620 88 29 expedi-

120 655 169 26 tionsutskottet,
305 655 32 21 till
353 653 65 24 hyars
434 654 74 23 vidare
525 654 132 29 behandling
668 654 87 23 ärendet
765 655 103 28 derjemte

120 689 178 22 öfverlemnades.

189 729 82 24 Vidare
293 729 113 29 föredrogs
428 729 34 22 till
481 729 86 22 ståndet
582 729 67 29 jemte
665 729 109 22 memorial
790 729 25 21 af
827 728 42 23 den

122 764 27 23 10
167 764 7 21 i
193 763 68 25 denne
284 763 76 24 månad
379 763 87 23 insändt
485 763 143 28 betänkande,
643 763 91 29 afgifvet
749 764 24 21 af
785 763 37 22 det
837 766 32 18 ut-

120 799 66 26 skott,
205 805 46 17 som
267 797 71 22 blifvit
353 798 77 22 tillsatt
446 799 34 20 för
495 801 31 18 att
541 801 57 25 yttra
614 798 35 28 sig
663 798 7 21 i
686 797 75 29 frågan
776 805 35 15 om
827 797 43 22 rid-

120 832 113 25 darhusets
249 831 110 24 inlösande
375 832 33 22 till
423 835 31 19 ett
470 831 82 23 landets
568 831 99 24 ständers
682 831 47 24 hus,

189 866 11 21 I
215 867 60 20 detta
289 866 78 21 ärende
383 866 93 30 uppstod
494 866 51 22 härä
561 865 95 29 följande
671 865 134 24 diskussion:

189 901 58 20 Herr
262 900 164 29 Tengström;
464 900 64 21 Efter
550 901 43 20 min
611 900 58 29 åsigt
687 900 116 22 förefinnas
822 900 47 23 skäl

121 935 34 24 till
173 935 166 27 anmärkningar
357 935 60 21 såväl
436 938 60 18 emot
510 935 78 28 sjelfva
603 934 37 22 det
655 934 164 29 ifrågavarande
833 942 38 13 an-

121 969 73 27 budet,
215 976 47 14 som
283 969 148 22 riddarhusets
450 969 128 28 lämplighet
596 969 35 21 för
649 969 36 21 det
701 968 88 22 afsedda
804 968 67 22 ända-

120 1003 72 25 målet,
221 1003 12 21 I
248 1003 37 21 det
300 1003 56 21 förra
371 1003 111 21 afseendet
498 1003 37 21 vill
548 1003 38 28 jag
602 1003 71 22 erinra
687 1002 81 27 derom,
784 1007 31 17 att
834 1011 36 13 en-

121 1038 41 28 ligt
180 1037 57 24 hvad
255 1037 231 22 riddarhusutskottets
505 1037 68 23 under
588 1037 131 29 landtdagen
735 1037 84 28 utgifna
834 1037 36 22 be-

121 1071 108 23 tänkande
247 1071 123 26 innebåller,
394 1071 151 28 ridderskapet
563 1071 41 22 och
622 1071 76 22 adelns
717 1071 24 22 år
757 1071 54 21 1860
827 1071 44 21 för-

120 1105 97 23 samlade
239 1105 140 23 komitterade
398 1105 12 23 å
431 1105 97 22 bemälde
549 1105 75 22 stånds
646 1106 83 28 vägnar
751 1105 38 22 hos
809 1105 62 23 Hans

120 1139 124 30 Kejserliga
262 1139 103 30 Majestät
383 1140 7 22 i
410 1140 173 28 underdånighet
605 1140 114 29 föreslagit
736 1139 36 22 det
791 1140 80 29 nödiga

121 1182 48 16 rum
188 1175 33 20 för
239 1174 84 22 landets
341 1174 71 29 öfriga
428 1174 62 21 stånd
506 1174 37 23 vid
558 1174 63 22 deras
638 1173 110 24 blifvande
763 1174 108 21 allmänna

121 1208 170 24 sammanträden
310 1208 70 22 skulle
396 1208 30 22 uti
441 1208 137 22 riddarhuset
593 1208 108 30 upplåtas,
716 1211 58 19 emot
788 1207 37 22 det
840 1210 33 19 att

121 1242 150 28 ridderskapet
288 1242 41 22 och
344 1242 62 22 adeln
422 1242 57 29 finge
495 1242 32 22 till
544 1242 141 30 byggnadens
700 1241 134 23 slutförande
850 1242 25 20 af

121 1277 108 24 allmänna
243 1276 68 24 medel
328 1277 97 27 uppbära
441 1276 169 29 tjuguåttatusen
623 1276 60 22 rubel
695 1278 55 19 samt
760 1274 111 23 dessutom

121 1311 93 23 tiotusen
227 1310 59 22 rubel
299 1310 31 23 till
344 1311 73 21 husets
432 1310 128 28 möblering,
573 1310 52 22 eller
636 1310 141 23 tillsammans
788 1309 85 22 trettio-

120 1345 107 23 åttatusen
243 1344 67 28 rubel,
326 1344 111 24 hvaremot
448 1344 152 29 ridderskapet
612 1344 41 21 och
665 1344 63 22 adeln
739 1343 70 22 skulle
820 1346 52 20 utan

122 1378 74 23 vidare
220 1378 75 28 bidrag
314 1379 122 28 ombesörja
455 1378 149 22 riddarhusets
624 1378 114 29 inredning
753 1378 48 22 med
817 1378 54 21 afse-

121 1412 54 22 ende
194 1413 13 22 å
225 1413 140 23 omförmälda
384 1413 106 23 ändamål.
528 1412 62 23 Huru
606 1412 60 22 detta
681 1412 56 23 skall
752 1412 72 23 kunna
839 1412 34 21 stå

120 1447 141 21 tillsammans
284 1447 46 21 med
350 1447 36 21 det
405 1447 106 28 åtagande
530 1446 150 30 ridderskapet
696 1446 41 22 och
753 1446 74 22 adelns
843 1453 28 14 nu
