<?xml version="1.0" encoding="UTF-8"?>
<alto xmlns="http://www.loc.gov/standards/alto/ns-v3#" xmlns:xlink="http://www.w3.org/1999/xlink" xmlns:xsi="http://www.w3.org/2001/XMLSchema-instance" xsi:schemaLocation="http://www.loc.gov/standards/alto/ns-v3# http://www.loc.gov/alto/v3/alto-3-0.xsd">
	<Description>
		<MeasurementUnit>pixel</MeasurementUnit>
		<sourceImageInformation>
			<fileName>/tmp/tess_4yfg953u_input.PNG</fileName>
		</sourceImageInformation>
		<OCRProcessing ID="OCR_0">
			<ocrProcessingStep>
				<processingSoftware>
					<softwareName>tesseract 5.3.4</softwareName>
				</processingSoftware>
			</ocrProcessingStep>
		</OCRProcessing>
	</Description>
	<Layout>
		<Page WIDTH="1031" HEIGHT="1700" PHYSICAL_IMG_NR="0" ID="page_0">
			<PrintSpace HPOS="0" VPOS="0" WIDTH="1031" HEIGHT="1700">
				<ComposedBlock ID="cblock_0" HPOS="191" VPOS="125" WIDTH="42" HEIGHT="22">
					<TextBlock ID="block_0" HPOS="191" VPOS="125" WIDTH="42" HEIGHT="22">
						<TextLine ID="line_0" HPOS="191" VPOS="125" WIDTH="42" HEIGHT="22">
							<String ID="string_0" HPOS="191" VPOS="125" WIDTH="42" HEIGHT="22" WC="0.95" CONTENT="510"/>
						</TextLine>
					</TextBlock>
				</ComposedBlock>
				<ComposedBlock ID="cblock_1" HPOS="161" VPOS="187" WIDTH="757" HEIGHT="98">
					<TextBlock ID="block_1" HPOS="161" VPOS="187" WIDTH="757" HEIGHT="98">
						<TextLine ID="line_1" HPOS="230" VPOS="187" WIDTH="687" HEIGHT="29">
							<String ID="string_1" HPOS="230" VPOS="188" WIDTH="88" HEIGHT="22" WC="0.92" CONTENT="Jemväl"/><SP WIDTH="23" VPOS="188" HPOS="318"/>
							<String ID="string_2" HPOS="341" VPOS="188" WIDTH="60" HEIGHT="22" WC="0.96" CONTENT="detta"/><SP WIDTH="22" VPOS="188" HPOS="401"/>
							<String ID="string_3" HPOS="423" VPOS="188" WIDTH="83" HEIGHT="28" WC="0.96" CONTENT="förslag"/><SP WIDTH="23" VPOS="188" HPOS="506"/>
							<String ID="string_4" HPOS="529" VPOS="187" WIDTH="46" HEIGHT="23" WC="0.96" CONTENT="blef"/><SP WIDTH="19" VPOS="187" HPOS="575"/>
							<String ID="string_5" HPOS="594" VPOS="188" WIDTH="26" HEIGHT="21" WC="0.96" CONTENT="af"/><SP WIDTH="14" VPOS="188" HPOS="620"/>
							<String ID="string_6" HPOS="634" VPOS="188" WIDTH="86" HEIGHT="22" WC="0.96" CONTENT="ståndet"/><SP WIDTH="18" VPOS="188" HPOS="720"/>
							<String ID="string_7" HPOS="738" VPOS="188" WIDTH="49" HEIGHT="22" WC="0.93" CONTENT="med"/><SP WIDTH="20" VPOS="188" HPOS="787"/>
							<String ID="string_8" HPOS="807" VPOS="188" WIDTH="110" HEIGHT="22" WC="0.91" CONTENT="obestridd"/>
						</TextLine>
						<TextLine ID="line_2" HPOS="161" VPOS="222" WIDTH="567" HEIGHT="29">
							<String ID="string_9" HPOS="161" VPOS="222" WIDTH="159" HEIGHT="29" WC="0.91" CONTENT="röstpluralitet"/><SP WIDTH="14" VPOS="222" HPOS="320"/>
							<String ID="string_10" HPOS="334" VPOS="225" WIDTH="95" HEIGHT="26" WC="0.96" CONTENT="antaget,"/><SP WIDTH="15" VPOS="225" HPOS="429"/>
							<String ID="string_11" HPOS="444" VPOS="225" WIDTH="52" HEIGHT="19" WC="0.96" CONTENT="utan"/><SP WIDTH="16" VPOS="225" HPOS="496"/>
							<String ID="string_12" HPOS="512" VPOS="222" WIDTH="94" HEIGHT="22" WC="0.96" CONTENT="särskild"/><SP WIDTH="15" VPOS="222" HPOS="606"/>
							<String ID="string_13" HPOS="621" VPOS="222" WIDTH="107" HEIGHT="29" WC="0.96" CONTENT="votering."/>
						</TextLine>
						<TextLine ID="line_3" HPOS="231" VPOS="256" WIDTH="687" HEIGHT="29">
							<String ID="string_14" HPOS="231" VPOS="256" WIDTH="33" HEIGHT="22" WC="0.96" CONTENT="På"/><SP WIDTH="15" VPOS="256" HPOS="264"/>
							<String ID="string_15" HPOS="279" VPOS="256" WIDTH="70" HEIGHT="29" WC="0.96" CONTENT="grund"/><SP WIDTH="15" VPOS="256" HPOS="349"/>
							<String ID="string_16" HPOS="364" VPOS="257" WIDTH="26" HEIGHT="21" WC="0.96" CONTENT="af"/><SP WIDTH="12" VPOS="257" HPOS="390"/>
							<String ID="string_17" HPOS="402" VPOS="256" WIDTH="58" HEIGHT="22" WC="0.96" CONTENT="hvad"/><SP WIDTH="15" VPOS="256" HPOS="460"/>
							<String ID="string_18" HPOS="475" VPOS="256" WIDTH="91" HEIGHT="22" WC="0.96" CONTENT="sålunda"/><SP WIDTH="14" VPOS="256" HPOS="566"/>
							<String ID="string_19" HPOS="580" VPOS="256" WIDTH="113" HEIGHT="28" WC="0.96" CONTENT="beslutats,"/><SP WIDTH="17" VPOS="256" HPOS="693"/>
							<String ID="string_20" HPOS="710" VPOS="256" WIDTH="47" HEIGHT="22" WC="0.93" CONTENT="blef"/><SP WIDTH="13" VPOS="256" HPOS="757"/>
							<String ID="string_21" HPOS="770" VPOS="257" WIDTH="148" HEIGHT="28" WC="0.91" CONTENT="ifrågavaran-"/>
						</TextLine>
					</TextBlock>
				</ComposedBlock>
				<ComposedBlock ID="cblock_2" HPOS="153" VPOS="290" WIDTH="299" HEIGHT="30">
					<TextBlock ID="block_2" HPOS="153" VPOS="290" WIDTH="299" HEIGHT="30">
						<TextLine ID="line_4" HPOS="153" VPOS="290" WIDTH="299" HEIGHT="30">
							<String ID="string_22" HPOS="153" VPOS="291" WIDTH="37" HEIGHT="22" WC="0.70" CONTENT="&quot;de"/><SP WIDTH="15" VPOS="291" HPOS="190"/>
							<String ID="string_23" HPOS="205" VPOS="291" WIDTH="126" HEIGHT="29" WC="0.96" CONTENT="fördelning"/><SP WIDTH="14" VPOS="291" HPOS="331"/>
							<String ID="string_24" HPOS="345" VPOS="290" WIDTH="107" HEIGHT="30" WC="0.96" CONTENT="följande:"/>
						</TextLine>
					</TextBlock>
				</ComposedBlock>
				<ComposedBlock ID="cblock_3" HPOS="161" VPOS="324" WIDTH="755" HEIGHT="98">
					<TextBlock ID="block_3" HPOS="161" VPOS="324" WIDTH="755" HEIGHT="98">
						<TextLine ID="line_5" HPOS="231" VPOS="324" WIDTH="685" HEIGHT="30">
							<String ID="string_25" HPOS="231" VPOS="326" WIDTH="32" HEIGHT="28" WC="0.87" CONTENT="A)"/><SP WIDTH="30" VPOS="326" HPOS="263"/>
							<String ID="string_26" HPOS="293" VPOS="326" WIDTH="85" HEIGHT="28" WC="0.95" CONTENT="Anslag"/><SP WIDTH="19" VPOS="326" HPOS="378"/>
							<String ID="string_27" HPOS="397" VPOS="325" WIDTH="33" HEIGHT="21" WC="0.95" CONTENT="till"/><SP WIDTH="18" VPOS="325" HPOS="430"/>
							<String ID="string_28" HPOS="448" VPOS="324" WIDTH="121" HEIGHT="30" WC="0.96" CONTENT="ersättning"/><SP WIDTH="18" VPOS="324" HPOS="569"/>
							<String ID="string_29" HPOS="587" VPOS="325" WIDTH="25" HEIGHT="22" WC="0.96" CONTENT="af"/><SP WIDTH="16" VPOS="325" HPOS="612"/>
							<String ID="string_30" HPOS="628" VPOS="324" WIDTH="95" HEIGHT="22" WC="0.96" CONTENT="kronans"/><SP WIDTH="20" VPOS="324" HPOS="723"/>
							<String ID="string_31" HPOS="743" VPOS="325" WIDTH="78" HEIGHT="21" WC="0.96" CONTENT="förlust"/><SP WIDTH="18" VPOS="325" HPOS="821"/>
							<String ID="string_32" HPOS="839" VPOS="332" WIDTH="77" HEIGHT="22" WC="0.82" CONTENT="genom"/>
						</TextLine>
						<TextLine ID="line_6" HPOS="161" VPOS="359" WIDTH="380" HEIGHT="29">
							<String ID="string_33" HPOS="161" VPOS="360" WIDTH="43" HEIGHT="22" WC="0.96" CONTENT="den"/><SP WIDTH="16" VPOS="360" HPOS="204"/>
							<String ID="string_34" HPOS="220" VPOS="359" WIDTH="129" HEIGHT="22" WC="0.96" CONTENT="förändrade"/><SP WIDTH="14" VPOS="359" HPOS="349"/>
							<String ID="string_35" HPOS="363" VPOS="359" WIDTH="178" HEIGHT="29" WC="0.95" CONTENT="lagstiftningen:"/>
						</TextLine>
						<TextLine ID="line_7" HPOS="163" VPOS="393" WIDTH="618" HEIGHT="29">
							<String ID="string_36" HPOS="163" VPOS="395" WIDTH="42" HEIGHT="21" WC="0.88" CONTENT="1:o."/><SP WIDTH="21" VPOS="395" HPOS="205"/>
							<String ID="string_37" HPOS="226" VPOS="394" WIDTH="46" HEIGHT="21" WC="0.93" CONTENT="För"/><SP WIDTH="18" VPOS="394" HPOS="272"/>
							<String ID="string_38" HPOS="290" VPOS="393" WIDTH="159" HEIGHT="29" WC="0.92" CONTENT="eftergifvande"/><SP WIDTH="19" VPOS="393" HPOS="449"/>
							<String ID="string_39" HPOS="468" VPOS="393" WIDTH="25" HEIGHT="22" WC="0.93" CONTENT="af"/><SP WIDTH="15" VPOS="393" HPOS="493"/>
							<String ID="string_40" HPOS="508" VPOS="393" WIDTH="273" HEIGHT="29" WC="0.92" CONTENT="husbehofsbränningsar-"/>
						</TextLine>
					</TextBlock>
				</ComposedBlock>
				<ComposedBlock ID="cblock_4" HPOS="162" VPOS="427" WIDTH="754" HEIGHT="242">
					<TextBlock ID="block_4" HPOS="162" VPOS="427" WIDTH="754" HEIGHT="242">
						<TextLine ID="line_8" HPOS="231" VPOS="427" WIDTH="685" HEIGHT="29">
							<String ID="string_41" HPOS="231" VPOS="427" WIDTH="77" HEIGHT="22" WC="0.91" CONTENT="rendet"/><SP WIDTH="425" VPOS="427" HPOS="308"/>
							<String ID="string_42" HPOS="733" VPOS="428" WIDTH="62" HEIGHT="22" WC="0.90" CONTENT="märk"/><SP WIDTH="28" VPOS="428" HPOS="795"/>
							<String ID="string_43" HPOS="823" VPOS="428" WIDTH="93" HEIGHT="28" WC="0.42" CONTENT="660,000"/>
						</TextLine>
						<TextLine ID="line_9" HPOS="163" VPOS="459" WIDTH="753" HEIGHT="32">
							<String ID="string_44" HPOS="163" VPOS="463" WIDTH="41" HEIGHT="21" WC="0.71" CONTENT="2:0."/><SP WIDTH="23" VPOS="463" HPOS="204"/>
							<String ID="string_45" HPOS="227" VPOS="463" WIDTH="35" HEIGHT="21" WC="0.92" CONTENT="De"/><SP WIDTH="15" VPOS="463" HPOS="262"/>
							<String ID="string_46" HPOS="277" VPOS="459" WIDTH="49" HEIGHT="25" WC="0.89" CONTENT="ined"/><SP WIDTH="15" VPOS="459" HPOS="326"/>
							<String ID="string_47" HPOS="341" VPOS="461" WIDTH="125" HEIGHT="24" WC="0.93" CONTENT="kontrollen"/><SP WIDTH="15" VPOS="461" HPOS="466"/>
							<String ID="string_48" HPOS="481" VPOS="462" WIDTH="101" HEIGHT="22" WC="0.83" CONTENT="företade"/><SP WIDTH="15" VPOS="462" HPOS="582"/>
							<String ID="string_49" HPOS="597" VPOS="463" WIDTH="91" HEIGHT="28" WC="0.96" CONTENT="utgifter"/><SP WIDTH="136" VPOS="463" HPOS="688"/>
							<String ID="string_50" HPOS="824" VPOS="462" WIDTH="92" HEIGHT="28" WC="0.90" CONTENT="300,000"/>
						</TextLine>
						<TextLine ID="line_10" HPOS="231" VPOS="502" WIDTH="503" HEIGHT="29">
							<String ID="string_51" HPOS="231" VPOS="502" WIDTH="32" HEIGHT="29" WC="0.92" CONTENT="B)"/><SP WIDTH="29" VPOS="502" HPOS="263"/>
							<String ID="string_52" HPOS="292" VPOS="502" WIDTH="86" HEIGHT="29" WC="0.96" CONTENT="Anslag"/><SP WIDTH="15" VPOS="502" HPOS="378"/>
							<String ID="string_53" HPOS="393" VPOS="502" WIDTH="33" HEIGHT="22" WC="0.96" CONTENT="till"/><SP WIDTH="16" VPOS="502" HPOS="426"/>
							<String ID="string_54" HPOS="442" VPOS="502" WIDTH="166" HEIGHT="29" WC="0.96" CONTENT="allmännyttiga"/><SP WIDTH="15" VPOS="502" HPOS="608"/>
							<String ID="string_55" HPOS="623" VPOS="502" WIDTH="111" HEIGHT="22" WC="0.96" CONTENT="ändamål:"/>
						</TextLine>
						<TextLine ID="line_11" HPOS="164" VPOS="536" WIDTH="752" HEIGHT="30">
							<String ID="string_56" HPOS="164" VPOS="538" WIDTH="41" HEIGHT="20" WC="0.75" CONTENT="1:o."/><SP WIDTH="22" VPOS="538" HPOS="205"/>
							<String ID="string_57" HPOS="227" VPOS="536" WIDTH="44" HEIGHT="22" WC="0.93" CONTENT="Till"/><SP WIDTH="15" VPOS="536" HPOS="271"/>
							<String ID="string_58" HPOS="286" VPOS="536" WIDTH="149" HEIGHT="30" WC="0.93" CONTENT="fängelsernas"/><SP WIDTH="16" VPOS="536" HPOS="435"/>
							<String ID="string_59" HPOS="451" VPOS="536" WIDTH="148" HEIGHT="23" WC="0.96" CONTENT="förbättrande"/><SP WIDTH="224" VPOS="536" HPOS="599"/>
							<String ID="string_60" HPOS="823" VPOS="536" WIDTH="93" HEIGHT="28" WC="0.90" CONTENT="600,000"/>
						</TextLine>
						<TextLine ID="line_12" HPOS="163" VPOS="567" WIDTH="753" HEIGHT="32">
							<String ID="string_61" HPOS="163" VPOS="571" WIDTH="42" HEIGHT="21" WC="0.90" CONTENT="2:0."/><SP WIDTH="23" VPOS="571" HPOS="205"/>
							<String ID="string_62" HPOS="228" VPOS="571" WIDTH="45" HEIGHT="21" WC="0.93" CONTENT="Till"/><SP WIDTH="15" VPOS="571" HPOS="273"/>
							<String ID="string_63" HPOS="288" VPOS="571" WIDTH="248" HEIGHT="22" WC="0.92" CONTENT="kommunikationernas"/><SP WIDTH="16" VPOS="571" HPOS="536"/>
							<String ID="string_64" HPOS="552" VPOS="570" WIDTH="165" HEIGHT="23" WC="0.57" CONTENT="fullkomnande"/><SP WIDTH="18" VPOS="570" HPOS="717"/>
							<String ID="string_65" HPOS="735" VPOS="567" WIDTH="3" HEIGHT="2" WC="0.87" CONTENT="&#39;"/><SP WIDTH="66" VPOS="567" HPOS="738"/>
							<String ID="string_66" HPOS="804" VPOS="571" WIDTH="112" HEIGHT="28" WC="0.92" CONTENT="1,800,000"/>
						</TextLine>
						<TextLine ID="line_13" HPOS="163" VPOS="605" WIDTH="753" HEIGHT="29">
							<String ID="string_67" HPOS="163" VPOS="606" WIDTH="42" HEIGHT="21" WC="0.89" CONTENT="3:0."/><SP WIDTH="24" VPOS="606" HPOS="205"/>
							<String ID="string_68" HPOS="229" VPOS="605" WIDTH="43" HEIGHT="22" WC="0.93" CONTENT="Till"/><SP WIDTH="16" VPOS="605" HPOS="272"/>
							<String ID="string_69" HPOS="288" VPOS="605" WIDTH="212" HEIGHT="29" WC="0.93" CONTENT="donationsgodsens"/><SP WIDTH="14" VPOS="605" HPOS="500"/>
							<String ID="string_70" HPOS="514" VPOS="605" WIDTH="112" HEIGHT="22" WC="0.92" CONTENT="inlösande"/><SP WIDTH="197" VPOS="605" HPOS="626"/>
							<String ID="string_71" HPOS="823" VPOS="606" WIDTH="93" HEIGHT="27" WC="0.91" CONTENT="200,000"/>
						</TextLine>
						<TextLine ID="line_14" HPOS="162" VPOS="638" WIDTH="753" HEIGHT="31">
							<String ID="string_72" HPOS="162" VPOS="641" WIDTH="42" HEIGHT="21" WC="0.90" CONTENT="4:0."/><SP WIDTH="24" VPOS="641" HPOS="204"/>
							<String ID="string_73" HPOS="228" VPOS="638" WIDTH="100" HEIGHT="24" WC="0.88" CONTENT="Creditiv"/><SP WIDTH="16" VPOS="638" HPOS="328"/>
							<String ID="string_74" HPOS="344" VPOS="640" WIDTH="33" HEIGHT="21" WC="0.93" CONTENT="till"/><SP WIDTH="16" VPOS="640" HPOS="377"/>
							<String ID="string_75" HPOS="393" VPOS="640" WIDTH="117" HEIGHT="29" WC="0.96" CONTENT="styrelsens"/><SP WIDTH="16" VPOS="640" HPOS="510"/>
							<String ID="string_76" HPOS="526" VPOS="639" WIDTH="129" HEIGHT="29" WC="0.96" CONTENT="förfogande"/><SP WIDTH="168" VPOS="639" HPOS="655"/>
							<String ID="string_77" HPOS="823" VPOS="640" WIDTH="92" HEIGHT="28" WC="0.88" CONTENT="500,000"/>
						</TextLine>
					</TextBlock>
				</ComposedBlock>
				<ComposedBlock ID="cblock_5" HPOS="162" VPOS="678" WIDTH="576" HEIGHT="65">
					<TextBlock ID="block_5" HPOS="162" VPOS="678" WIDTH="576" HEIGHT="65">
						<TextLine ID="line_15" HPOS="231" VPOS="678" WIDTH="507" HEIGHT="31">
							<String ID="string_78" HPOS="231" VPOS="678" WIDTH="32" HEIGHT="31" WC="0.87" CONTENT="C)"/><SP WIDTH="29" VPOS="678" HPOS="263"/>
							<String ID="string_79" HPOS="292" VPOS="680" WIDTH="85" HEIGHT="28" WC="0.92" CONTENT="Anslag"/><SP WIDTH="16" VPOS="680" HPOS="377"/>
							<String ID="string_80" HPOS="393" VPOS="680" WIDTH="33" HEIGHT="21" WC="0.93" CONTENT="till"/><SP WIDTH="15" VPOS="680" HPOS="426"/>
							<String ID="string_81" HPOS="441" VPOS="679" WIDTH="95" HEIGHT="22" WC="0.91" CONTENT="lättande"/><SP WIDTH="15" VPOS="679" HPOS="536"/>
							<String ID="string_82" HPOS="551" VPOS="680" WIDTH="25" HEIGHT="21" WC="0.96" CONTENT="af"/><SP WIDTH="12" VPOS="680" HPOS="576"/>
							<String ID="string_83" HPOS="588" VPOS="679" WIDTH="88" HEIGHT="28" WC="0.96" CONTENT="bördor,"/><SP WIDTH="15" VPOS="679" HPOS="676"/>
							<String ID="string_84" HPOS="691" VPOS="687" WIDTH="47" HEIGHT="15" WC="0.96" CONTENT="som"/>
						</TextLine>
						<TextLine ID="line_16" HPOS="162" VPOS="714" WIDTH="231" HEIGHT="29">
							<String ID="string_85" HPOS="162" VPOS="715" WIDTH="78" HEIGHT="28" WC="0.96" CONTENT="trycka"/><SP WIDTH="12" VPOS="715" HPOS="240"/>
							<String ID="string_86" HPOS="252" VPOS="714" WIDTH="141" HEIGHT="28" WC="0.96" CONTENT="jordbruket:"/>
						</TextLine>
					</TextBlock>
				</ComposedBlock>
				<ComposedBlock ID="cblock_6" HPOS="162" VPOS="747" WIDTH="752" HEIGHT="131">
					<TextBlock ID="block_6" HPOS="162" VPOS="747" WIDTH="752" HEIGHT="98">
						<TextLine ID="line_17" HPOS="163" VPOS="747" WIDTH="751" HEIGHT="30">
							<String ID="string_87" HPOS="163" VPOS="750" WIDTH="42" HEIGHT="20" WC="0.81" CONTENT="1:o."/><SP WIDTH="22" VPOS="750" HPOS="205"/>
							<String ID="string_88" HPOS="227" VPOS="748" WIDTH="44" HEIGHT="22" WC="0.93" CONTENT="Till"/><SP WIDTH="16" VPOS="748" HPOS="271"/>
							<String ID="string_89" HPOS="287" VPOS="748" WIDTH="117" HEIGHT="21" WC="0.92" CONTENT="aflönande"/><SP WIDTH="15" VPOS="748" HPOS="404"/>
							<String ID="string_90" HPOS="419" VPOS="749" WIDTH="24" HEIGHT="20" WC="0.93" CONTENT="af"/><SP WIDTH="12" VPOS="749" HPOS="443"/>
							<String ID="string_91" HPOS="455" VPOS="748" WIDTH="50" HEIGHT="22" WC="0.93" CONTENT="bro-"/><SP WIDTH="15" VPOS="748" HPOS="505"/>
							<String ID="string_92" HPOS="520" VPOS="747" WIDTH="40" HEIGHT="22" WC="0.93" CONTENT="och"/><SP WIDTH="17" VPOS="747" HPOS="560"/>
							<String ID="string_93" HPOS="577" VPOS="747" WIDTH="137" HEIGHT="30" WC="0.92" CONTENT="skallfogdar"/><SP WIDTH="110" VPOS="747" HPOS="714"/>
							<String ID="string_94" HPOS="824" VPOS="748" WIDTH="90" HEIGHT="27" WC="0.91" CONTENT="100,000"/>
						</TextLine>
						<TextLine ID="line_18" HPOS="162" VPOS="782" WIDTH="752" HEIGHT="29">
							<String ID="string_95" HPOS="162" VPOS="784" WIDTH="42" HEIGHT="20" WC="0.92" CONTENT="2:0."/><SP WIDTH="23" VPOS="784" HPOS="204"/>
							<String ID="string_96" HPOS="227" VPOS="782" WIDTH="43" HEIGHT="21" WC="0.90" CONTENT="Till"/><SP WIDTH="15" VPOS="782" HPOS="270"/>
							<String ID="string_97" HPOS="285" VPOS="783" WIDTH="166" HEIGHT="21" WC="0.93" CONTENT="kommunernas"/><SP WIDTH="16" VPOS="783" HPOS="451"/>
							<String ID="string_98" HPOS="467" VPOS="782" WIDTH="129" HEIGHT="29" WC="0.92" CONTENT="förfogande"/><SP WIDTH="207" VPOS="782" HPOS="596"/>
							<String ID="string_99" HPOS="803" VPOS="783" WIDTH="111" HEIGHT="28" WC="0.92" CONTENT="1,000,000"/>
						</TextLine>
						<TextLine ID="line_19" HPOS="162" VPOS="816" WIDTH="601" HEIGHT="29">
							<String ID="string_100" HPOS="162" VPOS="817" WIDTH="88" HEIGHT="21" WC="0.91" CONTENT="hvartill"/><SP WIDTH="15" VPOS="817" HPOS="250"/>
							<String ID="string_101" HPOS="265" VPOS="817" WIDTH="56" HEIGHT="20" WC="0.93" CONTENT="ännu"/><SP WIDTH="16" VPOS="817" HPOS="321"/>
							<String ID="string_102" HPOS="337" VPOS="817" WIDTH="87" HEIGHT="21" WC="0.92" CONTENT="komme"/><SP WIDTH="14" VPOS="817" HPOS="424"/>
							<String ID="string_103" HPOS="438" VPOS="816" WIDTH="164" HEIGHT="22" WC="0.93" CONTENT="kommunernas"/><SP WIDTH="16" VPOS="816" HPOS="602"/>
							<String ID="string_104" HPOS="618" VPOS="816" WIDTH="105" HEIGHT="29" WC="0.93" CONTENT="fjerdedel"/><SP WIDTH="16" VPOS="816" HPOS="723"/>
							<String ID="string_105" HPOS="739" VPOS="817" WIDTH="24" HEIGHT="21" WC="0.97" CONTENT="af"/>
						</TextLine>
					</TextBlock>
					<TextBlock ID="block_7" HPOS="162" VPOS="851" WIDTH="752" HEIGHT="27">
						<TextLine ID="line_20" HPOS="162" VPOS="851" WIDTH="752" HEIGHT="27">
							<String ID="string_106" HPOS="162" VPOS="851" WIDTH="49" HEIGHT="22" WC="0.93" CONTENT="hela"/><SP WIDTH="16" VPOS="851" HPOS="211"/>
							<String ID="string_107" HPOS="227" VPOS="851" WIDTH="86" HEIGHT="22" WC="0.92" CONTENT="skatten"/><SP WIDTH="490" VPOS="851" HPOS="313"/>
							<String ID="string_108" HPOS="803" VPOS="851" WIDTH="111" HEIGHT="27" WC="0.92" CONTENT="1,720,000"/>
						</TextLine>
					</TextBlock>
				</ComposedBlock>
				<ComposedBlock ID="cblock_7" HPOS="160" VPOS="884" WIDTH="754" HEIGHT="574">
					<TextBlock ID="block_8" HPOS="161" VPOS="884" WIDTH="753" HEIGHT="302">
						<TextLine ID="line_21" HPOS="231" VPOS="884" WIDTH="683" HEIGHT="29">
							<String ID="string_109" HPOS="231" VPOS="885" WIDTH="72" HEIGHT="22" WC="0.93" CONTENT="Jemte"/><SP WIDTH="12" VPOS="885" HPOS="303"/>
							<String ID="string_110" HPOS="315" VPOS="884" WIDTH="37" HEIGHT="22" WC="0.93" CONTENT="det"/><SP WIDTH="11" VPOS="884" HPOS="352"/>
							<String ID="string_111" HPOS="363" VPOS="884" WIDTH="202" HEIGHT="29" WC="0.90" CONTENT="protokollsutdrag"/><SP WIDTH="12" VPOS="884" HPOS="565"/>
							<String ID="string_112" HPOS="577" VPOS="892" WIDTH="35" HEIGHT="14" WC="0.93" CONTENT="om"/><SP WIDTH="9" VPOS="892" HPOS="612"/>
							<String ID="string_113" HPOS="621" VPOS="884" WIDTH="135" HEIGHT="22" WC="0.92" CONTENT="förestäende"/><SP WIDTH="9" VPOS="884" HPOS="756"/>
							<String ID="string_114" HPOS="765" VPOS="885" WIDTH="70" HEIGHT="21" WC="0.96" CONTENT="beslut"/><SP WIDTH="8" VPOS="885" HPOS="835"/>
							<String ID="string_115" HPOS="843" VPOS="885" WIDTH="71" HEIGHT="22" WC="0.96" CONTENT="skulle"/>
						</TextLine>
						<TextLine ID="line_22" HPOS="161" VPOS="919" WIDTH="753" HEIGHT="28">
							<String ID="string_116" HPOS="161" VPOS="919" WIDTH="110" HEIGHT="22" WC="0.91" CONTENT="meddelas"/><SP WIDTH="22" VPOS="919" HPOS="271"/>
							<String ID="string_117" HPOS="293" VPOS="919" WIDTH="27" HEIGHT="21" WC="0.93" CONTENT="de"/><SP WIDTH="23" VPOS="919" HPOS="320"/>
							<String ID="string_118" HPOS="343" VPOS="919" WIDTH="72" HEIGHT="28" WC="0.92" CONTENT="öfriga"/><SP WIDTH="21" VPOS="919" HPOS="415"/>
							<String ID="string_119" HPOS="436" VPOS="919" WIDTH="89" HEIGHT="21" WC="0.92" CONTENT="ständen"/><SP WIDTH="23" VPOS="919" HPOS="525"/>
							<String ID="string_120" HPOS="548" VPOS="919" WIDTH="42" HEIGHT="21" WC="0.93" CONTENT="och"/><SP WIDTH="22" VPOS="919" HPOS="590"/>
							<String ID="string_121" HPOS="612" VPOS="919" WIDTH="250" HEIGHT="28" WC="0.92" CONTENT="expeditionsutskottet,"/><SP WIDTH="18" VPOS="919" HPOS="862"/>
							<String ID="string_122" HPOS="880" VPOS="919" WIDTH="34" HEIGHT="21" WC="0.96" CONTENT="till"/>
						</TextLine>
						<TextLine ID="line_23" HPOS="162" VPOS="953" WIDTH="752" HEIGHT="28">
							<String ID="string_123" HPOS="162" VPOS="953" WIDTH="64" HEIGHT="21" WC="0.95" CONTENT="hvars"/><SP WIDTH="19" VPOS="953" HPOS="226"/>
							<String ID="string_124" HPOS="245" VPOS="953" WIDTH="74" HEIGHT="21" WC="0.96" CONTENT="vidare"/><SP WIDTH="19" VPOS="953" HPOS="319"/>
							<String ID="string_125" HPOS="338" VPOS="953" WIDTH="133" HEIGHT="28" WC="0.75" CONTENT="behandling"/><SP WIDTH="19" VPOS="953" HPOS="471"/>
							<String ID="string_126" HPOS="490" VPOS="953" WIDTH="88" HEIGHT="21" WC="0.93" CONTENT="ärendet"/><SP WIDTH="14" VPOS="953" HPOS="578"/>
							<String ID="string_127" HPOS="592" VPOS="953" WIDTH="179" HEIGHT="26" WC="0.75" CONTENT="öfverlemnades,"/><SP WIDTH="17" VPOS="953" HPOS="771"/>
							<String ID="string_128" HPOS="788" VPOS="953" WIDTH="79" HEIGHT="21" WC="0.96" CONTENT="beslöts"/><SP WIDTH="16" VPOS="953" HPOS="867"/>
							<String ID="string_129" HPOS="883" VPOS="957" WIDTH="31" HEIGHT="18" WC="0.96" CONTENT="att"/>
						</TextLine>
						<TextLine ID="line_24" HPOS="161" VPOS="987" WIDTH="752" HEIGHT="29">
							<String ID="string_130" HPOS="161" VPOS="988" WIDTH="8" HEIGHT="21" WC="0.93" CONTENT="i"/><SP WIDTH="17" VPOS="988" HPOS="169"/>
							<String ID="string_131" HPOS="186" VPOS="987" WIDTH="224" HEIGHT="28" WC="0.92" CONTENT="protokollsutdraget"/><SP WIDTH="14" VPOS="987" HPOS="410"/>
							<String ID="string_132" HPOS="424" VPOS="987" WIDTH="70" HEIGHT="21" WC="0.93" CONTENT="skulle"/><SP WIDTH="14" VPOS="987" HPOS="494"/>
							<String ID="string_133" HPOS="508" VPOS="987" WIDTH="184" HEIGHT="28" WC="0.92" CONTENT="tillkännagifvas,"/><SP WIDTH="16" VPOS="987" HPOS="692"/>
							<String ID="string_134" HPOS="708" VPOS="990" WIDTH="32" HEIGHT="18" WC="0.93" CONTENT="att"/><SP WIDTH="14" VPOS="990" HPOS="740"/>
							<String ID="string_135" HPOS="754" VPOS="987" WIDTH="66" HEIGHT="21" WC="0.91" CONTENT="ehuru"/><SP WIDTH="17" VPOS="987" HPOS="820"/>
							<String ID="string_136" HPOS="837" VPOS="988" WIDTH="76" HEIGHT="28" WC="0.93" CONTENT="borga-"/>
						</TextLine>
						<TextLine ID="line_25" HPOS="161" VPOS="1021" WIDTH="753" HEIGHT="29">
							<String ID="string_137" HPOS="161" VPOS="1021" WIDTH="111" HEIGHT="22" WC="0.93" CONTENT="reständet"/><SP WIDTH="14" VPOS="1021" HPOS="272"/>
							<String ID="string_138" HPOS="286" VPOS="1021" WIDTH="7" HEIGHT="22" WC="0.93" CONTENT="i"/><SP WIDTH="15" VPOS="1021" HPOS="293"/>
							<String ID="string_139" HPOS="308" VPOS="1021" WIDTH="52" HEIGHT="22" WC="0.92" CONTENT="flere"/><SP WIDTH="15" VPOS="1021" HPOS="360"/>
							<String ID="string_140" HPOS="375" VPOS="1022" WIDTH="25" HEIGHT="20" WC="0.96" CONTENT="af"/><SP WIDTH="12" VPOS="1022" HPOS="400"/>
							<String ID="string_141" HPOS="412" VPOS="1021" WIDTH="26" HEIGHT="22" WC="0.96" CONTENT="de"/><SP WIDTH="15" VPOS="1021" HPOS="438"/>
							<String ID="string_142" HPOS="453" VPOS="1021" WIDTH="123" HEIGHT="28" WC="0.93" CONTENT="föreslagna"/><SP WIDTH="14" VPOS="1021" HPOS="576"/>
							<String ID="string_143" HPOS="590" VPOS="1021" WIDTH="259" HEIGHT="29" WC="0.92" CONTENT="sammanjemkningarne"/><SP WIDTH="12" VPOS="1021" HPOS="849"/>
							<String ID="string_144" HPOS="861" VPOS="1022" WIDTH="53" HEIGHT="21" WC="0.91" CONTENT="fort-"/>
						</TextLine>
						<TextLine ID="line_26" HPOS="161" VPOS="1055" WIDTH="753" HEIGHT="29">
							<String ID="string_145" HPOS="161" VPOS="1055" WIDTH="88" HEIGHT="21" WC="0.92" CONTENT="farande"/><SP WIDTH="16" VPOS="1055" HPOS="249"/>
							<String ID="string_146" HPOS="265" VPOS="1055" WIDTH="119" HEIGHT="21" WC="0.96" CONTENT="omfattade"/><SP WIDTH="14" VPOS="1055" HPOS="384"/>
							<String ID="string_147" HPOS="398" VPOS="1055" WIDTH="28" HEIGHT="21" WC="0.93" CONTENT="de"/><SP WIDTH="14" VPOS="1055" HPOS="426"/>
							<String ID="string_148" HPOS="440" VPOS="1055" WIDTH="87" HEIGHT="28" WC="0.93" CONTENT="äsigter,"/><SP WIDTH="20" VPOS="1055" HPOS="527"/>
							<String ID="string_149" HPOS="547" VPOS="1062" WIDTH="47" HEIGHT="14" WC="0.93" CONTENT="som"/><SP WIDTH="15" VPOS="1062" HPOS="594"/>
							<String ID="string_150" HPOS="609" VPOS="1055" WIDTH="119" HEIGHT="28" WC="0.92" CONTENT="grundlagt"/><SP WIDTH="14" VPOS="1055" HPOS="728"/>
							<String ID="string_151" HPOS="742" VPOS="1055" WIDTH="96" HEIGHT="22" WC="0.93" CONTENT="ständets"/><SP WIDTH="15" VPOS="1055" HPOS="838"/>
							<String ID="string_152" HPOS="853" VPOS="1056" WIDTH="61" HEIGHT="28" WC="0.93" CONTENT="skilj-"/>
						</TextLine>
						<TextLine ID="line_27" HPOS="161" VPOS="1089" WIDTH="753" HEIGHT="29">
							<String ID="string_153" HPOS="161" VPOS="1089" WIDTH="75" HEIGHT="28" WC="0.96" CONTENT="aktiga"/><SP WIDTH="18" VPOS="1089" HPOS="236"/>
							<String ID="string_154" HPOS="254" VPOS="1089" WIDTH="78" HEIGHT="27" WC="0.93" CONTENT="beslut,"/><SP WIDTH="23" VPOS="1089" HPOS="332"/>
							<String ID="string_155" HPOS="355" VPOS="1089" WIDTH="86" HEIGHT="21" WC="0.92" CONTENT="ständet"/><SP WIDTH="17" VPOS="1089" HPOS="441"/>
							<String ID="string_156" HPOS="458" VPOS="1089" WIDTH="68" HEIGHT="21" WC="0.90" CONTENT="likväl"/><SP WIDTH="19" VPOS="1089" HPOS="526"/>
							<String ID="string_157" HPOS="545" VPOS="1089" WIDTH="83" HEIGHT="28" WC="0.92" CONTENT="antagit"/><SP WIDTH="18" VPOS="1089" HPOS="628"/>
							<String ID="string_158" HPOS="646" VPOS="1089" WIDTH="117" HEIGHT="22" WC="0.91" CONTENT="utskottets"/><SP WIDTH="17" VPOS="1089" HPOS="763"/>
							<String ID="string_159" HPOS="780" VPOS="1090" WIDTH="89" HEIGHT="28" WC="0.96" CONTENT="förslag,"/><SP WIDTH="16" VPOS="1090" HPOS="869"/>
							<String ID="string_160" HPOS="885" VPOS="1090" WIDTH="29" HEIGHT="28" WC="0.97" CONTENT="pä"/>
						</TextLine>
						<TextLine ID="line_28" HPOS="161" VPOS="1122" WIDTH="752" HEIGHT="30">
							<String ID="string_161" HPOS="161" VPOS="1123" WIDTH="38" HEIGHT="22" WC="0.93" CONTENT="det"/><SP WIDTH="18" VPOS="1123" HPOS="199"/>
							<String ID="string_162" HPOS="217" VPOS="1122" WIDTH="92" HEIGHT="23" WC="0.90" CONTENT="sälunda"/><SP WIDTH="18" VPOS="1122" HPOS="309"/>
							<String ID="string_163" HPOS="327" VPOS="1122" WIDTH="129" HEIGHT="30" WC="0.92" CONTENT="erforderlig"/><SP WIDTH="18" VPOS="1122" HPOS="456"/>
							<String ID="string_164" HPOS="474" VPOS="1123" WIDTH="110" HEIGHT="28" WC="0.93" CONTENT="pluralitet"/><SP WIDTH="18" VPOS="1123" HPOS="584"/>
							<String ID="string_165" HPOS="602" VPOS="1123" WIDTH="24" HEIGHT="21" WC="0.93" CONTENT="af"/><SP WIDTH="12" VPOS="1123" HPOS="626"/>
							<String ID="string_166" HPOS="638" VPOS="1123" WIDTH="103" HEIGHT="22" WC="0.92" CONTENT="ständens"/><SP WIDTH="16" VPOS="1123" HPOS="741"/>
							<String ID="string_167" HPOS="757" VPOS="1123" WIDTH="70" HEIGHT="22" WC="0.96" CONTENT="beslut"/><SP WIDTH="14" VPOS="1123" HPOS="827"/>
							<String ID="string_168" HPOS="841" VPOS="1123" WIDTH="7" HEIGHT="21" WC="0.93" CONTENT="i"/><SP WIDTH="15" VPOS="1123" HPOS="848"/>
							<String ID="string_169" HPOS="863" VPOS="1123" WIDTH="50" HEIGHT="22" WC="0.93" CONTENT="den-"/>
						</TextLine>
						<TextLine ID="line_29" HPOS="161" VPOS="1156" WIDTH="479" HEIGHT="30">
							<String ID="string_170" HPOS="161" VPOS="1164" WIDTH="28" HEIGHT="14" WC="0.93" CONTENT="na"/><SP WIDTH="16" VPOS="1164" HPOS="189"/>
							<String ID="string_171" HPOS="205" VPOS="1157" WIDTH="60" HEIGHT="28" WC="0.91" CONTENT="fräga"/><SP WIDTH="16" VPOS="1157" HPOS="265"/>
							<String ID="string_172" HPOS="281" VPOS="1157" WIDTH="70" HEIGHT="21" WC="0.96" CONTENT="skulle"/><SP WIDTH="15" VPOS="1157" HPOS="351"/>
							<String ID="string_173" HPOS="366" VPOS="1156" WIDTH="74" HEIGHT="22" WC="0.93" CONTENT="kunna"/><SP WIDTH="14" VPOS="1156" HPOS="440"/>
							<String ID="string_174" HPOS="454" VPOS="1157" WIDTH="186" HEIGHT="29" WC="0.92" CONTENT="tillvägabringas."/>
						</TextLine>
					</TextBlock>
					<TextBlock ID="block_9" HPOS="161" VPOS="1191" WIDTH="753" HEIGHT="63">
						<TextLine ID="line_30" HPOS="229" VPOS="1191" WIDTH="685" HEIGHT="29">
							<String ID="string_175" HPOS="229" VPOS="1191" WIDTH="12" HEIGHT="21" WC="0.93" CONTENT="I"/><SP WIDTH="23" VPOS="1191" HPOS="241"/>
							<String ID="string_176" HPOS="264" VPOS="1191" WIDTH="224" HEIGHT="21" WC="0.86" CONTENT="öfverensstämmelse"/><SP WIDTH="25" VPOS="1191" HPOS="488"/>
							<String ID="string_177" HPOS="513" VPOS="1191" WIDTH="89" HEIGHT="21" WC="0.96" CONTENT="härmed"/><SP WIDTH="22" VPOS="1191" HPOS="602"/>
							<String ID="string_178" HPOS="624" VPOS="1191" WIDTH="48" HEIGHT="22" WC="0.93" CONTENT="blef"/><SP WIDTH="18" VPOS="1191" HPOS="672"/>
							<String ID="string_179" HPOS="690" VPOS="1191" WIDTH="224" HEIGHT="29" WC="0.92" CONTENT="protokollsutdraget"/>
						</TextLine>
						<TextLine ID="line_31" HPOS="161" VPOS="1224" WIDTH="377" HEIGHT="30">
							<String ID="string_180" HPOS="161" VPOS="1228" WIDTH="78" HEIGHT="26" WC="0.91" CONTENT="genast"/><SP WIDTH="14" VPOS="1228" HPOS="239"/>
							<String ID="string_181" HPOS="253" VPOS="1228" WIDTH="89" HEIGHT="25" WC="0.92" CONTENT="uppsatt"/><SP WIDTH="15" VPOS="1228" HPOS="342"/>
							<String ID="string_182" HPOS="357" VPOS="1228" WIDTH="55" HEIGHT="18" WC="0.93" CONTENT="samt"/><SP WIDTH="12" VPOS="1228" HPOS="412"/>
							<String ID="string_183" HPOS="424" VPOS="1224" WIDTH="114" HEIGHT="29" WC="0.92" CONTENT="justeradt."/>
						</TextLine>
					</TextBlock>
					<TextBlock ID="block_10" HPOS="160" VPOS="1258" WIDTH="754" HEIGHT="200">
						<TextLine ID="line_32" HPOS="229" VPOS="1258" WIDTH="684" HEIGHT="29">
							<String ID="string_184" HPOS="229" VPOS="1258" WIDTH="32" HEIGHT="22" WC="0.91" CONTENT="Pä"/><SP WIDTH="20" VPOS="1258" HPOS="261"/>
							<String ID="string_185" HPOS="281" VPOS="1259" WIDTH="98" HEIGHT="21" WC="0.92" CONTENT="anmälan"/><SP WIDTH="17" VPOS="1259" HPOS="379"/>
							<String ID="string_186" HPOS="396" VPOS="1258" WIDTH="97" HEIGHT="22" WC="0.92" CONTENT="förekom"/><SP WIDTH="15" VPOS="1258" HPOS="493"/>
							<String ID="string_187" HPOS="508" VPOS="1266" WIDTH="26" HEIGHT="14" WC="0.93" CONTENT="en"/><SP WIDTH="15" VPOS="1266" HPOS="534"/>
							<String ID="string_188" HPOS="549" VPOS="1258" WIDTH="128" HEIGHT="29" WC="0.92" CONTENT="deputation"/><SP WIDTH="16" VPOS="1258" HPOS="677"/>
							<String ID="string_189" HPOS="693" VPOS="1259" WIDTH="46" HEIGHT="21" WC="0.92" CONTENT="frän"/><SP WIDTH="17" VPOS="1259" HPOS="739"/>
							<String ID="string_190" HPOS="756" VPOS="1259" WIDTH="157" HEIGHT="22" WC="0.92" CONTENT="bondeständet"/>
						</TextLine>
						<TextLine ID="line_33" HPOS="161" VPOS="1292" WIDTH="752" HEIGHT="29">
							<String ID="string_191" HPOS="161" VPOS="1292" WIDTH="68" HEIGHT="22" WC="0.93" CONTENT="under"/><SP WIDTH="14" VPOS="1292" HPOS="229"/>
							<String ID="string_192" HPOS="243" VPOS="1293" WIDTH="120" HEIGHT="21" WC="0.95" CONTENT="anförande"/><SP WIDTH="15" VPOS="1293" HPOS="363"/>
							<String ID="string_193" HPOS="378" VPOS="1294" WIDTH="24" HEIGHT="21" WC="0.93" CONTENT="af"/><SP WIDTH="12" VPOS="1294" HPOS="402"/>
							<String ID="string_194" HPOS="414" VPOS="1293" WIDTH="208" HEIGHT="28" WC="0.87" CONTENT="landtdagsmannen"/><SP WIDTH="15" VPOS="1293" HPOS="622"/>
							<String ID="string_195" HPOS="637" VPOS="1292" WIDTH="119" HEIGHT="28" WC="0.96" CONTENT="Pelkonen,"/><SP WIDTH="11" VPOS="1292" HPOS="756"/>
							<String ID="string_196" HPOS="767" VPOS="1300" WIDTH="46" HEIGHT="14" WC="0.93" CONTENT="som"/><SP WIDTH="12" VPOS="1300" HPOS="813"/>
							<String ID="string_197" HPOS="825" VPOS="1294" WIDTH="88" HEIGHT="21" WC="0.90" CONTENT="förmäl-"/>
						</TextLine>
						<TextLine ID="line_34" HPOS="160" VPOS="1326" WIDTH="752" HEIGHT="30">
							<String ID="string_198" HPOS="160" VPOS="1330" WIDTH="21" HEIGHT="18" WC="0.95" CONTENT="te"/><SP WIDTH="23" VPOS="1330" HPOS="181"/>
							<String ID="string_199" HPOS="204" VPOS="1330" WIDTH="31" HEIGHT="18" WC="0.93" CONTENT="att"/><SP WIDTH="23" VPOS="1330" HPOS="235"/>
							<String ID="string_200" HPOS="258" VPOS="1326" WIDTH="157" HEIGHT="22" WC="0.93" CONTENT="bondeständet"/><SP WIDTH="19" VPOS="1326" HPOS="415"/>
							<String ID="string_201" HPOS="434" VPOS="1327" WIDTH="80" HEIGHT="21" WC="0.90" CONTENT="bifallit"/><SP WIDTH="18" VPOS="1327" HPOS="514"/>
							<String ID="string_202" HPOS="532" VPOS="1327" WIDTH="31" HEIGHT="21" WC="0.93" CONTENT="till"/><SP WIDTH="16" VPOS="1327" HPOS="563"/>
							<String ID="string_203" HPOS="579" VPOS="1327" WIDTH="117" HEIGHT="21" WC="0.92" CONTENT="utskottets"/><SP WIDTH="16" VPOS="1327" HPOS="696"/>
							<String ID="string_204" HPOS="712" VPOS="1328" WIDTH="83" HEIGHT="28" WC="0.96" CONTENT="förslag"/><SP WIDTH="14" VPOS="1328" HPOS="795"/>
							<String ID="string_205" HPOS="809" VPOS="1328" WIDTH="33" HEIGHT="20" WC="0.93" CONTENT="till"/><SP WIDTH="15" VPOS="1328" HPOS="842"/>
							<String ID="string_206" HPOS="857" VPOS="1334" WIDTH="55" HEIGHT="15" WC="0.93" CONTENT="sam-"/>
						</TextLine>
						<TextLine ID="line_35" HPOS="160" VPOS="1360" WIDTH="753" HEIGHT="30">
							<String ID="string_207" HPOS="160" VPOS="1360" WIDTH="161" HEIGHT="29" WC="0.90" CONTENT="manjemkning"/><SP WIDTH="22" VPOS="1360" HPOS="321"/>
							<String ID="string_208" HPOS="343" VPOS="1362" WIDTH="25" HEIGHT="20" WC="0.96" CONTENT="af"/><SP WIDTH="17" VPOS="1362" HPOS="368"/>
							<String ID="string_209" HPOS="385" VPOS="1361" WIDTH="96" HEIGHT="21" WC="0.96" CONTENT="besluten"/><SP WIDTH="19" VPOS="1361" HPOS="481"/>
							<String ID="string_210" HPOS="500" VPOS="1362" WIDTH="6" HEIGHT="20" WC="0.93" CONTENT="i"/><SP WIDTH="18" VPOS="1362" HPOS="506"/>
							<String ID="string_211" HPOS="524" VPOS="1361" WIDTH="80" HEIGHT="29" WC="0.91" CONTENT="nädiga"/><SP WIDTH="18" VPOS="1361" HPOS="604"/>
							<String ID="string_212" HPOS="622" VPOS="1361" WIDTH="164" HEIGHT="28" WC="0.93" CONTENT="propositionen"/><SP WIDTH="16" VPOS="1361" HPOS="786"/>
							<String ID="string_213" HPOS="802" VPOS="1361" WIDTH="111" HEIGHT="29" WC="0.92" CONTENT="angäende"/>
						</TextLine>
						<TextLine ID="line_36" HPOS="160" VPOS="1395" WIDTH="754" HEIGHT="29">
							<String ID="string_214" HPOS="160" VPOS="1395" WIDTH="142" HEIGHT="28" WC="0.91" CONTENT="tillverkning"/><SP WIDTH="16" VPOS="1395" HPOS="302"/>
							<String ID="string_215" HPOS="318" VPOS="1395" WIDTH="41" HEIGHT="21" WC="0.96" CONTENT="och"/><SP WIDTH="16" VPOS="1395" HPOS="359"/>
							<String ID="string_216" HPOS="375" VPOS="1395" WIDTH="127" HEIGHT="29" WC="0.96" CONTENT="försäljning"/><SP WIDTH="16" VPOS="1395" HPOS="502"/>
							<String ID="string_217" HPOS="518" VPOS="1396" WIDTH="24" HEIGHT="20" WC="0.93" CONTENT="af"/><SP WIDTH="13" VPOS="1396" HPOS="542"/>
							<String ID="string_218" HPOS="555" VPOS="1396" WIDTH="96" HEIGHT="26" WC="0.92" CONTENT="bränvin,"/><SP WIDTH="16" VPOS="1396" HPOS="651"/>
							<String ID="string_219" HPOS="667" VPOS="1395" WIDTH="48" HEIGHT="21" WC="0.93" CONTENT="med"/><SP WIDTH="16" VPOS="1395" HPOS="715"/>
							<String ID="string_220" HPOS="731" VPOS="1396" WIDTH="78" HEIGHT="26" WC="0.93" CONTENT="vilkor,"/><SP WIDTH="17" VPOS="1396" HPOS="809"/>
							<String ID="string_221" HPOS="826" VPOS="1397" WIDTH="39" HEIGHT="25" WC="0.90" CONTENT="1:0,"/><SP WIDTH="16" VPOS="1397" HPOS="865"/>
							<String ID="string_222" HPOS="881" VPOS="1398" WIDTH="33" HEIGHT="19" WC="0.96" CONTENT="att"/>
						</TextLine>
						<TextLine ID="line_37" HPOS="161" VPOS="1428" WIDTH="751" HEIGHT="30">
							<String ID="string_223" HPOS="161" VPOS="1429" WIDTH="41" HEIGHT="22" WC="0.96" CONTENT="den"/><SP WIDTH="17" VPOS="1429" HPOS="202"/>
							<String ID="string_224" HPOS="219" VPOS="1436" WIDTH="25" HEIGHT="15" WC="0.96" CONTENT="en"/><SP WIDTH="16" VPOS="1436" HPOS="244"/>
							<String ID="string_225" HPOS="260" VPOS="1428" WIDTH="74" HEIGHT="30" WC="0.96" CONTENT="miljon"/><SP WIDTH="16" VPOS="1428" HPOS="334"/>
							<String ID="string_226" HPOS="350" VPOS="1429" WIDTH="68" HEIGHT="29" WC="0.95" CONTENT="mark,"/><SP WIDTH="16" VPOS="1429" HPOS="418"/>
							<String ID="string_227" HPOS="434" VPOS="1437" WIDTH="46" HEIGHT="15" WC="0.93" CONTENT="som"/><SP WIDTH="16" VPOS="1437" HPOS="480"/>
							<String ID="string_228" HPOS="496" VPOS="1430" WIDTH="104" HEIGHT="28" WC="0.92" CONTENT="anslagits"/><SP WIDTH="16" VPOS="1430" HPOS="600"/>
							<String ID="string_229" HPOS="616" VPOS="1430" WIDTH="33" HEIGHT="22" WC="0.94" CONTENT="till"/><SP WIDTH="16" VPOS="1430" HPOS="649"/>
							<String ID="string_230" HPOS="665" VPOS="1430" WIDTH="164" HEIGHT="22" WC="0.93" CONTENT="kommunernas"/><SP WIDTH="17" VPOS="1430" HPOS="829"/>
							<String ID="string_231" HPOS="846" VPOS="1430" WIDTH="66" HEIGHT="21" WC="0.89" CONTENT="förfo-"/>
						</TextLine>
					</TextBlock>
				</ComposedBlock>
			</PrintSpace>
		</Page>
	</Layout>
</alto>
