1109 1825
267 140 210 22 Talonpoikaissääty
489 140 55 18 1872.
572 141 8 15 1
593 144 18 17 p.
624 140 95 16 maalisk.
841 134 38 22 121

83 221 55 21 1850
154 223 15 19 t.
185 226 20 15 o.
221 226 26 16 m.
266 220 54 21 1860
335 220 62 20 hafva
412 220 100 26 samtliga
527 220 154 21 landtmätares
692 220 6 21 i
709 219 74 22 landet
796 220 115 26 räkningar

82 255 38 21 per
142 249 92 21 medium
257 248 33 22 för
312 248 47 21 året
373 248 96 27 uppgått,
485 248 33 21 för
532 248 131 22 verkställde
682 249 61 21 1.280
758 248 153 26 förrättningar

82 278 33 21 till
138 278 77 25 81,092
237 277 69 21 Rubel
323 278 26 20 76
365 277 69 26 kopek
449 277 79 25 silfver,
544 276 77 22 hvaraf
637 278 74 24 10,876
727 276 68 22 Rubel
811 278 13 20 8
840 277 70 26 kopek

82 305 82 28 utgjort
179 305 117 27 skjutslega
311 304 33 22 för
359 305 161 27 tiliryggalagde
536 305 77 26 25,093
632 305 36 21 mil
684 306 13 21 8
713 307 63 20 verst.
807 305 10 22 I
832 305 79 22 medel-

82 334 31 21 tal
134 334 64 21 hafva
215 334 68 21 under
297 333 48 22 äret
362 334 39 21 173
417 334 149 21 examinerade
582 334 144 21 landtmätare
741 333 40 22 och
797 334 28 21 50
840 334 71 21 elever

82 363 48 21 med
153 362 203 27 mätningsgöromäl
378 363 54 20 varit
453 362 130 27 sysselsatte.
614 362 248 27 Arfvodesräkningarne
877 363 34 20 för

82 391 47 22 året
144 391 72 27 uppgå
231 391 83 21 således
329 391 32 20 till
377 391 41 21 593
434 391 69 21 Rubel
519 391 12 21 9
547 391 72 26 kopek
633 391 73 21 silfver
721 391 27 27 pä
763 391 73 26 hvarje
849 391 62 22 arbe-

82 420 65 21 tande
163 420 150 24 landtmätare,
329 419 110 22 hvaremot
455 420 40 20 den
511 419 100 27 aflöning,
626 425 45 16 som
688 419 113 28 uppburits
816 419 7 22 i
838 420 35 21 lön
889 419 24 22 af

83 450 77 25 staten,
175 448 77 21 endast
266 448 48 21 med
331 449 40 20 119
386 448 68 21 Rubel
470 449 27 20 54
514 448 69 27 kopek
599 455 16 14 s.
634 455 26 14 m.
672 448 89 21 tillfallit
771 448 73 27 hvarje
855 448 56 22 ordi-

82 477 60 21 narie
164 477 150 21 landtmätare.
344 476 75 21 Denna
441 477 61 26 ringa
524 477 36 20 lön
583 477 28 26 pä
626 479 44 19 stat
685 477 40 21 och
740 477 41 21 den
797 477 93 21 derefter
905 477 6 21 i

82 506 126 27 proportion
231 505 132 27 härflytande
384 505 59 26 ringa
459 505 88 27 pension
563 506 84 26 tvingar
662 505 89 27 mängen
768 505 143 22 landtmätare

82 536 40 24 att,
137 536 57 19 ännu
210 533 55 22 efter
280 534 27 21 60
322 535 13 19 å
350 535 27 20 70
391 533 36 22 års
442 534 59 21 ålder
517 534 53 21 söka
585 540 76 21 genom
677 534 74 21 arbete
771 534 93 27 förtjena
880 534 32 26 sig

83 565 31 20 ett
129 563 81 26 tarfligt
225 562 147 27 lifsuppehälle
395 562 39 21 och
453 565 39 24 att,
505 563 32 20 till
548 563 115 26 olägenhet
673 562 58 22 sävä!
742 562 33 21 för
783 563 128 26 jordegarne

83 597 45 16 som
144 591 45 22 sine
204 597 65 22 yngre
285 591 192 27 tjenstekamrater,
493 591 87 27 gvarstä
590 591 35 21 vid
635 591 32 21 sin
680 591 65 27 tjenst
758 591 59 27 längt
827 591 85 21 utöfver

83 620 40 21 den
139 620 37 26 tid,
193 620 28 21 dä
235 620 42 21 han
293 620 82 21 kunnat
390 620 39 21 och
445 620 64 21 bordt
524 620 66 21 blifva
606 620 180 26 pensionstagare.
817 620 37 21 Ett
865 620 46 21 icke

82 648 83 22 mindre
189 648 186 27 behjertansvärdt
397 648 82 22 faktum
503 651 24 19 är
542 649 61 21 äfven
620 648 42 26 det,
679 651 32 19 att
726 649 21 21 få
761 655 65 20 yngre
842 648 69 22 landt-

82 679 82 19 mätare
188 684 88 14 numera
298 677 60 21 idkat
382 678 81 20 studier
478 677 34 21 vid
528 678 83 20 landets
628 677 109 26 Högskola
752 680 51 18 utan
820 677 92 22 flertalet

82 711 77 21 genom
183 705 95 22 erhällen
293 712 16 15 s.
326 706 20 21 k.
363 706 97 26 dispence
475 706 47 21 frän
538 706 70 21 elever
623 706 68 21 blifvit
708 706 203 26 högvederbörligen

82 734 137 22 installerade
242 734 32 22 till
297 734 153 21 auskultanter.
489 735 75 21 Denna
587 735 158 26 omständighet
767 734 82 22 medför
871 735 41 21 den

83 763 113 27 olägenhet
219 765 32 19 att
273 764 32 20 ett
327 763 81 21 mindre
431 764 54 20 mått
499 763 24 21 af
536 763 99 27 kunskap
651 763 38 21 och
706 763 93 27 bildning
816 763 96 21 kommer

84 792 40 21 den
140 791 92 21 sälunda
247 791 110 22 tillkomne
373 792 199 26 arbetspersonalen
588 792 32 20 till
637 792 33 21 del
685 794 28 19 än
729 792 92 26 önskligt
836 794 24 19 är
872 792 40 22 och

85 820 48 22 dess
148 820 101 26 ställning
264 820 6 21 i
287 820 112 21 samhället
411 820 90 21 fordrar.

152 848 48 22 Med
212 849 114 26 anledning
342 848 63 22 häraf
419 848 90 22 utbeder
522 849 38 27 jag
580 849 43 27 mig
638 848 33 22 för
687 849 85 22 ständet
787 849 21 21 fä
823 849 89 23 föreslä:

359 913 32 19 att
407 917 24 15 en
447 911 133 26 underdänig
596 911 93 27 begäran
705 911 32 22 till
753 911 60 22 Hans
827 912 85 27 Kejser-

290 939 43 28 liga
355 940 100 27 Majestät
477 940 39 21 och
539 940 84 21 landets
649 940 118 21 Storfurste
782 940 67 22 mätte
864 941 49 27 ingä

291 975 34 14 om
348 971 38 23 att,
410 970 31 20 ett
464 968 79 27 förslag
567 969 32 20 till
622 969 66 20 sädan
707 969 169 26 reorganisation
892 969 23 22 af

291 997 135 21 landtmäteri
449 999 70 19 staten
542 997 6 20 i
572 997 73 21 landet
666 997 40 21 och
722 997 25 21 de
763 997 150 27 författningar

291 1032 44 15 som
358 1025 48 21 med
428 1025 161 22 landtmäteriet
614 1025 39 22 och
676 1026 171 27 jordklyfningar
872 1029 40 19 ete.

290 1054 63 21 hafva
375 1054 128 27 gemenskap
525 1054 68 21 blefve
617 1055 125 20 utarbetadt
764 1055 40 21 och
829 1055 84 22 landets

291 1083 86 20 ständer
392 1082 176 21 fordersammast
584 1083 113 27 förelagdt,
713 1089 44 15 som
773 1089 50 15 vore
834 1084 79 26 egnadt

290 1113 32 19 att
337 1111 64 21 häfva
416 1111 39 21 här
470 1111 62 22 ofvan
548 1111 112 27 päpekade
676 1112 143 26 olägenheter.

360 1140 45 21 Den
427 1139 103 22 förökade
551 1140 99 22 kostnad,
671 1147 45 14 som
733 1141 121 26 derigenom
871 1140 41 21 kan

291 1168 126 27 tillskyndas
439 1168 137 25 statsverket,
600 1171 24 18 är
644 1169 37 26 jag
703 1169 105 21 förvissad
830 1175 35 15 om
880 1171 33 19 att

290 1197 89 27 rikligen
395 1197 54 21 skall
465 1199 93 19 ersättas
573 1203 77 21 genom
667 1198 40 21 den
722 1199 70 20 större
808 1196 104 28 välmäga,

291 1232 45 15 som
357 1226 120 26 säkerligen
498 1226 46 21 icke
561 1226 54 21 skall
631 1226 100 21 uderläta
746 1228 33 19 att
793 1226 73 26 sprida
880 1226 33 27 sig

291 1254 58 21 säväl
365 1254 63 22 bland
442 1254 141 27 jordegarene
599 1254 73 27 sjelfve
688 1261 45 15 som
750 1254 64 22 bland
830 1255 47 26 den,
891 1255 23 21 af

290 1283 107 21 desamme
420 1283 106 21 beroende
548 1283 113 22 obesuttne
680 1284 61 20 delen
757 1284 23 20 af
793 1283 119 21 befolknin-

289 1318 41 20 gen
345 1312 7 20 i
367 1312 78 21 landet.

359 1340 66 21 Detta
440 1340 80 26 förslag
535 1340 32 22 till
583 1340 133 27 underdänig
731 1340 90 27 petition
839 1340 73 22 anhäl-

290 1368 32 22 ler
334 1368 37 27 jag
386 1371 33 19 att
434 1369 86 21 ständet
532 1369 48 21 med
595 1369 86 27 välvilja
696 1369 66 21 mätte
777 1368 71 22 säsom
864 1369 48 21 dess

291 1404 52 20 egen
359 1400 93 24 upptaga
467 1398 39 20 och
521 1398 142 20 medständen
678 1398 104 21 meddela.

152 1465 133 27 Helsingfors
301 1465 40 22 den
357 1466 26 21 17
399 1466 103 21 Februari
520 1466 62 21 1872.

653 1533 27 22 E.
695 1534 21 21 J.
734 1533 108 22 Stråhle."
