1109 1825
225 142 44 21 232
379 148 214 21 Talonpoikaissääty
605 148 56 17 1872.
687 148 24 17 14
723 152 18 17 p.
754 148 96 17 maalisk.

197 230 45 19 että
269 227 127 22 seuraaville
428 227 153 27 valtiopäiville
608 228 136 21 kokoontuisi
768 227 92 21 sellaisia
885 228 143 27 pöytäkirjoja

197 256 74 22 milt'ei
285 256 52 27 joka
352 256 113 21 kunnasta.

267 313 112 21 Edusmies
402 313 174 20 Riihimäki
600 313 52 20 luuli
668 314 45 19 että
727 313 33 26 jos
776 313 41 20 hän
834 313 47 21 olisi
898 313 130 26 rusthollari,

196 341 43 21 niin
263 342 53 20 voisi
339 341 90 21 hänessä
451 341 170 27 puolue-kihkoa
644 341 81 27 löytyä;
749 341 69 21 katsoi
842 341 184 27 sopimattomaksi

195 369 145 22 loukkauksia
361 369 23 27 ja
406 370 110 27 syytöksiä
535 370 95 24 viskellä,
655 376 54 15 vaan
725 370 68 21 tahtoi
810 372 66 25 pysyä
891 370 39 21 itse
946 371 82 20 asiassa

196 399 59 20 kiini.
287 399 48 20 Kun
358 400 119 19 muutamat
499 399 91 26 puhujat
605 399 66 20 olivat
687 399 112 20 lausuneet
815 399 175 21 laittomuudesta
1004 399 23 26 ja

197 427 169 26 ryöstämisestä,
388 427 43 20 niin
452 426 27 21 oli
503 427 59 20 sekin
584 427 133 21 loukkausta.
749 427 83 26 Puhuja
856 427 136 26 puolestansa
1008 427 19 21 ei

197 455 54 21 ollut
271 458 75 18 muuta
361 456 148 25 tarkoittanut,
527 455 49 21 kuin
593 455 206 27 perustuslaillisella
815 456 78 21 tavalla
908 457 82 26 poistaa
1004 456 23 26 ja

196 484 87 26 korjata
299 484 117 21 muutamia
431 484 120 27 nykyajalle
568 485 157 25 sopimattomia
733 484 23 27 ja
767 484 115 21 haitallisia
893 485 133 20 etu-oikeuk-

196 514 37 19 sia.
265 512 28 21 Ja
318 512 114 22 lukemalla
448 513 271 26 valtiopäiväjärjestyksen
737 514 24 19 71
779 513 44 26 8:tä
839 513 51 21 sekä
907 513 53 21 1772
976 519 50 15 vuo-

197 541 40 22 den
259 541 187 21 Hallitusmuodon
463 542 25 20 18
502 541 23 26 ja
541 542 27 20 52
584 541 57 27 $$:tä
656 541 50 21 koki
722 541 80 27 puhuja
817 542 93 21 osoittaa
925 543 44 20 että
984 541 42 21 val-

197 570 117 26 tiopäivillä
331 570 93 21 sellaiset
439 571 55 20 asiat
510 570 104 21 laillisesti
630 570 71 21 voivat
717 570 54 21 tulla
785 570 125 21 keskustelu
925 570 101 21 aineeksi.

267 626 174 22 Vicetalmannen
464 627 105 21 Slotte
591 628 92 26 yttrade,
707 630 32 18 att
762 627 27 21 dä
812 627 42 21 han
870 628 158 20 undertecknat

197 656 40 21 den
258 656 65 21 redan
344 656 82 26 färdiga
447 656 124 26 petitionen,
590 656 55 20 hade
669 656 39 20 han
733 656 32 20 väl
789 658 51 18 anat
856 658 32 18 att
904 656 122 20 densamma

197 684 70 21 skulle
292 686 59 19 möta
366 684 109 21 motständ
490 684 39 21 och
546 686 32 19 att
593 684 123 21 tillochmed
733 684 69 26 nägon
819 685 123 26 ordvexling
958 685 68 21 skulle

196 714 88 25 uppstä;
301 719 48 15 men
365 715 32 18 att
413 712 73 27 frägan
503 713 68 21 skulle
588 712 78 22 drifvas
682 713 23 21 sä
721 712 65 27 längt,
797 719 45 15 som
854 720 28 14 nu
894 713 64 25 skett,
972 712 54 22 hade

197 742 83 20 talaren
307 742 47 20 icke
381 744 54 18 trott
457 742 89 20 emedan
568 742 41 20 han
633 742 58 26 tyckt
716 742 31 26 sig
766 742 72 20 kunna
853 744 78 24 antaga
947 744 32 18 att
994 742 31 20 uti

197 770 157 21 bondeståndet
377 776 58 15 mera
458 770 95 26 bildning
576 776 50 15 vore
643 770 161 26 representerad
820 770 35 21 vid
871 771 69 20 denna
956 770 69 20 landt-

197 798 41 26 dag
260 800 27 19 än
310 799 34 20 vid
368 798 26 21 de
417 798 133 27 föregående.
581 799 34 20 Nu
638 798 55 21 hade
715 799 82 20 talaren
811 798 118 22 emellertid
946 799 31 20 till
994 799 32 21 sin

197 826 112 28 förvåning
332 827 76 26 funnit,
431 829 32 19 att
482 827 44 27 just
550 828 33 25 de,
606 834 45 14 som
673 828 62 20 bordt
750 827 46 21 föra
811 827 134 27 bildningens
960 828 64 25 taian,

196 857 59 19 utöst
271 856 26 20 de
313 856 96 20 svåraste
425 856 160 26 beskyllningar
601 856 38 20 och
657 856 62 20 väckt
735 856 36 20 det
786 858 72 19 värsta
874 856 53 26 gräl.
954 856 72 20 Meur-

196 890 51 15 man
270 884 54 21 hade
347 884 7 21 i
378 886 31 20 ett
430 885 28 20 tal
474 884 28 27 på
518 884 68 21 finska
602 884 94 26 språket,
714 891 43 14 som
771 884 42 21 han
829 888 71 17 ansett
915 884 33 21 för
964 884 63 21 hård-

197 913 64 20 smält
283 915 32 18 att
330 913 33 20 för
385 913 26 20 de
431 913 91 20 svenska
537 913 86 20 talande
639 915 64 18 annat
720 915 25 18 än
762 913 47 20 med
826 919 38 20 par
880 913 39 20 ord
935 913 90 25 uttolka,

196 941 46 21 vidt
265 941 40 21 och
329 941 62 21 bredt
414 941 61 21 ordat
499 947 33 15 om
557 941 66 22 Kristi
643 941 144 27 korsfästning
803 942 39 20 och
859 941 167 21 rusthållarenes

196 969 160 26 korsfästande;
375 976 47 15 men
439 970 58 21 öfver
512 971 105 20 rättvisan
633 970 39 21 och
689 970 122 26 billigheten
828 971 31 20 uti
874 970 36 21 det
926 970 23 21 af
959 970 67 21 Riihi-

196 998 58 21 mäki
278 998 91 21 anförda
389 998 149 27 förhållandet,
554 1001 34 19 att
604 998 129 21 rusthållens
748 1000 186 25 augmentsräntor
949 1005 76 20 genom

197 1027 319 26 räntepersedelomsättningen
543 1027 68 21 blifvit
627 1027 23 20 så
665 1028 104 26 ansenligt
785 1027 111 26 förökade,
912 1027 56 21 hade
983 1027 41 20 han

196 1055 47 22 icke
267 1058 72 19 ansett
361 1056 74 26 nödigt
453 1058 32 19 att
500 1056 70 21 uttala
585 1056 31 21 sin
633 1056 90 26 mening.
755 1056 111 21 Meurman
881 1055 55 21 hade
952 1056 73 21 likale-

198 1084 37 21 des
250 1086 69 25 yttrat
334 1084 31 26 sig
381 1087 57 18 emot
454 1084 150 21 brädstörtade
620 1085 211 26 samhällsreformer,
848 1085 39 20 och
904 1085 53 20 dock
971 1085 55 20 hade

197 1112 49 26 han,
269 1113 45 21 ifall
333 1113 82 21 talaren
431 1113 46 21 icke
492 1113 85 26 mycket
592 1113 106 26 misstagit
713 1113 38 26 sig,
768 1114 30 20 uti
814 1113 160 21 vederbörande
992 1115 33 18 ut-

197 1141 58 21 skott
276 1142 122 21 understött
420 1142 137 26 regeringens
579 1141 139 27 proposition,
742 1142 108 26 angående
866 1142 123 25 förändring
1004 1141 24 21 af

196 1170 210 21 knektekontrakten
430 1171 5 20 i
459 1171 117 26 Kuusamo,
599 1170 123 21 Kemiträsk
739 1170 38 21 och
793 1171 131 26 Kuolajärvi,
941 1170 85 21 hvilken

197 1199 134 26 proposition
352 1198 95 28 åsyftade
470 1205 25 15 en
518 1199 89 21 alldeles
629 1199 58 26 dylik
703 1199 148 27 omstörtning.
868 1211 26 3 —
911 1199 33 21 Då
959 1199 67 21 Riihi-

196 1227 57 21 mäki
277 1227 32 21 till
332 1228 140 26 petitionerne
493 1228 57 26 gjort
571 1229 32 20 ett
625 1228 74 26 tillägg
721 1234 33 14 om
775 1228 149 21 förbättrande
938 1228 22 20 af
974 1234 52 20 aug-

196 1256 211 21 mentshemmanens
429 1256 108 27 ställning,
556 1256 24 21 så
595 1256 56 21 hade
666 1256 42 21 han
724 1257 54 20 varit
793 1257 6 20 i
816 1256 31 21 sin
864 1256 53 21 fulla
932 1258 50 19 rätt.
1000 1268 24 2 —

196 1284 43 21 För
255 1284 64 27 öfrigt
334 1284 49 21 ville
399 1286 88 24 talaren,
504 1286 6 20 i
526 1285 67 21 likhet
609 1285 47 21 med
672 1285 107 26 Duncker,
795 1287 32 19 att
838 1285 96 21 Nummis
945 1284 81 27 kapell-

197 1313 63 21 boers
286 1313 108 27 protokoll
419 1314 68 20 skulle
513 1313 47 21 från
583 1314 142 26 petitionerne
747 1313 80 27 skiljas,
851 1314 88 20 emedan
960 1313 66 26 desse,

197 1341 63 21 äfven
276 1342 60 21 detta
351 1342 109 26 protokoll
476 1342 91 26 förutan,
584 1342 83 21 hvilade
683 1342 28 26 på
726 1342 123 26 tillräckligt
860 1342 56 26 goda
925 1342 101 27 grunder.

267 1398 214 27 Landtdagsmannen
508 1399 197 27 Bredenberg
730 1399 98 27 uppläste
854 1401 32 19 ett
910 1398 116 28 sålydande

196 1427 103 27 skriftligt
322 1428 145 26 andragande:
484 1428 124 20 Tvärtemot
621 1427 71 27 Borgå
708 1428 112 26 landtdags
837 1428 70 20 beslut
923 1429 103 19 omsattes

197 1458 222 24 augmentsräntorna,
446 1456 39 20 och
511 1456 34 21 vid
569 1456 69 21 denna
661 1457 129 26 omsättning
811 1456 100 26 påfördes
934 1456 26 20 de
979 1456 47 21 med

197 1484 83 21 skatter
305 1484 120 27 betungade
448 1484 197 22 skattehemmanen
669 1492 25 13 en
711 1485 58 21 cirka
785 1486 27 20 50
827 1487 99 24 procents
942 1484 84 27 olaglig,

194 1512 88 27 förhöjd
306 1513 66 26 skatt,
395 1513 32 20 till
450 1513 84 20 förmon
553 1513 34 21 för
602 1514 27 19 de
644 1519 45 15 mer
705 1515 26 18 än
747 1514 113 20 skattefria
875 1512 152 27 rusthällsega-

197 1547 61 15 rena.
289 1541 41 22 Vid
354 1541 25 21 de
401 1541 51 21 sista
475 1541 154 27 landtdagarne
652 1543 67 20 sattes
742 1541 51 22 flere
808 1544 72 19 stenar
894 1541 29 27 på
938 1541 88 21 bördan.
