1109 1825
265 138 212 20 Talonpoikaissääty
491 137 56 17 1872.
573 138 25 16 27
610 142 18 16 p.
641 137 82 17 helmik.
852 132 27 20 99

78 218 62 21 dessa
162 218 61 20 torde
246 223 51 15 vara
319 222 42 20 nog
381 217 33 20 för
437 219 33 19 att
492 217 75 26 belysa
587 216 144 22 förhållandet
753 216 76 22 sådant
850 217 58 21 det
898 212 14 35 i

77 246 146 26 verkligheten
247 246 57 20 visar
324 246 36 26 sig.
393 245 24 21 Vi
438 246 72 20 kunna
526 245 76 21 endast
618 245 63 21 tacka
696 246 40 20 den
753 246 71 20 kända
840 245 69 21 finska

78 275 122 21 envisheten
221 274 39 21 och
276 274 117 26 egenheten
409 276 32 18 att
456 274 109 20 bibehålla
579 273 71 27 gamla
665 274 62 21 seder
743 274 39 21 och
798 280 66 15 vanor
874 274 34 21 för

76 305 34 19 att
132 303 19 26 ej
174 303 49 21 hela
245 303 46 20 lösa
313 302 150 25 befolkningen
487 302 44 21 helt
550 302 39 21 och
606 302 66 21 hället
688 302 119 26 öfvergifvit
823 302 85 21 arbetet

79 331 41 22 och
142 331 49 21 med
206 332 32 21 sin
254 331 102 21 talrikhet
372 331 88 21 anställt
475 331 122 26 ordentliga
613 331 180 26 folkvandringar,
810 337 47 15 men
874 331 34 25 dä,

77 360 123 27 isynnerhet
224 359 73 22 ibland
313 359 36 21 det
365 366 66 20 yngre
446 360 84 25 slägtet,
548 359 70 21 lusten
635 359 33 21 för
683 361 32 19 ett
729 359 180 28 kringstrykande

77 388 128 22 lefnadssätt
225 389 74 26 tyckes
321 388 85 27 tilltaga
429 388 39 21 och
493 387 69 27 legala
585 388 201 27 fattigutskyldernä
802 389 58 26 stigit
876 388 32 21 till

80 417 92 26 otroliga
194 423 101 20 summor,
319 417 72 20 hvilka
405 417 65 20 redan
487 416 124 21 förorsakat
626 416 51 21 eller
693 417 85 21 komma
794 419 31 19 att
841 417 67 21 föror-

78 446 53 21 saka
150 446 126 27 jordegares
295 445 124 27 undergäng
442 445 39 21 och
503 445 74 26 tvinga
589 445 48 21 dem
653 447 33 19 att
701 445 55 21 afstä
771 445 46 22 frän
831 446 77 25 jorden

78 474 34 21 för
126 476 33 19 att
175 474 74 27 sjelfva
265 474 61 27 börja
341 474 48 21 med
406 476 31 19 ett
453 474 182 27 kringstrykande
651 473 134 25 lefnadssätt,
796 475 23 20 sä
829 477 25 18 är
864 473 44 22 för-

78 503 110 22 hällandet
207 504 7 20 i
235 502 73 27 sjelfva
331 503 74 20 verket
428 503 149 20 oroväckande
601 502 39 21 och
661 503 47 20 dess
724 503 83 26 lösning
823 509 25 14 en
864 503 43 20 lifs-

78 531 66 27 fråga.
176 532 49 21 Med
245 532 119 21 kännedom
389 531 22 21 af
432 531 164 21 förhällandena
619 531 5 20 i
648 531 46 21 inre
713 531 90 21 Finland
819 533 25 19 är
858 537 49 14 man

79 563 92 24 tvungen
187 563 79 24 antaga
281 562 31 19 att
328 561 62 25 ingen
406 560 41 27 ljus
462 559 87 22 framtid
566 561 77 19 väntar
658 561 135 20 detsamma
783 555 15 36 i
807 560 102 21 händelse

79 589 26 21 de
128 595 27 15 nu
179 589 98 27 gällande
300 589 181 27 lagstadgandena
504 588 97 22 fortfara.
631 588 65 22 Utom
720 588 75 27 lättjan
812 589 39 21 och
867 589 40 21 den

81 618 124 26 uppenbara
217 620 81 18 trotsen
309 618 33 20 för
353 618 42 20 alla
404 618 152 26 förmaningar,
571 621 57 17 utom
640 618 40 20 den
694 618 130 25 okunnighet
835 618 6 20 i
852 617 56 27 sjelf-

80 646 130 27 försörjning
234 646 39 21 och
299 646 40 21 den
355 646 236 21 nationalekonomiska
605 646 78 21 förlust
698 646 121 26 härigenom
841 646 66 21 föror-

80 675 69 25 sakas,
173 678 59 18 utom
255 675 39 21 den
318 675 83 21 direkta
421 675 92 26 utgiften
537 675 32 20 till
591 674 143 26 fattigvården
752 675 39 21 och
807 676 59 20 utom
882 674 27 21 de

79 704 93 26 gräsliga
197 710 73 14 scener
285 710 45 14 som
347 704 43 20 ofta
406 704 6 20 i
429 704 113 26 anledning
559 703 63 21 häraf
635 703 142 21 förekommer
793 703 27 21 då
835 703 73 21 nemli-

79 738 40 21 gen
143 732 40 21 den
206 732 97 21 enskilda
323 732 167 26 välgörenheten
514 732 32 21 till
567 735 45 18 stor
628 732 33 20 del
677 732 23 21 af
714 732 26 20 de
755 732 94 21 rådande
864 732 44 21 för-

79 760 130 22 hållandena
229 760 71 22 blifvit
325 761 138 27 undertryckt
487 761 39 21 och
549 760 92 27 verkligt
664 761 132 21 behöfvande
817 761 43 21 ofta
876 760 33 21 för

80 789 136 27 ögonblicket
239 789 126 27 omenskligt
387 790 125 25 behandlas,
528 792 59 18 utom
605 790 40 20 den
660 789 131 21 förlamande
806 789 102 21 inverkan

80 818 39 21 allt
139 818 58 21 detta
220 818 68 21 måste
311 817 112 21 förorsaka
437 818 28 26 på
482 818 101 21 nationen
599 818 66 21 finnes
681 818 61 21 äfven
758 818 74 26 andra,
848 818 61 20 mäk-

80 847 40 26 tigt
142 847 87 21 talande
252 847 53 25 skäl,
327 847 33 21 för
382 854 26 14 en
431 847 55 21 total
508 846 125 27 förändring
648 847 6 20 i
671 847 36 21 det
722 847 129 21 nuvarande.
881 846 27 21 Vi

80 875 62 21 torde
164 876 105 26 nemligen
292 863 85 33 komma
400 876 116 25 sanningen
532 875 82 27 ganska
630 877 52 19 nära
698 881 33 15 om
747 876 19 20 vi
782 878 79 24 antaga
876 877 32 18 att

80 904 28 27 1/g
130 903 23 21 af
174 904 41 21 den
237 904 46 21 lösa
305 904 149 26 befolkningen
472 891 40 34 blir
527 904 83 20 befriad
627 904 47 20 från
689 904 43 21 alla
747 904 117 26 utskylder,
879 903 29 27 1/3

80 932 69 21 ehuru
164 933 95 24 taxerad,
275 932 128 21 försummar
418 932 137 27 betalningen
571 932 56 21 helst
643 932 22 21 af
679 932 77 21 honom
773 932 135 21 exekutions-

80 961 32 21 vis
134 961 54 21 intet
209 961 42 21 kan
266 963 61 24 tagas
346 961 38 21 och
401 961 76 21 endast
492 961 28 27 1/3
536 961 101 21 afbördar
653 961 32 26 sig
700 961 45 21 sina
761 961 91 26 utlagor,
869 960 39 21 och

80 989 28 21 dä
128 989 40 21 den
191 989 46 22 lösa
259 989 149 27 befolkningen
431 991 24 19 är
478 989 129 22 flerdubbelt
623 991 69 20 större
707 991 27 19 än
751 990 40 21 den
806 989 62 26 fasta,
884 989 24 21 sä

80 1018 56 21 inses
157 1018 41 21 lätt
221 1018 83 21 hvilken
324 1018 76 21 förlust
415 1018 59 21 säväl
490 1021 70 18 staten
577 1025 44 14 som
638 1018 129 21 kommunen
783 1019 53 20 lider
851 1017 57 21 häri-

80 1053 83 20 genom,
187 1047 84 20 hvilken
287 1047 76 21 förlust
379 1047 40 20 blir
434 1049 27 18 än
478 1053 58 15 mera
552 1047 136 26 betungande
705 1047 27 20 dä
747 1047 36 20 det
800 1046 109 21 bristande

80 1075 6 21 i
110 1077 81 19 statens
207 1075 39 21 och
262 1075 139 22 kommunens
416 1076 118 21 inkomster
550 1075 23 21 af
587 1075 40 21 den
644 1075 100 22 besuttna
760 1075 105 26 allmogen
880 1075 29 26 pä

80 1106 32 19 ett
127 1104 52 21 eller
194 1106 66 19 annat
275 1106 42 19 sätt
333 1104 67 21 måste
416 1104 108 21 betäckas.
555 1104 34 21 Då
604 1110 29 15 nu
649 1104 12 21 ä
677 1110 40 15 ena
732 1104 60 21 sidan
807 1104 41 21 den
864 1104 46 20 lösa

80 1132 150 27 befolkningen
251 1133 26 20 de
293 1133 59 21 fakto
367 1133 47 21 icke
430 1139 50 20 eger
495 1133 26 21 de
537 1133 94 26 ringaste
647 1133 144 26 skyldigheter
807 1134 52 19 utan
872 1138 37 14 en-

80 1161 49 21 dast
147 1161 132 26 rättigheter,
296 1167 47 15 men
359 1161 13 21 ä
387 1162 68 20 andra
470 1162 61 20 sidan
547 1162 41 21 den
604 1161 100 22 besuttna
720 1161 117 26 allmogens
852 1160 57 27 skyl-

81 1189 97 27 digheter
200 1191 37 20 äro
257 1191 69 20 större
349 1192 27 19 än
399 1190 151 21 motsvarande
574 1190 127 26 rättigheter
721 1190 39 21 och
776 1190 62 21 deras
854 1189 55 21 fasta

80 1219 54 26 gods
156 1218 108 22 dessutom
279 1219 44 21 står
338 1218 7 21 i
360 1222 52 24 pant
427 1219 32 21 för
475 1219 58 21 såväl
549 1219 78 21 krono-
643 1225 46 15 som
704 1217 205 27 kommunalutskyl-

81 1248 43 23 der,
141 1247 23 21 sä
179 1247 94 27 framgår
289 1248 62 20 häraf
365 1250 32 18 att
409 1248 46 26 just
470 1248 41 21 den
526 1248 35 20 del
577 1248 22 20 af
608 1247 102 21 Finlands
722 1247 128 21 innevånare
863 1252 45 15 som

80 1276 33 20 till
136 1278 80 18 största
237 1276 61 21 delen
321 1276 99 26 bidrager
439 1277 33 20 till
489 1276 168 27 uppehällandet
671 1276 22 21 af
707 1278 70 19 staten
793 1276 40 21 och
850 1275 59 21 kom-

80 1310 78 15 munen
173 1306 25 19 är
212 1306 55 20 mest
282 1305 129 21 förfördelad
428 1305 39 21 och
483 1305 85 21 bunden
587 1305 32 21 till
630 1304 31 21 sin
673 1305 110 26 egendom.
805 1304 43 21 För
864 1304 45 20 vin-

80 1333 70 21 nande
165 1333 24 21 af
199 1333 112 27 jemlikhet
327 1334 46 20 häri
389 1334 39 20 och
444 1334 34 21 för
493 1336 33 18 att
541 1334 102 20 förändra
663 1334 40 20 och
719 1340 34 14 om
768 1333 84 27 möjligt
866 1332 43 21 för-

80 1362 73 21 bättra
175 1362 37 21 det
230 1362 122 21 nuvarande
368 1362 104 27 olyckliga
487 1362 145 21 förhällandet
648 1362 47 21 med
711 1362 40 21 den
767 1362 46 21 lösa
828 1360 82 22 befolk-

80 1391 77 26 ningen
174 1390 63 21 hafva
252 1391 20 20 vi
288 1392 51 20 äran
355 1390 33 21 för
404 1391 133 21 hedervärda
552 1390 157 22 bondeständet
720 1390 77 22 föreslä
808 1389 100 27 följande:

149 1419 79 27 Hvarje
243 1418 56 22 finsk
314 1420 157 26 medborgerlig
486 1426 78 20 person
581 1421 24 19 är
620 1419 117 27 förpliktad
748 1421 32 19 att
793 1418 53 22 efter
856 1424 54 20 upp-

79 1448 71 20 nädda
167 1448 26 20 16
209 1448 24 20 år
249 1448 63 20 blifva
328 1448 94 27 delaktig
437 1448 32 21 uti
485 1455 25 14 en
527 1448 72 26 hvarje
612 1448 101 21 kommun
727 1448 107 20 blifvande
845 1446 65 26 bank,

80 1482 49 14 man
151 1476 33 21 för
207 1478 14 19 t.
242 1482 31 15 ex.
298 1477 47 26 100,
362 1478 77 25 gvinna
454 1477 34 21 för
504 1478 27 20 50
546 1477 68 23 mark,
631 1476 72 21 hvilka
718 1476 69 21 medel
802 1476 6 20 i
825 1475 84 21 banken

80 1504 108 21 förräntas
211 1505 39 20 och
272 1505 77 20 hvaraf
367 1508 124 23 procenten,
515 1506 6 20 i
543 1505 102 21 händelse
660 1505 103 20 insättare
779 1505 40 20 har
834 1504 75 21 afvikit

80 1535 62 18 orten
164 1533 52 21 eller
239 1533 60 26 eljest
321 1535 24 19 är
360 1534 124 25 meddellös,
500 1533 105 28 tillgripes
621 1533 32 21 till
670 1533 133 21 betäckande
819 1532 23 21 af
856 1532 53 21 hans
