1109 1825
253 138 212 22 Talonpoikaissääty
478 139 55 17 1872.
558 139 26 17 27
595 143 20 17 p.
627 139 84 18 helmik,
844 133 27 22 9”

70 218 119 28 petitionen
201 224 34 16 om
248 218 262 27 kommunaluppbördens
524 218 141 27 särskiljande
677 218 46 22 från
734 219 99 25 kronans,
846 221 56 19 samt

71 246 73 28 ansåg,
167 247 163 21 vidkommande
352 246 74 26 frågan
450 253 34 15 om
509 247 237 27 kronofogdetjenstens
770 247 132 22 afskaffande

72 278 33 20 att
121 277 37 20 det
172 276 34 20 väl
223 276 70 20 kunde
310 282 51 14 vara
375 275 53 27 godt
443 282 35 14 om
494 282 26 15 en
537 276 34 21 del
588 276 89 26 tjenster
692 276 7 21 i
715 276 73 21 landet
798 276 104 27 indrages,

72 310 48 15 men
144 304 76 21 trodde
235 306 32 19 att
283 304 36 21 det
334 303 62 22 torde
411 303 62 27 dröja
488 304 62 27 länge
565 304 65 21 innan
646 311 49 14 man
711 304 80 21 erhölle
807 305 95 21 länsmän

72 339 46 15 som
133 338 51 15 vore
199 339 70 14 vuxna
285 334 32 19 att
333 332 52 27 fylla
400 332 183 27 kronofogdarnes
598 333 63 27 plats.

142 389 113 22 Edusmies
277 389 118 21 Isotalo
419 389 70 22 katsoi
512 389 130 27 esityksessä
661 389 74 22 olevan
752 390 60 21 kaksi
827 390 76 22 erilaa-

72 418 66 21 tuista
161 418 60 21 asiaa
241 418 22 27 ja
286 418 67 21 tahtoi
377 419 45 20 että
442 424 85 15 ruunun
543 418 141 21 virkamiehet
698 419 132 22 edelleenkin
845 419 58 28 ylös-

72 447 131 21 kantaisivat
217 447 130 21 kunnallisia
363 447 125 26 ulostekoja.

142 504 112 21 Edusmies
270 503 77 22 Hahl
363 504 69 21 lausui
449 505 45 20 että
510 510 26 15 ne
552 504 31 21 eri
600 503 136 28 kysymykset
749 504 62 27 jotka
825 505 78 26 esityk-

72 534 60 20 sessä
147 533 110 26 löytyivät,
274 539 54 14 vaan
344 533 66 20 olivat
425 532 122 27 erihaaroja
562 533 208 26 pääkysymyksestä,
783 533 53 26 joka
854 533 50 21 kos-

73 561 40 21 kee
128 561 181 27 ylöskantoasiain
325 561 156 26 järjestämistä.
512 561 39 21 Jos
567 563 61 25 sääty
643 561 110 21 kuitenkin
763 562 88 21 katsoisi
862 561 41 22 esi-

73 590 76 27 tyksen
171 591 75 20 olevan
267 589 255 28 valtiopäiväjärjestystä
542 591 96 25 vastaan,
659 590 69 21 tahtoi
747 590 81 28 puhuja
843 592 61 20 ottaa

73 624 37 16 sen
126 619 91 21 takasin.

143 676 215 26 Landtdagsmannen
374 676 118 20 Brännäs
525 675 103 22 förenade
643 676 32 26 sig
689 676 7 21 i
713 676 80 22 Slottes
803 676 100 28 yttrande

74 706 56 19 samt
145 704 92 27 begärde
253 704 128 27 petitionens
397 704 161 27 bordläggning.

144 761 71 27 Esitys
231 762 81 26 pantiin
328 761 98 27 pöydälle
442 762 47 21 ensi
504 761 106 22 tulevaksi
625 761 150 22 kokoukseksi.

144 898 113 22 Edusmies
304 899 48 20 Hahl
376 899 101 24 mainitsi,
493 900 46 19 että
554 899 42 20 hän
612 898 151 22 esiintulleesta
779 900 77 26 syystä,
868 900 38 26 nyt

75 926 69 22 tahtoi
165 927 146 21 takasinottaa
333 928 62 20 viime
416 927 135 27 perjantaina
566 927 99 27 pöydälle
678 927 83 27 jätetyn
775 927 131 28 pyyntö-esi-

75 955 76 27 tyksen
166 955 41 22 N:o
224 956 33 25 19,
271 956 66 27 johon
353 956 118 27 säädynkin
486 956 100 27 puolesta
601 956 131 21 suostuttiin.

145 1013 120 21 Aukaistiin
287 1013 74 21 Hänen
382 1013 162 27 Ylhäisyydeltä
564 1013 261 21 Kenraalikuvernööriltä
841 1013 65 21 tullut

74 1041 55 26 kirje
152 1041 101 21 sisältävä
275 1041 70 27 yhden
369 1041 119 27 kappaleen
512 1042 75 21 Hänen
610 1042 145 21 Keisarillisen
770 1041 136 28 Majesteetin

74 1069 125 22 Armollista
224 1070 90 27 esitystä
335 1077 61 14 maan
412 1070 108 25 Säädyille
536 1071 95 20 koskeva
647 1071 186 21 suostuntavarain
848 1071 58 20 mää-

75 1099 104 20 räämistä
194 1105 63 14 maan
272 1099 155 26 kansakouluja
443 1101 75 19 varten
533 1101 58 25 ynnä
605 1101 80 19 muuta.

144 1218 62 22 Ynnä
215 1208 78 32 tämän
309 1219 58 21 kuun
383 1220 63 20 23:na
461 1219 92 27 päivänä
568 1219 99 27 pöydälle
679 1219 83 27 jätetyn
777 1218 130 28 pyyntö-esi-

74 1247 77 27 tyksen
175 1247 39 21 N:o
239 1248 25 21 17
287 1248 78 21 kanssa
387 1248 101 21 esiteltiin
507 1248 40 21 N:o
563 1248 28 22 36
607 1248 42 21 alla
664 1250 69 19 otettu
749 1248 48 21 näin
813 1247 94 21 kuuluva

75 1276 165 26 pyyntö-esitys:

298 1379 5 10 5
307 1362 46 25 Till
368 1362 133 22 hedervärda
517 1362 166 22 Bondeständet.

145 1419 33 21 En
201 1419 83 27 verklig
307 1419 94 26 lifsfräga
416 1419 33 21 för
465 1419 125 27 isynnerhet
605 1419 37 21 det
657 1419 46 21 inre
718 1419 90 21 Finland
823 1420 26 19 är
864 1418 44 21 för-

75 1448 91 26 ändring
189 1448 24 21 af
233 1448 40 21 den
289 1448 46 21 lösa
351 1448 162 26 befolkningens
529 1448 124 20 nuvarande
667 1447 133 21 förhällande
815 1447 34 21 till
865 1450 43 18 sta-

74 1478 44 23 ten,
146 1472 121 35 kommunen
282 1477 52 21 .vch
357 1476 40 22 den
421 1476 98 22 enskilda
536 1476 166 27 jordbrukaren.
733 1476 49 21 Man
798 1476 42 20 kan
856 1477 53 25 säga

75 1504 40 21 och
131 1505 41 20 den
189 1505 56 27 äsigt
260 1507 24 19 är
299 1505 62 21 äfven
376 1505 90 20 allmänt
482 1505 95 21 rädande
592 1507 33 19 att
640 1505 40 20 den
696 1505 46 20 lösa
758 1504 150 26 befolkningen

75 1533 24 20 af
119 1533 63 27 lagen
207 1533 69 22 blifvit
291 1533 140 27 uppfostrade
447 1533 34 22 till
496 1533 103 27 lättingar
614 1533 39 21 och
670 1533 66 26 enligt
750 1533 100 26 gällande
865 1532 44 21 för-

827 1571 11 18 7
