1109 1825
221 148 42 21 440
371 153 212 21 Talonpoikaissääty
595 154 57 17 1872.
675 154 14 16 4
701 157 18 17 p.
732 152 83 18 toukok.

263 234 216 26 Landtdagsmannen
508 233 187 22 Pettersson
729 232 144 22 understödde
908 234 116 20 utskottets

195 262 135 22 betänkande
352 262 29 28 pä
404 262 25 22 de
452 262 23 22 af
495 262 206 27 landtdagsmännen
723 261 107 27 Lindberg
846 261 39 21 och
900 262 71 20 Klami
987 267 37 15 an-

192 291 63 21 förda
270 291 52 20 skäl.

263 353 114 22 Edusmies
418 353 191 21 Laurikainen
625 353 101 27 hyväksyi
742 354 58 26 myös
816 353 142 20 valiokunnan
974 352 50 21 mie-

194 383 82 21 tinnön.

264 445 215 26 Landtdagsmannen
503 444 200 28 Bredenberg
724 444 99 21 förmälte
846 446 32 19 att
900 444 42 21 han
957 444 67 21 under

195 480 25 15 en
236 473 110 26 mängärig
361 473 104 27 seglation
481 473 12 21 ä
510 473 109 26 Ostersjön
636 473 89 21 kommit
740 473 33 21 till
787 473 65 26 insigt
866 473 48 21 icke
935 473 89 20 allenast

195 502 66 26 deraf,
285 504 32 19 att
341 508 26 15 en
391 502 42 21 bäk
455 503 14 20 &
483 502 98 26 Bogskär
596 508 50 15 vore
662 501 110 27 högeligen
788 501 22 21 af
825 501 77 24 nöden,
917 503 51 20 utan
984 501 40 21 ock

194 533 33 19 att
242 531 130 25 densamma,
388 531 99 26 plaserad
502 531 14 20 å
531 537 26 14 en
573 530 82 21 mindre
667 530 152 21 undervattens
830 530 72 27 klippa
913 531 30 20 uti
955 532 69 25 öppna

194 560 73 21 hafvet
282 559 67 22 borde
365 559 47 22 med
433 559 107 27 synnerlig
562 565 85 20 omsorg
662 559 107 26 uppföras,
785 559 33 20 för
833 560 32 19 att
881 565 39 20 ega
935 558 89 21 beständ

195 591 58 19 emot
268 588 65 27 vågor
349 588 40 22 och
406 588 66 21 drifis.
503 587 45 22 Och
564 587 27 22 dä
606 587 67 22 kändt
688 593 56 20 vore,
760 589 33 19 att
808 587 41 21 den
864 587 68 21 finska
945 587 79 21 befolk-

195 618 78 26 ningen
289 617 97 26 omkring
407 617 88 26 Ladoga
516 616 55 22 lefde
586 616 6 21 i
608 616 91 26 mörker,
715 616 65 26 ansäg
795 616 83 21 talaren
893 618 31 19 att
940 616 83 27 upplys-

195 647 50 26 ning
261 646 128 21 ätminstone
405 646 32 20 till
453 645 54 27 sjöss
522 645 46 21 icke
584 645 67 21 borde
662 646 122 20 densamma
795 645 112 21 förmenas.
931 644 93 27 Fyrarne

195 675 14 21 &
223 676 70 20 denna
308 674 31 26 sjö
356 674 65 21 borde
437 673 113 22 innehafva
567 680 24 14 en
608 674 50 26 höjd
673 674 23 20 af
710 674 63 20 minst
795 674 39 20 100
850 673 37 21 fot.

265 744 112 20 Edusmies
401 743 22 21 Me
445 750 37 14 ur
492 749 12 15 m
513 738 14 36 a
522 743 79 21 willa
616 743 19 20 ei
651 742 54 22 ollut
720 742 40 22 itse
776 742 81 22 asiassa
872 743 79 20 mitään
967 742 58 21 lisät-

196 774 63 20 tävää
285 772 66 21 siihen
379 772 52 20 mitä
453 772 70 20 hänen
546 772 174 20 vastalauseensa
744 771 94 25 sisältää,
864 773 69 19 mutta
958 770 67 22 tahtoi

196 802 126 20 ainoastaan
345 802 110 20 vastustaa
478 800 41 21 sitä
541 800 147 26 mielipidettä,
704 802 45 18 että
763 800 165 21 Juutinrauman
944 799 45 21 tulli
1006 800 18 20 ei

196 830 48 22 olisi
268 830 64 20 muka
354 831 193 19 suostuntaverona
572 829 115 26 pidettävä,
704 835 53 15 vaan
773 828 105 21 voitaisiin
894 828 80 21 kuinka
988 828 36 27 hy-

196 860 66 20 vänsä
284 858 90 21 tuhlata.
405 858 67 20 Tämä
494 858 54 26 tulli,
571 859 56 23 näet,
653 858 119 20 koroittaisi
787 857 74 21 kaikki
876 857 149 21 sisääntuonti-

197 890 88 19 tavaran
301 886 86 25 hinnan,
401 886 67 27 jonka
483 886 77 21 kautta
575 886 73 21 kaikki
663 886 98 21 sellaisen
777 888 88 18 tavaran
881 886 78 25 ostajat
976 886 49 20 tuli-

197 916 54 21 sivät
267 915 152 21 veroitetuiksi.

266 984 174 21 Vicetalmannen
463 983 103 21 Slotte
582 983 51 21 sade
648 983 32 26 sig
695 989 50 15 vara
760 983 146 21 förekommen
922 983 22 20 af
957 983 68 20 landt-

197 1013 143 26 dagsmannen
364 1012 117 27 Meurman,
504 1012 32 21 till
552 1011 63 22 hvars
630 1012 99 27 yttrande
744 1012 82 21 talaren
842 1012 76 21 endast
934 1011 92 21 önskade

197 1042 96 26 tillägga,
315 1043 32 19 att
371 1041 36 21 det
429 1041 55 21 varit
507 1041 39 25 väl,
572 1040 45 21 ifall
633 1040 61 21 äfven
710 1041 69 20 denna
794 1040 60 27 fräga
869 1040 81 21 kunnat
965 1040 62 21 anstä

197 1070 44 22 tills
257 1069 172 22 statsutskottets
444 1069 135 22 betänkande
595 1069 6 20 i
618 1069 114 26 anledning
747 1069 23 21 af
783 1069 117 21 relationen
917 1075 33 14 om
961 1071 65 18 stats-

197 1099 86 21 verkets
306 1098 94 21 tillstånd
424 1098 76 21 hunnit
524 1098 99 26 anlända,
649 1097 28 22 dä
692 1097 36 22 det
743 1098 68 21 blifvit
827 1097 33 21 för
876 1097 79 21 enhvar
970 1098 56 21 klart

197 1127 73 22 hvilka
292 1127 69 21 medel
383 1127 77 21 funnes
483 1129 33 18 att
538 1127 61 26 tillgå
621 1126 40 22 och
677 1127 71 20 hvilka
763 1126 102 21 behofver
880 1126 89 21 behöfde
985 1126 41 21 till-

198 1156 98 27 godoses.
326 1156 32 21 De
374 1156 23 21 af
410 1155 97 22 ständets
522 1155 145 26 medlemmar,
683 1161 44 15 som
744 1161 51 15 voro
811 1155 111 26 praktiska
938 1155 88 26 sjömän,

197 1185 56 21 hade
276 1185 32 20 väl
330 1184 82 27 pästätt
434 1187 33 18 att
482 1184 39 21 hos
537 1190 35 15 oss
585 1183 154 28 jemförelsevis
753 1184 81 27 ganska
850 1184 46 20 litet
912 1183 67 21 blifvit
994 1183 32 21 för

198 1213 103 28 sjöfarten
324 1213 111 27 tillgjordt,
459 1219 48 15 men
529 1213 76 21 trodde
628 1213 88 27 talaren,
741 1219 44 15 som
802 1212 69 21 tillika
886 1212 92 22 erkände
994 1213 32 20 sin

197 1242 110 22 bristande
323 1242 96 26 förmäga
434 1244 32 18 att
481 1242 92 20 bedöma
588 1242 74 26 dylikt,
679 1244 32 18 att
726 1248 49 14 man
791 1242 33 20 vid
841 1247 25 15 en
882 1241 56 21 blick
949 1241 27 26 pä
986 1241 39 26 sjö-

197 1272 76 20 korten
289 1271 62 21 torde
365 1270 108 26 upptäcka
487 1270 147 27 ungefärligen
650 1270 43 21 lika
707 1270 77 27 många
799 1270 68 21 bäkar
882 1269 12 21 ä
907 1270 39 20 den
960 1269 67 21 finska

199 1306 44 15 som
267 1300 12 21 å
302 1300 40 20 den
365 1299 90 21 svenska
476 1299 39 21 och
531 1299 64 27 ryska
610 1299 83 21 kusten.
723 1298 90 21 Talaren
828 1298 113 27 godkände
956 1298 71 22 Meur-

199 1335 60 15 mans
274 1328 137 21 reservation.

268 1397 112 21 Edusmies
405 1397 9 21 K
441 1396 90 22 yander
546 1396 95 28 puolusti
656 1396 142 22 valiokunnan
814 1396 123 21 mietinnön.

268 1466 111 21 Edusmies
422 1466 114 21 Duncker
551 1465 68 21 tahtoi
641 1466 140 20 huomauttaa
795 1465 75 25 siihen,
887 1466 44 20 että
946 1466 81 19 muuta-

199 1497 45 19 mat
259 1495 90 26 puhujat
365 1494 65 22 olivat
441 1495 128 20 omistaneet
581 1494 139 21 Meurman'in
732 1494 155 25 vastalauseen,
895 1494 59 26 jossa
964 1493 64 21 ehdo-

199 1524 79 21 tellaan
304 1525 44 19 että
372 1523 118 26 Bogskärin
513 1522 101 27 majakka
633 1522 50 27 jäisi
705 1522 131 26 vastaiseksi,
858 1522 23 27 ja
900 1528 37 15 sen
953 1521 75 21 ohessa
