1109 1825
235 158 27 21 56
394 163 213 21 Talonpoikaissääty
619 164 56 17 1872.
701 164 23 17 19
735 168 19 17 p.
766 164 84 16 helmik.

203 243 95 21 nämnda
322 245 37 19 äro
375 243 43 21 lika
433 244 84 26 mycket
532 243 41 21 och
588 244 82 21 kanske
684 249 46 16 mer
745 244 107 22 beroende
868 244 22 22 af
904 250 26 16 en
945 244 87 22 härads-

203 273 62 25 posts
279 272 86 21 tillvaro
381 273 26 19 än
423 278 25 14 en
464 274 45 19 stor
524 272 35 21 del
575 272 24 21 af
613 272 26 21 de
655 272 96 21 besutna.
782 272 49 22 Med
843 273 114 27 anledning
967 273 65 25 deraf,

204 300 39 21 har
265 300 38 27 jag
322 302 53 19 äran
396 300 86 21 anhålla
505 300 37 21 det
563 300 165 21 Bondeståndet
742 300 51 21 ville
807 303 131 25 gemensamt
950 301 84 28 förena

204 328 33 27 sig
259 329 8 20 i
283 335 25 14 en
323 328 139 28 underdånig
476 329 92 26 petition
585 329 34 21 till
634 329 66 21 Hans
715 329 105 27 Majestät
840 329 48 22 med
903 329 102 28 afseende
1020 330 15 20 å

205 357 96 27 ändring
317 357 8 21 i
340 364 30 13 nu
384 357 104 28 gällande
504 357 155 28 aflöningssätt
670 358 43 27 för
728 357 244 29 häradspostföringen.

275 419 133 27 Helsingfors
424 419 39 22 den
481 419 25 22 13
521 419 105 22 Februari
644 421 60 20 1872.

836 483 129 28 Rosenberg,

829 523 148 23 Tandtdagsman.

275 614 112 20 Edusmies
408 614 168 21 Riihimäki
592 614 94 21 muisteli
702 616 45 19 että
761 614 70 22 hänen
847 614 188 27 paikkakunnassa

205 642 82 26 palkka
311 642 145 22 kihlakunnan
481 643 71 26 postin
577 643 182 27 kuljettamisesta
784 643 121 21 kannetaan
924 644 110 26 äyriluvun

204 670 87 27 jälkeen
305 670 22 27 ja
343 671 71 21 luulee
429 671 44 21 niin
487 671 88 27 yleensä
591 672 74 21 olevan
681 674 86 24 tapana.

276 733 112 22 Edusmies
404 734 140 21 Heikura
560 734 109 27 hyväksyy
684 734 95 27 esitystä.

276 796 215 26 Landtdagsmannen
511 796 104 22 Slotte
630 796 114 22 förordade
759 797 124 27 petitionen,
899 798 89 21 emedan
1000 804 34 15 om

207 824 40 22 ock
269 824 28 27 pä
319 824 67 27 nägra
409 827 57 19 orter
488 825 40 21 den
545 827 24 19 är
585 826 161 26 representerad
761 832 77 20 genom
854 826 128 27 föreningar,
998 826 37 22 det

207 853 54 21 dock
283 853 47 21 icke
353 855 24 19 är
399 853 61 21 fallet
483 854 105 25 öfverallt,
608 854 89 21 emedan
713 860 33 15 om
763 854 69 28 nägon
848 856 68 20 sätter
931 855 32 27 sig
978 857 57 19 emot

206 882 63 26 ingen
285 882 96 27 förening
397 882 95 22 kommer
507 882 32 22 till
554 882 69 27 ständ,
639 885 56 19 samt
709 883 91 21 föreslär
811 883 74 21 remiss
896 883 32 21 till
939 884 97 21 enskilda

207 910 200 22 besvärsutskottet.

277 973 112 21 Edusmies
432 975 113 20 Keränen
561 973 89 28 myönsi.

277 1035 144 22 Puhemiehen
443 1035 100 28 kysyttyä
557 1036 34 27 jos
606 1042 23 15 se
645 1037 36 20 siis
697 1037 28 21 oli
741 1037 80 27 säädyn
836 1037 101 27 yhteinen
952 1039 83 25 päätös,

208 1065 45 20 että
269 1064 65 27 esitys
349 1064 122 22 lähetetään
486 1065 114 26 erityiseen
612 1065 237 27 valitusvaliokuntaan,
860 1067 109 20 vastattiin
980 1066 56 27 yksi-

207 1093 110 22 mielisesti
333 1093 64 28 ,jaa".

277 1253 60 21 Esiin
362 1254 84 21 otettiin
494 1254 228 27 Rosenberg'iltä
743 1254 72 22 sisälle
837 1256 88 20 annettu
947 1257 89 25 pyyntö-

209 1282 71 27 esitys,
293 1282 54 26 joka
362 1282 28 21 oli
405 1282 49 21 näin
469 1282 104 22 kuuluva:

430 1373 40 21 Till
488 1374 137 22 Hedervärda
639 1374 170 22 Bondeständet!

278 1441 51 22 Som
346 1441 39 21 vär
399 1442 68 21 hittils
482 1442 99 26 gällande
594 1442 35 27 lag
644 1442 7 22 i
666 1442 77 28 mänga
759 1443 60 21 delar
833 1444 92 26 nödgats
941 1444 96 22 omarbe-

208 1471 33 19 tas
265 1470 39 21 och
327 1470 112 22 förändras
461 1470 55 22 efter
538 1471 100 21 nutidens
659 1472 114 26 fodringar,
789 1474 25 19 är
828 1472 34 21 väl
878 1472 61 22 äfven
955 1473 36 21 det
1006 1474 32 20 ett

203 1498 78 23 ibland
305 1498 26 22 de
353 1498 79 27 lagbud
455 1499 38 21 och
514 1500 139 26 stadganden,
669 1506 45 15 som
730 1500 61 21 torde
807 1505 51 16 vara
873 1501 7 21 i
895 1500 66 22 behof
975 1500 23 22 af
1012 1507 26 15 en

208 1526 131 27 förändring,
355 1527 115 27 nämligen:
486 1533 34 16 om
536 1527 60 22 olika
612 1528 122 28 arfsrätten
747 1529 32 26 pä
795 1529 75 20 landet
884 1529 92 21 emellan
986 1535 56 15 man

209 1554 38 21 och
270 1554 77 22 hustru
370 1558 56 18 samt
448 1562 39 15 son
506 1555 38 22 och
561 1556 76 26 dotter,
653 1556 100 22 hvarföre
766 1557 37 27 jag
818 1560 52 19 utan
886 1559 32 21 att
933 1558 105 27 detaljera
