1089 1745
388 132 25 19 18
429 139 19 17 p.
463 133 80 18 Helmik.
816 131 41 20 419

234 195 55 23 Että
310 196 78 21 Hänen
411 195 152 22 Keisarillinen
585 195 172 27 Majesteettinsä
779 195 109 22 suvaitsisi

163 226 100 20 määrätä
286 226 43 20 että
343 224 111 22 Kruunun
470 224 110 27 tarpeisiin
602 224 148 27 käytettäisiin
763 224 125 27 yksinomai-

164 253 52 21 sesti
230 253 121 21 kotimaista
365 252 71 28 viljaa.

129 282 137 26 Helsingissä
280 282 132 21 Helmikuun
428 283 11 19 3
456 281 64 27 päivä
537 283 62 19 1888.

502 314 29 23 D.
549 314 133 23 Savolainen.

430 348 88 23 Kuopion
532 348 160 19 Tuomiokunnan
705 348 92 24 edustaja.

131 395 188 23 Keskustelu:

131 430 113 21 Edusmies
257 429 103 28 Kyander
368 429 28 21 oli
415 429 43 21 sitä
473 429 80 25 mieltä,
571 430 45 20 että
632 428 193 23 anomus-ehdotus
841 429 48 22 olisi

62 459 126 28 hyljättävä,
204 458 68 21 koska
287 458 100 21 kruunun
402 458 112 27 tarpeisiin
529 457 134 28 nykyäänkin
675 457 124 28 käytetään,
816 457 73 22 mikäli

63 487 143 25 mahdollista,
224 486 92 22 Suomen
330 487 70 26 viljaa.

132 515 141 22 Edusmiehet
295 515 66 21 Häkli
381 515 23 27 ja
430 514 113 28 Wuolijoki
565 515 66 22 olivat
654 521 74 15 samaa
749 515 74 22 mieltä
837 514 52 22 kuin

65 544 143 23 edellinenkin
223 543 87 28 puhuja.

132 579 114 21 Päätös:

132 612 201 23 Anomus-ehdotus
348 612 108 28 hyljättiin
472 611 168 28 yksimielisesti.

133 731 111 22 Esitettiin
267 731 107 22 edusmies
398 731 123 28 Räberghin
544 730 101 28 Säädylle
668 732 85 20 antama
773 731 49 22 näin
837 731 54 22 kuu-

64 760 50 22 luva
128 766 100 15 anomus:

134 788 168 22 Undertecknad
325 788 97 22 anhäller
444 788 111 22 vördsamt
571 789 32 20 att
618 787 86 22 landets
719 794 29 15 nu
762 787 130 23 församlade

66 817 92 21 Ständer
181 817 48 21 ville
251 817 40 21 hos
313 817 60 21 Hans
395 816 122 28 Kejserliga
539 816 104 28 Majestät
665 816 130 27 petitionera
810 822 34 16 om
859 818 34 20 att

64 846 61 21 Hans
140 846 104 26 Majestät
258 846 68 21 mätte
341 846 45 21 läta
402 845 32 21 till
450 847 63 20 nästa
527 845 106 27 landtdag
648 845 101 21 utarbeta
759 845 133 27 proposition

65 874 33 21 till
121 880 27 21 ny
170 873 265 28 inteckningsförordring,
451 874 60 21 hvari
527 880 28 15 nu
567 873 99 27 gällande
677 873 134 27 stadganden
821 873 71 22 blefve

64 902 129 22 förändrade
209 903 91 21 sälunda
317 903 41 26 1:0)
374 904 33 19 att
422 902 125 27 inteckning
562 902 49 21 icke
625 901 57 28 finge
701 902 109 22 meddelas
826 902 7 21 i
858 901 34 22 fa-

66 931 82 27 stighet
170 933 58 19 emot
250 937 91 20 egarens
365 931 57 27 vilja,
454 931 73 21 derest
551 931 18 27 ej
589 931 152 26 inteckningen
756 932 35 20 rör
807 930 86 28 sytning

65 959 48 22 frän
135 965 82 16 samma
236 959 103 28 fastighet
354 959 52 22 eller
421 959 158 28 nyttjanderätt
594 959 31 21 till
641 959 131 26 fastigheten
788 959 53 22 eller
855 959 37 22 nä-

65 990 38 25 got
118 988 23 21 af
155 988 55 21 hvad
231 988 70 22 dertill
317 988 74 27 hörer;
415 988 43 26 2:0)
483 990 32 19 att
531 988 48 26 den,
593 994 46 15 som
654 987 93 22 medelst
761 990 66 19 annat
842 987 52 27 fäng

67 1017 52 22 eller
134 1017 42 27 köp
193 1017 35 21 vid
245 1017 141 27 utmätnings-
402 1017 53 21 eller
469 1016 187 22 konkursauktion
671 1016 116 22 förvärfvat
802 1017 33 26 sig
849 1018 46 19 rätt

65 1045 34 22 till
113 1045 117 22 intecknad
245 1045 109 28 fastighet,
370 1045 56 22 skall
441 1051 64 16 anses
528 1045 124 26 derigenom
682 1045 63 22 hafva
775 1045 69 27 åtagit
860 1045 33 26 sig

67 1073 63 22 äfven
160 1074 110 27 personlig
299 1074 139 27 ansvarighet
466 1073 33 22 för
523 1074 27 21 de
575 1074 7 21 i
608 1073 133 27 fastigheten
764 1073 130 23 intecknade

65 1102 121 27 fordringar
209 1103 7 20 i
239 1103 118 26 penningar
380 1103 52 21 eller
454 1108 69 21 varor,
552 1102 50 22 med
625 1103 111 26 undantag
755 1101 23 23 af
801 1101 92 28 sytning,

66 1133 53 20 utan
142 1133 32 20 att
197 1131 65 22 likväl
285 1131 121 28 dymedelst
429 1131 41 21 den
493 1131 58 22 förre
569 1137 80 21 egaren
672 1131 88 23 befriats
783 1131 46 21 frän
852 1131 42 21 slik

67 1159 145 27 ansvarighet,
237 1160 73 22 derest
332 1160 19 27 ej
382 1159 254 27 inteckningshafvarene
669 1160 78 21 sådant
775 1158 118 28 medgifva;

67 1188 44 27 3:0)
135 1190 33 19 att
192 1189 26 21 de
242 1189 7 20 i
272 1190 26 20 26
321 1188 11 27 &
355 1188 23 22 af
395 1189 124 20 nuvarande
535 1187 261 28 inteckningsförordning
811 1187 84 22 införda

66 1216 135 23 föreskrifter
224 1217 77 22 endast
322 1217 36 21 mä
380 1217 57 26 gälla
456 1216 135 27 fastigheter,
608 1223 47 15 som
670 1216 101 28 föryttras
787 1217 12 21 ä
815 1218 79 20 utmät-

67 1246 70 26 nings-
153 1245 52 21 eller
220 1245 196 27 konkursauktion;
432 1245 44 27 4:0)
493 1247 32 20 att
539 1245 36 22 vid
584 1245 136 27 intecknings
731 1245 105 28 förnyelse
846 1245 48 22 icke

67 1275 42 21 den
131 1274 129 22 intecknade
282 1274 137 27 handlingen,
443 1276 53 19 utan
519 1274 56 21 blott
599 1280 26 15 en
647 1274 50 21 kort
712 1273 132 28 beskrifning
860 1279 35 16 om

68 1303 49 21 dess
133 1302 94 22 innehäll
242 1303 35 21 mä
293 1303 6 21 i
319 1303 92 21 Rättens
426 1303 109 27 protokoll
550 1302 85 27 inflyta;
652 1302 44 28 5:0)
713 1305 32 19 att
759 1302 135 26 intecknings

67 1331 97 26 ärender,
188 1332 53 20 utan
263 1332 116 26 undantag,
396 1331 35 21 mä
447 1330 35 22 vid
498 1331 131 21 Häradsrätt
645 1330 62 23 äfven
722 1330 116 22 behandlas
854 1330 42 22 och

66 1359 102 22 slutföras
184 1360 13 20 å
211 1360 79 22 urtima
305 1360 56 27 ting;
383 1361 57 20 samt
456 1361 44 23 6:0)
517 1362 34 19 att
566 1360 96 26 tydligen
678 1359 68 22 måtte
763 1359 131 22 bestämmas

67 1388 107 22 huruvida
196 1388 41 22 och
259 1389 29 27 på
302 1388 56 22 hvad
374 1390 45 20 sätt
435 1388 88 22 domare
539 1388 46 26 bör,
601 1388 28 21 då
644 1388 124 26 inteckning
783 1388 64 22 sökes
863 1387 34 22 för

66 1417 158 27 nyttjanderätt
248 1417 32 21 till
315 1417 59 21 delar
404 1416 22 22 af
447 1415 111 28 fastighet,
589 1416 58 22 tillse
670 1418 33 19 att
724 1415 102 22 förbudet
849 1417 46 20 mot

67 1445 145 28 skattskyldig
232 1445 62 28 jords
315 1445 123 27 minskning
460 1445 48 22 icke
531 1445 141 22 öfverträdes.
703 1444 134 28 Helsingfors
854 1444 42 22 den

68 1475 11 20 3
97 1474 101 21 Februari
216 1475 62 21 1888.

537 1507 66 22 Henr.
618 1507 107 28 Råbergh.

469 1541 158 24 Landtdagsman
639 1541 6 18 i
657 1539 148 20 Bondeständet.
