1089 1736
220 127 42 21 390
535 132 24 19 18
575 138 19 18 p.
611 132 80 18 Helmik.

190 192 125 22 diskussion
330 193 54 22 skall
399 193 63 23 hafva
477 194 90 22 kommit
582 195 32 21 till
630 197 65 19 annat
710 194 93 23 resultat
818 196 28 20 än
858 195 50 26 ,,må
923 195 37 22 det
975 194 42 22 för-

189 220 67 22 blifva
270 221 36 21 vid
322 221 37 22 det
373 222 91 27 gamla".
495 223 30 21 Sä
547 224 88 27 lämplig
658 224 42 22 den
722 223 23 22 af
765 224 127 26 regeringen
916 224 32 21 uti
967 224 49 22 nåd.

189 250 163 26 propositionen
375 250 120 29 föreslagna
516 252 171 28 flyttningstiden
711 252 22 22 af
751 252 42 22 den
811 254 8 19 1
838 252 115 22 december
968 252 49 22 än
1006 246 16 39 i

190 278 78 27 många
283 278 115 23 afseenden
414 280 72 22 kunde
501 287 51 15 vara
567 281 34 22 för
615 281 171 27 landsbyggden,
803 281 25 20 så
842 280 71 22 blefve
930 281 40 22 den
985 281 33 22 för

189 307 105 20 stadsbon
311 313 25 15 en
359 309 78 26 ytterst
458 309 102 27 olämplig
583 310 38 26 tid,
637 310 30 27 ity
682 311 33 20 att
730 309 28 22 då
773 309 157 27 legostämman
945 310 7 21 i
968 309 48 22 stad

189 337 26 18 är
229 335 121 26 föreslagen
367 339 32 18 att
414 343 51 16 vara
480 337 47 22 från
546 341 7 18 1
573 338 114 22 december
703 338 32 21 till
752 339 9 20 1
777 338 46 27 juni
840 338 40 21 och
891 338 45 21 från
949 340 9 19 1
968 339 48 27 juni

190 363 32 21 till
246 365 4 19 1
269 363 120 27 december,
405 366 96 28 ombytet
515 366 23 22 af
551 367 132 27 tjenstehjon
707 366 70 22 skulle
793 366 78 28 infalla,
888 367 72 21 såsom
976 367 40 21 ock

189 392 111 22 utskottet
322 394 104 27 anmärkt,
442 395 28 27 på
493 401 82 16 samma
598 396 38 25 tid,
653 395 54 22 eller
723 395 41 22 den
783 397 8 19 1
807 395 53 27 juni,
878 395 28 22 då
922 395 40 22 den
978 395 38 21 all-

189 422 114 23 männaste
318 421 125 28 flyttningen
460 424 35 21 vid
517 424 146 27 lokalombyte
686 423 91 27 föregår.
809 424 39 21 Att
863 424 28 21 då
906 424 110 26 samtidigt

191 449 51 28 byta
257 456 34 15 om
307 451 129 28 tjenstehjon
459 452 70 22 blefve
544 453 34 21 väl
600 453 33 22 för
655 453 92 26 mången
771 453 103 26 omöjligt,
890 453 39 21 och
946 452 70 22 skulle

189 478 74 21 kunna
278 479 49 22 leda
343 480 70 21 dertill
429 482 32 20 att
483 482 172 27 tjenstehjonens
679 481 97 26 aflöning
792 481 70 22 blefve
878 481 137 22 öfverhöfvan

190 507 51 27 höjd
264 507 56 22 blott
341 508 34 22 för
396 511 33 20 att
449 510 139 27 förekomma,
604 512 33 20 att
659 517 27 14 en
708 510 120 25 husbonde,
842 516 46 15 som
904 510 56 21 skall
976 510 40 21 och

189 536 71 21 måste
275 535 67 28 flytta,
359 537 34 21 vid
410 538 69 22 denna
498 539 31 21 tid
551 539 48 21 icke
623 539 66 21 måtte
705 545 52 15 vara
772 541 53 19 utan
840 545 55 15 vana
910 539 105 21 biträden.

259 564 28 21 Af
301 571 81 16 samma
397 566 47 21 skäl
459 573 46 15 som
527 568 120 21 utskottets
670 567 71 22 flertal
760 573 64 15 anser
837 567 38 27 jag
890 567 40 22 ock
945 567 41 21 den
1004 569 9 19 1

190 592 116 22 december
321 600 51 15 vara
387 600 27 15 en
429 595 101 28 olämplig
545 596 32 21 tid
593 595 33 22 för
641 597 87 26 ombyte
743 595 24 22 af
781 595 130 28 tjenstehjon
927 595 28 28 på
970 595 45 22 lan-

190 620 45 27 det,
251 621 20 21 d.
282 627 18 15 v.
312 628 17 15 s.
345 623 90 22 emedan
455 624 96 22 årstiden
575 624 27 21 dä
618 627 25 19 är
658 625 42 21 kall
724 624 41 22 och
788 623 127 28 flyttningen
930 624 33 22 för
978 625 37 20 det

189 649 142 23 obemedlade
346 651 159 29 tjenstehjonet,
517 659 47 15 som
580 653 45 22 ofta
641 653 40 21 har
696 653 47 21 smä
758 653 54 21 barn
827 653 49 21 med
892 653 70 27 knapp
974 653 40 21 och

189 677 140 28 ofullständig
337 680 126 27 beklädnad,
474 681 71 22 kunde
554 681 96 22 medföra
657 682 79 27 många
746 681 147 27 olägenheter,
900 682 23 27 ja
934 684 15 19 t.
958 687 20 16 o.
988 687 26 16 m.

189 707 100 22 lidanden
306 708 39 21 och
362 709 105 27 sjukdom,
480 710 151 26 hvarförutom,
643 711 73 21 säsom
732 710 41 22 ock
789 711 109 21 utskottet
912 711 102 26 päpekat,

189 735 172 28 tjenstehjonens
384 738 138 23 ekonomiska
544 739 98 22 utkomst
669 739 72 22 kunde
764 739 65 21 blifva
851 739 119 22 försämrad
994 738 22 22 af

188 763 183 28 flyttningstidens
395 767 127 22 inträffande
544 769 29 26 pä
589 775 26 14 en
631 768 31 21 tid
678 768 27 21 dä
720 768 226 21 landtmannaarbetet
962 767 52 27 ,lig-

189 799 39 20 ger
242 794 66 21 nere"
325 795 52 21 eller
391 796 128 22 åtminstone
535 799 24 19 är
574 797 65 21 minst
655 797 191 27 maktpäliggande
861 796 33 22 för
904 797 50 21 vida
964 798 50 25 väg-

189 827 40 16 nar
243 823 70 21 större
329 824 82 21 antalet
426 825 22 21 af
461 825 130 22 husbönder.
616 825 39 22 Att
671 825 47 22 åter
732 825 98 27 förlägga
844 825 170 27 flyttningstiden

190 856 25 14 en
232 851 78 21 mänad
326 851 74 28 längre
415 853 53 21 fram
484 854 53 21 eller
552 854 32 20 till
600 854 41 21 den
658 854 67 21 andra
737 854 86 26 januari
834 859 50 15 vore
894 854 66 26 enligt
970 853 43 21 min

189 878 66 22 tanke
277 880 86 26 mycket
385 888 58 15 mera
465 882 103 27 lämpligt,
585 888 34 16 om
635 882 84 27 engäng
735 882 97 26 ombytet
848 881 22 22 af
884 882 130 27 tjenstehjon

188 907 56 21 skall
267 908 108 28 förläggas
398 910 31 21 till
451 911 91 26 vintern,
558 913 22 25 ty
595 911 38 21 det
648 911 70 21 skulle
740 911 87 27 mycket
845 910 97 22 förenkla
955 910 60 28 jord-

189 935 120 23 brukarens
332 938 117 28 bokföring,
466 946 48 15 men
529 939 23 22 af
565 940 32 21 till
613 946 26 15 en
656 940 35 20 del
705 940 59 20 förut
780 940 66 20 redan
862 938 90 22 anförda
967 939 48 21 skäl

189 964 41 21 och
245 964 188 30 hufvudsakligast
447 968 32 21 för
494 970 33 19 att
542 968 41 22 den
599 968 82 27 oroliga
703 967 173 28 flyttningstiden
900 968 28 20 dä
943 967 70 22 blefve

188 992 84 27 förlagd
290 994 31 21 till
337 995 40 21 den
395 996 30 21 tid
444 996 23 22 af
487 997 47 21 året
557 997 52 21 eller
631 997 69 21 under
723 996 76 27 sjelfva
818 996 117 27 julhelgen,
952 996 28 21 dä
996 996 20 21 vi

188 1020 75 27 finnar,
280 1023 59 20 såväl
355 1024 72 21 stads-
442 1031 46 15 som
503 1025 122 26 landsboar,
642 1031 47 16 som
703 1025 97 26 högakta
815 1024 146 27 familjelifvet,
977 1026 37 20 ön-

189 1049 39 22 ska
243 1052 34 19 att
291 1051 7 20 i
313 1051 51 27 lugn
389 1053 39 21 och
450 1059 23 16 ro
496 1053 58 22 sluta
569 1060 37 15 oss
621 1053 137 22 tillsamman.
790 1053 64 22 Såväl
869 1053 31 21 uti
916 1053 41 22 den
972 1053 43 21 för-

188 1079 115 26 mögnares
319 1080 48 21 hem
387 1087 46 16 som
448 1082 41 21 den
512 1082 87 26 fattiges
621 1082 50 27 koja
691 1082 92 21 bereder
799 1082 32 27 sig
847 1082 80 21 enhvar
942 1083 32 20 att
990 1081 24 22 sä

188 1107 169 27 stämningsfullt
373 1116 45 15 som
434 1111 83 26 möjligt
533 1112 110 25 emottaga
659 1111 39 21 och
714 1110 40 21 fira
767 1110 66 27 julen.
852 1110 57 21 Vore
920 1110 37 21 det
967 1110 47 21 icke

188 1135 71 25 härdt,
275 1138 34 19 att
321 1137 46 27 just
383 1139 34 25 dä,
441 1139 129 21 ätminstone
593 1139 89 27 sälänge
704 1139 138 27 nyärsdagen
864 1139 41 21 och
924 1140 90 20 tretton-

188 1163 70 27 dagen
282 1166 87 25 gvarstä
392 1173 46 15 som
460 1168 97 26 kyrkliga
579 1167 164 27 högtidsdagar,
759 1168 54 20 midt
836 1168 68 20 under
920 1167 40 21 den
976 1166 39 22 all-

187 1194 79 20 männa
280 1192 68 23 friden
365 1195 41 21 och
421 1196 92 27 glädjen,
537 1196 102 27 antingen
662 1197 73 25 tvinga
759 1196 41 21 den
815 1195 77 27 fattige
907 1196 107 21 obesutne

187 1220 32 21 till
236 1222 104 26 uppbrott
354 1223 47 21 frän
416 1224 53 22 hans
485 1224 45 22 ofta
545 1231 42 21 nog
602 1225 65 26 lugna
683 1231 34 15 om
733 1224 42 22 ock
791 1224 88 26 torftiga
894 1224 54 24 hem,
962 1224 53 22 eller

187 1249 42 21 ock
245 1252 39 24 att,
308 1250 33 22 för
363 1254 33 19 att
417 1252 130 22 fortfarande
569 1253 22 21 fä
613 1252 99 23 förblifva
734 1252 82 27 ostörd,
833 1253 82 21 kanske
930 1253 83 26 nödgas

187 1278 134 22 underkasta
337 1280 33 27 sig
385 1287 26 15 en
427 1282 124 27 egennyttig
568 1282 125 21 husbondes
715 1281 136 26 fordringar?
880 1281 31 21 Pä
926 1282 89 20 anförda

187 1306 48 21 skäl
251 1307 42 21 kan
312 1308 38 27 jag
373 1309 71 23 derför
465 1310 48 22 icke
533 1316 53 16 anse
606 1311 41 21 den
663 1312 12 19 2
689 1310 86 28 januari
791 1310 88 27 lämplig
894 1316 46 15 som
956 1310 58 26 flytt-

186 1334 97 27 ningstid
299 1336 39 22 och
355 1337 89 28 hoppas,
455 1340 32 20 att
498 1338 27 22 de
537 1339 22 21 af
572 1339 57 21 mina
639 1339 91 25 valmän,
743 1344 46 16 som
799 1338 113 27 föreslagit
921 1338 94 21 nämnda

187 1363 38 25 tid,
243 1364 62 21 skola
327 1365 57 22 hålla
407 1367 42 27 mig
471 1367 72 21 derför
565 1368 112 20 ursäktad.
707 1367 29 21 Af
750 1367 89 21 anförda
854 1367 48 21 skäl
918 1366 96 22 ansluter

183 1392 38 26 jag
237 1393 44 26 mig
297 1393 32 21 till
344 1395 246 27 utskottspluralitetens
610 1396 57 26 äsigt
683 1396 39 21 och
739 1396 87 25 önskar,
844 1397 33 19 att
891 1395 24 27 $$
931 1397 27 19 20
974 1394 40 22 och

187 1422 27 20 43
231 1421 31 21 uti
278 1422 100 25 gällande
400 1424 192 27 legohjonsstadga
615 1425 67 21 mätte
697 1424 67 22 blifva
779 1424 149 25 oförändrade,
944 1424 70 20 likasä

186 1449 99 22 ansluter
297 1450 39 27 jag
350 1451 44 27 mig
409 1453 31 20 till
456 1453 119 21 utskottets
590 1453 81 26 förslag
687 1459 48 20 ang.
752 1452 150 27 ordalydelsen
918 1451 23 22 af
955 1452 13 26 $
980 1453 33 20 25.

185 1476 48 22 Den
250 1479 82 21 största
348 1480 115 26 olägenhet
478 1481 31 21 uti
525 1488 29 14 nu
570 1481 98 26 gällande
691 1481 195 26 legohjonsstadga
906 1481 31 20 vis
954 1480 14 21 å
983 1480 31 21 vis

185 1506 180 27 städslingstiden
381 1508 69 28 ligger
465 1510 55 21 dock
535 1510 48 21 icke
599 1510 76 25 deruti,
687 1511 34 19 att
737 1509 124 21 densamma
877 1511 24 19 är
915 1508 33 22 för
958 1508 55 28 läng,

185 1534 53 21 utan
254 1535 77 27 deruti,
348 1538 31 20 att
396 1544 26 15 en
445 1538 34 22 del
501 1538 124 22 husbönder
648 1538 40 22 och
713 1538 139 26 matmödrar,
869 1536 146 28 kringgäende
