1086 1667
413 114 23 18 11
453 121 18 17 p.
483 114 80 19 Helmik.
828 113 39 20 251

75 178 70 22 Tässä
160 177 143 22 katsannossa
318 177 85 28 pyydän
418 177 56 21 vielä
494 177 68 21 saada
577 177 141 21 huomauttaa
733 177 56 27 siitä,
806 179 46 19 että
864 177 36 27 jos

77 206 107 22 edusmies
201 205 111 22 Castrenin
328 206 193 21 anomus-ehdotus
535 208 79 24 pääsee
625 206 159 26 valiokuntaan,
795 212 24 15 se
830 208 70 19 autta-

76 234 132 22 mattomasti
231 234 57 22 tulee
309 234 105 22 sitomaan
433 234 79 28 yhteen
533 234 39 22 hra
592 234 108 22 Donnerin
717 234 23 28 ja
755 234 146 22 edusmiesten

77 263 164 27 Tuomikosken,
264 263 99 27 Kiipulan
386 269 20 21 y.
425 269 27 15 m.
476 263 238 26 anomus-ehdotukset,
735 263 59 27 josta
812 265 46 20 taas
874 268 27 16 on

77 292 152 26 seurauksena,
245 293 46 19 että
305 291 190 22 viimemainitusta
511 291 257 22 anomus-ehdotuksesta
783 292 58 22 tulee
857 292 43 20 ole-

77 327 62 15 maan
154 320 165 22 ensimainitulle
341 320 157 22 monenmoista
519 320 84 22 haittaa
622 320 24 28 ja
665 320 141 27 pahennusta,
823 320 77 28 epäile-

77 351 68 19 mättä
160 349 100 21 suureksi
282 348 127 27 vahingoksi
425 349 47 21 sille
492 349 195 27 tarkoitusperälle,
701 349 52 27 joka
768 350 70 21 meille
854 349 46 21 kui-

76 378 73 21 tenkin
166 384 26 15 on
207 377 93 21 kaikista
316 378 89 26 tärkein,
418 378 85 26 nimitt.,
515 380 46 20 että
571 378 181 21 teollisuutemme
762 377 138 28 suojelustul-

77 406 58 22 leilla
156 406 59 22 tulisi
237 406 143 27 pelastetuksi
403 406 41 22 sitä
467 409 38 25 nyt
528 407 134 21 uhkaavasta
684 406 98 22 häviöstä
802 407 24 27 ja
844 406 56 27 peri-

76 435 98 22 kadosta.

145 464 114 22 Edusmies
275 464 116 21 Tikkanen:
421 464 90 22 Minulla
527 470 26 16 on
569 464 114 22 kokonaan
698 464 140 22 toisenlainen
848 463 52 21 mie-

76 493 66 27 lipide
158 494 58 20 tästä
231 492 254 28 kysymyksen-alaisesta
501 493 155 21 anomuksesta
671 492 52 22 kuin
738 492 117 22 edellisellä
866 498 34 15 ar-

76 522 90 21 voisalla
185 522 116 27 puhujalla,
321 522 22 26 ja
362 522 150 21 aikomukseni
533 522 28 21 oli
581 528 54 14 vaan
655 521 107 27 ehdottaa,
780 523 45 19 että
839 522 61 26 sääty

76 550 110 22 lähettäisi
201 556 38 16 sen
254 550 159 27 yksimielisesti
428 550 159 22 valiokuntaan.
616 550 59 21 Minä
690 550 120 27 puolestani
826 556 26 16 en
866 549 34 21 ole

76 579 138 26 huomannut,
231 581 46 19 että
299 581 58 19 tämä
384 584 89 16 anomus
499 579 47 21 olisi
573 579 94 21 missään
690 579 210 21 ristiriitaisuudessa

77 608 186 27 Pappissäädyssä
279 607 79 27 tehdyn
379 608 133 21 anomuksen
532 608 86 21 kanssa.
649 607 112 21 Edellinen
777 607 80 27 puhuja
873 612 27 16 on

77 637 56 21 tosin
148 639 37 25 nyt
200 636 198 27 puheen-alaisesta
419 637 155 21 anomuksesta
590 642 81 21 sangen
686 636 63 21 kovia
764 636 75 27 sanoja
854 636 45 20 lau-

76 667 71 25 sunut,
164 668 69 18 mutta
249 672 25 14 en
290 665 65 26 tiedä,
372 666 77 20 ovatko
466 672 27 15 ne
509 665 43 21 niin
568 665 42 21 itse
626 665 73 21 asiaan
715 665 129 27 perustuvia,
855 666 45 20 että

77 700 27 16 on
120 696 61 25 syytä
197 694 65 20 niistä
277 694 119 27 säikähtyä.

144 722 216 27 Landtdagsmannen
382 722 125 22 Ehrström:
543 722 42 21 Vid
612 722 86 27 plenum
721 723 85 20 senaste
829 721 71 27 tisdag

76 751 111 27 upplästes
203 750 33 22 för
251 751 87 21 ständet
353 751 59 21 säväl
428 751 27 27 pä
470 750 71 22 finska
556 756 46 16 som
618 751 93 21 svenska
726 757 25 15 en
766 750 91 28 petition
867 750 32 21 in-

75 780 86 21 lemnad
181 779 22 22 af
224 780 208 26 landtdagsmannen
456 779 92 22 Caströn
572 779 39 21 och
632 779 84 27 gäende
731 781 23 19 ut
769 780 27 26 pä
812 780 32 20 att
860 778 40 21 tull

76 809 67 21 mätte
158 808 83 22 äsättas
257 808 59 21 säväl
332 808 127 22 industriela
475 814 63 16 varor
552 814 45 15 som
608 808 104 27 spanmäl,
724 814 45 15 som
780 808 45 21 frän
837 808 63 26 Ryss-

75 837 52 21 land
142 836 85 22 införas.
258 837 33 21 Dä
311 843 27 15 nu
354 837 118 27 petitionen
492 837 35 21 vid
544 836 61 22 detta
622 837 87 27 plenum
725 836 69 22 skulle
809 836 31 21 till
856 836 44 20 dis-

76 865 88 21 kussion
180 867 114 25 upptagas,
304 865 157 27 tillkännagafs,
478 867 33 19 att
525 865 207 33 landtdagsmannen
744 864 89 22 Castrén
844 864 56 21 hade

76 894 118 27 petitionen
213 900 34 15 om
262 894 87 26 händer,
373 894 40 21 och
429 894 101 32 uppläste
549 894 66 21 ocksä
631 894 49 26 han,
703 894 61 21 innan
781 893 118 21 diskussio-

77 929 41 15 nen
125 922 104 33 började,
243 923 38 27 jag
297 924 44 20 tror
355 923 107 21 klämmen
475 923 22 21 af
511 923 31 21 sin
554 922 97 27 petition.
674 922 42 27 Jag
726 923 68 21 mäste
806 922 94 21 erkänna

77 953 32 19 att
121 951 37 27 jag
174 951 47 21 icke
245 954 22 18 är
283 951 126 26 tillräckligt.
431 951 83 27 mäktig
535 950 71 22 finska
623 951 89 27 spräket
731 951 32 21 för
781 952 33 20 att
828 950 72 21 kunna

76 980 118 26 bedömma,
211 980 104 21 huruvida
331 980 40 21 den
386 980 102 26 upplästa
503 980 113 25 klämmen,
634 980 52 21 eller
701 980 55 21 hvad
772 980 37 20 det
824 985 28 15 nu
863 984 37 16 var

75 1008 44 21 han
134 993 106 46 uppläste,
263 1015 37 15 var
322 1008 23 22 af
358 1009 70 27 precis
451 1015 83 15 samma
556 997 95 33 innehäll
670 1014 46 16 som
731 1008 6 21 i
753 1008 40 21 den
810 1007 90 27 tidigare

76 1037 121 21 inlemnade
220 1037 124 27 petitionen.
374 1038 30 20 Är
424 1037 41 21 den
486 1037 47 21 icke
552 1036 23 22 af
593 1043 82 15 samma
694 1036 99 26 innehäll,
810 1038 50 19 utan
876 1038 24 19 är

75 1066 43 21 den
133 1066 88 25 ändrad,
237 1066 25 21 sä
277 1068 133 24 protesterar
422 1066 39 27 jag
477 1068 58 19 emot
550 1067 33 20 att
598 1066 41 21 den
655 1072 29 14 nu
700 1066 53 20 skall
769 1064 31 22 till
816 1064 85 22 diskus-

75 1094 48 22 sion
138 1096 113 25 upptagas,
267 1094 90 22 emedan
376 1094 24 22 L.
417 1094 25 22 O.
459 1096 25 20 51
502 1095 13 26 $
531 1094 94 27 stadgar,
642 1096 33 19 att
692 1094 101 27 ,petition
810 1093 6 21 i
832 1094 68 24 ämne,

76 1129 47 15 som
145 1123 72 21 tillhör
240 1123 88 21 allmänt
351 1123 96 21 utskotts
471 1123 137 27 behandling,
631 1123 40 21 bör
693 1122 23 22 af
735 1122 165 26 landtdagsman

76 1150 129 22 framställas
221 1151 6 21 i
244 1152 37 20 det
296 1151 63 22 ständ
375 1152 41 20 han
433 1151 80 27 tillhör,
529 1150 58 23 inom
601 1151 78 27 fjorton
691 1151 65 27 dagar
767 1150 54 22 efter
831 1150 70 21 landt-

77 1180 79 26 dagens
179 1180 119 27 öppnande.
329 1180 95 22 Sednare
444 1180 37 21 mä
500 1180 67 22 sädan
587 1180 61 27 fräga
665 1180 48 21 icke
728 1180 72 21 kunna
814 1179 86 25 väckas,

77 1208 25 22 sä
116 1208 64 21 framt
195 1209 41 21 den
253 1209 17 27 ej
288 1209 180 26 omedelbarligen
489 1208 123 22 föranledes
628 1208 23 22 af
665 1210 32 20 ett
712 1209 55 21 inom
782 1208 67 26 nägot
864 1214 36 14 an-

75 1238 39 20 nat
129 1237 63 21 ständ
208 1238 65 20 redan
289 1237 79 21 fattadt
384 1238 77 26 beslut,
483 1238 53 20 eller
551 1244 69 14 annan
642 1237 68 21 under
724 1236 131 26 landtdagen
869 1236 32 21 in-

76 1264 76 23 träffad
168 1266 124 21 händelse*.
321 1266 38 21 Att
374 1266 69 26 nägon
461 1266 68 21 sädan
543 1266 111 25 händelse,
671 1272 45 15 som
733 1266 53 21 sista
802 1270 62 16 mom.
880 1264 23 21 af

76 1294 11 27 8
104 1296 25 19 57
145 1294 24 21 L.
184 1294 25 21 O.
225 1294 127 22 förutsätter
367 1295 69 21 skulle
452 1294 65 22 hafva
531 1294 101 26 inträffat,
650 1296 35 20 vet
702 1294 37 27 jag
754 1294 47 21 icke
817 1292 27 27 af,
861 1293 41 21 och

76 1328 65 16 anser
160 1322 37 28 jag
221 1323 83 21 derföre
327 1325 32 19 att
374 1324 87 20 ståndet
484 1324 48 20 icke
554 1324 42 20 kan
613 1323 32 21 till
669 1323 121 21 diskussion
807 1323 95 31 upptaga

76 1351 42 21 den
133 1358 28 14 nu
177 1352 101 26 upplästa
293 1352 124 26 petitionen,
433 1352 46 21 ifall
495 1352 124 21 densamma
633 1352 116 27 undergätt
765 1351 41 21 den
822 1350 80 21 minsta

75 1379 124 27 förändring
215 1380 54 22 efter
285 1380 49 22 dess
350 1379 68 23 första
433 1380 130 27 uppläsning
578 1380 7 21 i
600 1380 92 21 ständet.
718 1380 29 21 Är
763 1380 69 20 denna
846 1374 56 43 peti-

76 1408 48 21 tion
138 1408 46 22 åter
199 1408 22 22 af
234 1409 70 27 precis
321 1415 81 15 samma
416 1409 101 26 innehåll,
535 1415 45 15 som
597 1409 41 21 den
654 1408 90 27 tidigare
758 1408 107 27 upplästa,
877 1407 25 21 sä

76 1443 64 15 anser
152 1437 38 27 jag
206 1437 28 21 all
251 1438 122 20 diskussion
390 1443 34 15 om
440 1426 126 32 densamma
582 1437 84 27 onödig,
679 1437 27 21 dä
717 1438 40 20 den
768 1442 42 20 nog
820 1437 81 19 uttöm-

76 1465 78 21 mande
169 1466 130 26 diskussion,
320 1472 45 15 som
381 1466 67 20 redan
464 1468 38 24 egt
517 1472 47 15 rum
584 1472 34 15 om
634 1466 40 21 den
691 1465 22 21 af
726 1465 175 25 landtdagsman-

76 1500 41 14 nen
140 1494 86 27 Kiipula
246 1500 27 15 m.
296 1494 19 21 fl.
338 1494 1 21 i
354 1500 81 16 samma
458 1494 56 28 syfte
537 1494 121 22 inlemnade
680 1494 124 27 petitionen,
826 1492 76 27 tydligt
