1086 1739
374 120 26 19 28
416 127 18 18 p.
450 121 88 18 Tammik.
818 120 24 20 71

48 185 191 27 representantens
260 185 79 21 arvode
362 185 18 27 ej
396 185 36 21 må
455 184 24 22 af
493 184 86 21 ståndet
600 184 62 27 höjas
679 184 40 21 och
742 183 62 23 äfven
826 184 48 21 från

48 213 71 22 denna
133 213 104 26 landtdag
251 213 82 22 känner
349 213 43 27 jag,
408 215 34 20 att
465 213 130 21 åtminstone
610 213 8 20 i
634 219 26 15 en
676 213 104 26 domsaga
794 213 7 22 i
817 213 57 21 Vasa

49 243 35 20 län
109 242 134 22 elektorerne
272 241 45 22 före
342 241 193 27 valförrättningen
557 241 105 27 tillfrågat
685 242 40 21 den
748 241 125 22 tillämnade

48 271 213 26 landtdagsmannen,
277 276 34 15 om
329 270 42 22 han
394 271 86 26 ätnöjer
495 271 32 26 sig
541 270 49 22 med
606 270 38 21 det
659 269 23 22 af
696 270 48 22 dem
759 270 113 23 bestämda

49 299 99 27 arvodet;
164 299 74 28 gjorde
253 299 42 21 han
311 299 37 22 det
362 299 54 25 icke,
433 299 71 21 skulle
527 299 26 21 de
573 300 53 20 utan
641 299 74 22 vidare
730 300 49 21 utse
794 305 27 16 en
836 305 37 16 an-

49 335 41 14 nan
106 329 154 26 representant.
290 327 66 22 Detta
379 328 92 21 oaktadt
493 328 67 21 hörde
580 327 38 28 jag
640 327 57 22 dock
719 327 61 23 äfven
803 328 71 22 denna

49 359 161 25 representants
225 362 63 16 namn
303 357 101 26 uppläsas
421 356 66 22 bland
503 357 69 24 deras,
589 362 46 15 som
651 356 89 22 tecknat
754 357 33 27 sig
798 357 28 27 pä
836 357 37 21 lis-

49 387 44 20 tan.
124 386 33 21 Då
173 386 37 27 jag
232 385 47 22 icke
299 391 63 16 anser
384 385 38 22 det
444 385 125 26 helsosamt,
586 387 34 19 att
635 391 27 16 en
681 385 66 22 bitter
762 385 56 22 anda
832 385 42 22 blir

49 415 95 21 rädande
166 414 90 21 emellan
278 414 126 21 valmännen
430 414 42 21 och
497 414 63 21 deras
584 415 183 25 representanter,
792 414 82 21 hvilket

49 443 158 27 otvifvelaktigt
221 442 69 22 skulle
305 442 64 22 blifva
384 442 67 26 fallet,
467 448 35 16 om
518 442 41 22 den
574 442 82 22 äskade
667 442 207 27 arvodesförhöjnin-

48 478 42 20 gen
105 478 30 15 nu
150 471 22 21 af
185 471 87 21 ständet
287 471 95 27 beviljas,
393 471 25 21 sä
429 471 36 22 vill
475 471 37 27 jag
523 471 27 27 pä
562 471 37 21 det
610 470 148 23 bestämdaste
769 472 105 21 motsätta

50 500 44 27 mig
111 500 69 21 denna
193 499 126 27 förhöjning.

118 529 216 26 Landtdagsmannen
345 528 118 27 Lindberg:
478 528 86 32 Pyydän
575 528 148 27 nöyrimmästi
733 529 67 21 saada
810 528 64 22 edus-

49 557 54 21 mies
118 557 128 22 Heikuralta
260 557 73 27 kysyä,
345 558 55 20 onko
416 557 43 21 hän
475 564 71 14 minun
562 557 132 27 puheessani
704 557 96 27 löytänyt
808 557 66 27 joita-

49 586 62 21 kuita
125 586 191 27 puoluevimmasta
331 586 119 21 lähteneitä
466 586 144 21 ehdotuksia?
632 586 39 22 Jos
682 586 42 21 hän
735 592 38 15 sen
784 592 27 15 on
825 585 48 22 teh-

49 617 44 25 nyt,
109 615 43 21 niin
168 615 57 21 minä
241 616 123 25 tunnustan,
380 616 46 20 että
441 614 44 22 hän
507 614 119 22 todellakin
642 621 27 15 on
685 616 122 20 varustettu
822 620 51 16 suu-

49 644 105 21 remmilla
168 643 160 28 ymmärryksen
343 644 97 26 lahjoilla
462 643 52 21 kuin
536 644 88 20 kukaan
638 650 58 20 muu,
713 643 47 21 sillä
775 643 57 21 minä
847 649 27 15 en

49 674 79 20 tuonut
143 672 165 22 lausunnossani
324 672 52 22 esiin
392 672 82 21 mitään
489 674 75 19 muuta
579 672 52 21 kuin
646 678 28 15 ne
689 672 77 27 yleiset
780 672 93 27 periaat-

50 703 51 24 teet,
115 701 63 27 jotka
193 703 46 19 tätä
262 701 60 21 asiaa
345 701 158 21 ratkaistaessa
518 700 120 22 mielestäni
655 701 85 21 olisivat
758 700 115 22 huomioon

49 731 113 20 otettavat.
193 729 39 22 Jos
245 730 53 26 joku
313 730 69 21 hakee
398 729 119 22 sanoistani
539 730 66 21 toista
625 730 96 26 ajatusta
735 730 51 21 kuin
801 728 73 22 minkä

49 758 58 22 minä
121 758 42 22 itse
179 758 48 22 olen
241 758 66 21 niihin
323 760 88 25 pannut,
427 758 45 22 niin
487 764 24 16 se
522 764 26 16 on
562 760 156 26 menetystapa,
727 758 47 27 jota
783 760 92 19 vastaan

49 788 58 20 minä
129 786 81 22 tahdon
232 793 70 21 panna
322 787 77 27 jyrkän
414 786 158 28 vastalauseen,
589 787 49 21 sillä
652 787 88 21 minulla
756 787 18 21 ei
791 786 34 22 ole
840 788 34 20 ta-

49 822 56 20 pana
121 816 86 26 ajatella
222 816 51 26 yhtä
286 816 23 26 ja
324 816 73 26 puhua
412 816 74 21 toista.

118 844 46 22 Mot
186 844 206 27 landtdagsmannen
408 844 90 22 Avellan
520 844 38 21 ber
574 844 38 27 jag
628 844 22 22 fä
666 844 108 25 anmärka,
791 845 33 20 att
836 843 38 28 jag

50 873 48 21 icke
113 873 72 21 talade
201 873 76 21 endast
293 879 34 15 om
340 874 210 26 representanterna,
561 876 53 18 utan
630 874 61 20 äfven
703 879 34 16 om
747 872 127 22 valmännen

50 902 41 21 och
106 901 99 22 framhöll
220 904 32 19 att
266 902 106 26 klagomål
395 902 68 21 borde
487 901 84 22 anföras
592 902 60 21 öfver
667 904 33 19 att
714 902 65 26 något
794 901 80 21 arvode

50 930 34 22 för
97 932 176 24 representanten
289 930 47 22 icke
352 930 69 22 blifvit
433 930 117 26 bestämdt,
562 930 73 22 säsom
646 930 24 22 L.
680 931 24 21 O.
714 930 54 22 dock
779 930 95 27 tydligen

50 958 143 22 föreskrifver.
223 959 47 21 Den
285 959 62 21 valde
363 959 39 21 har
417 959 77 21 härvid
508 959 48 21 icke
571 959 107 26 rättighet
692 961 33 20 att
739 958 80 22 anföra
828 958 46 21 kla-

49 987 78 27 gomäl,
143 989 23 25 ty
181 987 66 27 enligt
262 987 22 21 L.
297 987 24 22 O.
333 987 32 22 får
380 987 42 22 han
438 987 49 22 icke
502 987 86 22 försöka
604 988 139 26 undandraga
758 987 32 27 sig
803 987 71 21 landt-

51 1015 285 28 dagsmannabefattningen,
361 1016 73 22 derest
457 1016 42 21 han
521 1016 49 21 icke
591 1016 43 21 kan
649 1017 91 26 uppvisa
754 1016 50 26 laga
820 1015 53 26 skäl,

49 1045 123 26 sjuklighet,
189 1045 111 21 älderdom
314 1045 52 21 eller
380 1045 68 27 nägot
464 1045 73 27 dylikt.
561 1045 43 22 För
620 1045 88 22 ständet
723 1045 47 21 äter
784 1045 42 20 kan
837 1050 37 15 en-

52 1074 49 21 dast
123 1080 27 15 en
165 1073 49 22 vald
237 1075 149 26 representant
412 1073 75 22 anföra
512 1073 106 27 klagomäl
642 1074 59 21 öfver
723 1074 38 21 sitt
783 1073 91 22 arvodes

50 1102 174 27 otillräcklighet,
239 1104 52 19 utan
307 1104 32 19 att
355 1103 36 21 det
406 1103 28 21 dä
449 1109 46 15 mer
517 1102 67 27 gifves
607 1102 33 22 för
655 1103 126 21 valmännen
803 1101 71 27 nägon

50 1131 112 27 möjlighet
178 1132 32 20 att
225 1131 91 22 besvära
331 1131 32 26 sig
378 1131 60 22 öfver
453 1131 101 22 arvodets
570 1131 129 27 förhöjning.

119 1159 216 27 Landtdagsmannen
349 1159 115 22 Ehrström
479 1160 119 26 beklagade
614 1162 34 19 att
663 1161 37 20 det
714 1160 57 21 inom
786 1158 90 22 ständet

50 1187 56 22 skall
120 1187 69 22 finnas
205 1194 109 21 personer,
330 1189 71 21 hvilka
424 1195 53 15 anse
500 1190 33 20 att
548 1195 26 15 en
590 1189 64 26 äsigt,
670 1195 47 15 som
731 1188 81 22 afviker
826 1187 49 22 frän

50 1216 155 27 pluralitetens,
228 1219 76 24 genast
326 1217 39 21 bör
387 1217 104 27 stämplas
514 1217 71 22 säsom
608 1213 133 41 härflytande
760 1223 26 15 ur
808 1216 67 27 parti-

49 1246 100 21 intresse.
160 1245 50 21 Med
217 1245 208 27 landtdagsmannen
434 1245 112 27 Svedberg
553 1245 103 22 förenade
665 1246 33 27 sig
706 1246 82 21 talaren
796 1245 78 33 deruti,

50 1275 34 20 att
100 1274 32 26 de,
148 1279 46 16 som
209 1273 77 27 begärt
309 1274 220 28 arvodesförhöjning,
545 1275 48 21 icke
612 1275 53 22 böra
680 1275 22 21 fä
717 1275 86 26 deltaga
818 1274 6 21 i
840 1280 35 15 sa-

49 1303 55 22 kens
120 1291 122 38 afgörande.

119 1331 113 21 Edusmies
247 1331 64 27 Patja
326 1331 92 27 ilmoitti,
436 1333 47 20 että
496 1331 85 22 hänelle
596 1331 210 22 vaalitilaisuudessa
817 1330 59 22 tosin

50 1360 30 21 oli
95 1362 106 25 määrätty
216 1360 97 26 palkaksi
331 1362 25 19 16
376 1361 105 20 markkaa
500 1360 100 27 päivältä,
616 1363 70 19 mutta
708 1360 51 22 ettei
778 1360 43 21 hän
842 1359 34 21 ole

51 1390 78 20 saanut
145 1388 82 22 asiassa
242 1389 79 21 mitään
337 1389 224 27 pöytäkirjan-otetta.
589 1389 47 22 Sitä
651 1391 89 20 vastaan
756 1387 120 27 matkapäi-

50 1418 57 20 vistä
120 1417 23 27 ja
157 1417 147 27 kyytirahasta
319 1417 20 22 ei
355 1418 54 21 ollut
424 1418 211 21 vaalitilaisuudessa
657 1418 81 21 mitään
753 1417 123 26 määräystä

51 1445 68 28 tehty,
139 1445 67 28 jonka
221 1446 76 21 vuoksi
319 1445 82 28 puhuja
423 1447 62 27 pyysi
504 1447 71 26 jättää
596 1448 73 20 tämän
689 1446 86 22 kohdan
794 1444 82 28 säädyn

51 1475 174 20 määrättäväksi.

119 1502 113 22 Edusmies
247 1502 128 22 Riihimäki:
390 1503 99 21 Kaksilla
504 1503 161 21 ensimmäisillä
675 1501 152 29 valtiopäivillä
837 1502 39 21 oli-

50 1532 37 20 vat
103 1531 82 27 säädyn
203 1532 98 26 jäsenten
323 1531 75 27 palkat
416 1532 63 21 aivan
500 1532 98 27 kirjavat,
622 1531 154 23 muistaakseni
796 1530 52 22 noin
863 1532 13 20 8
