1092 1739
396 160 27 20 28
439 167 19 18 p.
474 161 81 18 Helmik.
827 158 40 21 507

139 224 112 23 Esitettiin
274 231 68 17 ennen
364 224 100 28 pöydälle
484 225 68 26 pantu
571 223 86 22 Yleisen
673 222 224 22 valitusvaliokunnan

68 254 100 23 mietintö
184 260 34 15 n:o
242 255 10 20 1
276 252 258 28 Talonpoikaissäädyssä
556 252 81 27 tehdyn
659 251 238 23 anomus-ehdotuksen

67 283 111 27 johdosta,
202 282 52 28 joka
278 282 81 22 koskee
384 282 108 22 maantien
514 280 157 23 rakentamista
693 280 92 22 Kittilän
803 280 94 22 kirkolta

69 312 87 22 Inariin.

139 351 183 23 Keskustelu:

139 392 218 26 Landtdagsmannen
380 390 109 28 Hedberg:
517 390 11 22 1
552 390 37 22 det
611 391 222 27 petitionsmemorial,
852 397 47 16 som

70 421 109 22 föranledt
193 420 113 22 Allmänna
321 420 209 22 besvärsutskottets
546 426 29 14 nu
589 419 149 27 föreliggande
753 420 146 25 betänkande,

70 450 40 22 har
133 450 42 21 den
197 449 66 22 ärade
284 449 151 27 petitionären,
450 454 64 22 synes
538 448 37 22 det
590 448 50 26 mig,
660 448 78 28 skjutit
753 449 59 21 öfver
826 448 73 22 målet.

71 479 77 21 Varmt
169 478 133 22 intresserad
318 477 33 22 för
366 478 33 20 sin
414 477 108 21 härintills
538 476 127 23 förbisedda
679 477 96 22 hemorts
791 477 109 22 förkofran

71 508 7 22 i
94 508 42 21 alla
151 507 144 25 hänseenden,
315 506 88 22 hvarom
418 506 54 21 hans
487 506 78 26 mänga
579 505 122 23 inlemnade
716 506 185 28 petitionsförslag

71 537 102 26 nogsamt
195 536 53 20 bära
268 535 74 26 vittne,
358 535 39 21 har
411 534 50 26 han,
478 536 39 20 när
532 534 37 22 det
584 534 63 27 gälde
663 536 34 20 att
711 536 76 26 optera
802 534 33 22 för
850 535 50 21 dess

71 564 221 22 kommunikationers
315 563 155 27 förbättrande,
493 564 7 20 i
524 563 33 21 sin
579 564 92 26 petition
689 564 48 22 icke
751 564 57 22 blott
821 564 80 21 uttalat

73 600 27 16 en
116 593 79 22 allmän
215 593 89 25 önskan,
320 594 33 20 att
367 592 119 22 ständerna
500 592 50 21 ville
565 591 57 22 fästa
635 592 140 27 regeringens
786 592 115 28 uppmärk-

73 622 87 22 samhet
183 622 29 27 pä
234 622 60 21 detta
317 620 167 28 önskningsmäl,
510 622 51 20 utan
584 620 113 28 föreslagit
712 628 26 15 en
753 622 43 21 viss
812 623 42 25 väg
868 621 33 21 till

73 650 121 28 byggande,
220 650 40 22 och
284 650 50 22 med
359 650 63 21 ordet
444 649 104 27 landsväg
571 649 62 22 äfven
657 649 89 28 angifvit
766 650 38 22 det
819 650 46 26 slag
880 649 23 22 af

72 678 240 27 kommunikationsled,
332 679 42 21 han
389 678 77 22 härvid
482 680 73 20 ansett
569 678 55 22 böra
638 678 87 23 komma
739 679 7 22 i
761 678 67 28 fräga.
857 678 45 23 Det

74 711 31 24 är,
129 714 64 22 synes
216 708 38 21 det
274 708 49 27 mig,
338 708 46 27 just
398 707 47 22 häri
460 707 145 27 petitionären
621 707 76 28 skjutit
713 708 59 22 öfver
786 708 73 21 mälet.
873 718 30 4 —

73 737 116 22 Utskottet
203 737 96 27 päpekar
314 738 33 19 att
362 737 118 21 ständerna
494 736 49 21 icke
558 736 54 21 böra
626 738 52 25 taga
693 737 68 21 under
771 736 130 27 behandling

74 772 27 15 en
124 765 62 27 fräga
201 765 22 22 af
237 765 24 22 sä
276 765 79 27 speciel
371 767 69 24 natur,
457 764 29 21 dä
501 771 48 14 man
565 765 40 21 hos
621 765 48 21 dem
686 765 18 27 ej
721 771 66 21 gerna
802 765 41 22 kan
859 764 43 22 för-

74 796 85 20 utsätta
174 801 26 15 en
216 794 25 21 sä
255 800 110 21 noggrann
381 793 170 26 sakkännedom,
567 799 47 16 som
630 793 127 28 afgörandet
767 794 22 21 af
798 801 26 14 en
835 793 68 22 sädan

74 823 62 28 fräga
158 822 86 23 kräfver
266 823 40 21 och
328 822 144 27 petitionären
492 823 111 26 presterar
625 823 19 26 ej
664 823 69 21 heller
748 823 51 27 sjelf
811 823 42 21 den
868 823 35 20 ut-

75 851 91 27 redning
190 851 73 22 härtill
288 851 55 22 hade
368 850 125 22 erfordrats.
523 850 42 26 Jag
589 851 43 21 kan
655 851 73 22 derför
751 852 18 27 ej
794 852 65 21 annat
875 852 27 20 än

74 880 110 27 tillstyrka
210 879 131 28 antagandet
363 879 21 22 af
406 879 119 22 utskottets
551 879 81 27 förslag
655 882 33 19 att
711 881 116 21 ständerna
851 879 51 22 ville

74 909 72 22 lemna
164 908 146 28 föreliggande
324 907 188 29 petitionsförslag
526 909 52 20 utan
595 908 107 22 afseende.
731 909 42 27 Jag
788 910 39 25 gör
842 908 62 21 detta

75 937 50 22 med
148 938 25 21 sä
187 937 85 28 mycket
287 937 79 22 lättare
381 937 67 25 sinne,
465 937 29 21 dä
509 937 37 20 det
561 943 26 15 ur
601 937 159 22 betänkandets
775 936 128 27 motivering

74 966 100 27 framgär,
191 968 33 19 att
238 966 126 27 regeringen
380 965 110 22 allaredan
506 965 55 27 tagit
575 965 161 23 förbättrandet
749 965 23 23 af
780 965 123 28 Lapplands

74 995 210 22 kommunikationer
308 1000 34 16 om
367 994 64 26 hand,
457 994 41 21 och
524 993 71 22 dertill
621 995 94 26 anslagit
730 1001 26 15 en
785 1000 82 16 summa
883 993 23 22 af

76 1025 78 25 20,000
169 1023 61 22 mark
244 1025 34 20 att
291 1023 81 27 årligen
387 1023 7 21 i
409 1023 66 26 högst
493 1024 25 19 10
534 1023 24 21 är
571 1023 34 22 för
615 1023 124 22 ändamålet
747 1024 58 25 utgå.
837 1023 67 21 Detta

75 1055 25 19 är
124 1052 49 22 icke
197 1052 67 27 något
287 1052 61 27 ringa
370 1051 74 27 anslag
467 1051 41 22 och
526 1051 69 22 borde
610 1052 119 22 tillsvidare
744 1051 159 23 tillfredsställa

76 1081 60 22 såväl
158 1081 144 27 petitionären
325 1087 45 15 som
394 1080 74 27 hvarje
492 1086 70 15 annan
585 1080 33 22 för
633 1083 73 20 ortens
722 1081 103 26 framsteg
840 1079 65 22 nitäl-

76 1110 90 22 skande.
196 1110 66 21 Detta
277 1109 57 22 visar
348 1109 64 21 näml.
420 1108 97 28 tydligen
528 1109 138 27 regeringens
678 1110 101 21 omtanke
790 1115 34 16 om
835 1109 70 22 denna

76 1138 99 27 aflägsna
189 1138 103 25 landsort,
308 1137 40 22 och
360 1138 38 27 jag
414 1137 42 22 kan
472 1137 112 22 dessutom
600 1138 18 27 ej
635 1140 34 19 tro
685 1140 66 20 annat
765 1140 27 19 än
809 1139 32 20 att
855 1137 50 22 dess

76 1167 36 22 väl
134 1167 28 27 på
186 1167 60 22 detta
261 1168 45 20 sätt
320 1167 41 21 blir
375 1167 73 21 bättre
464 1166 42 21 och
520 1166 129 27 lämpligare
665 1167 146 27 tillgodosedt,
827 1168 27 19 än
870 1171 36 16 om

77 1196 118 22 ständerna
216 1202 30 15 nu
268 1195 48 22 ville
336 1197 58 20 sätta
410 1195 33 26 sig
458 1195 34 21 till
508 1195 60 21 doms
585 1195 59 22 öfver
659 1196 41 21 den
717 1202 40 15 ena
772 1195 53 22 eller
839 1194 68 21 andra

77 1224 271 23 kommunikationsledens
363 1223 109 22 företräde
488 1223 7 21 i
511 1230 26 15 en
552 1223 33 22 för
601 1224 28 21 de
638 1223 65 23 flesta
712 1224 65 22 bland
788 1230 35 15 oss
834 1223 72 22 okänd

77 1253 105 23 landsdel.
211 1253 41 27 Jag
267 1253 64 27 yrkar
341 1252 86 22 således
438 1252 28 28 på
477 1253 133 27 antagandet
621 1252 22 22 af
652 1251 254 24 utskottsbetänkandet.

147 1282 217 26 Landtdagsmannen
387 1280 125 22 Ehrström:
542 1282 74 21 Ehuru
637 1282 38 26 jag
691 1282 34 21 vid
741 1280 166 23 remitterandet

78 1311 33 22 till
133 1310 86 22 utskott
242 1310 22 22 af
285 1310 41 22 den
348 1310 97 27 petition,
462 1310 87 22 hvilken
565 1310 62 27 gifvit
641 1310 116 28 anledning
773 1310 31 22 till
819 1309 87 26 förelig-

79 1339 70 28 gande
171 1339 114 21 Allmänna
306 1338 211 22 besvärsutskottets
536 1339 137 21 betänkande
689 1339 147 21 understödde
851 1337 57 28 peti-

79 1369 105 25 tionären,
208 1368 26 21 sä
252 1374 63 15 anser
328 1368 38 26 jag
382 1367 62 26 dock,
460 1366 55 22 efter
531 1367 40 22 den
588 1368 116 26 utredning
719 1368 108 21 utskottet
841 1367 8 21 i
864 1366 43 22 frä-

79 1404 42 20 gan
144 1396 88 27 afgifvit,
255 1396 37 22 det
314 1396 48 22 icke
384 1402 52 15 vara
455 1396 49 21 skäl
520 1398 34 19 att
568 1396 108 27 tillstyrka
691 1396 124 28 byggandet
830 1394 23 22 af
866 1394 42 22 den

79 1425 163 27 ifrägavarande
265 1427 69 25 vägen
357 1424 90 22 emellan
471 1424 79 22 Kittilä
572 1425 41 21 och
628 1425 71 22 Enare
713 1425 74 27 kyrka.
817 1423 91 22 Innevä-

79 1460 93 16 narenas
197 1454 7 20 i
228 1452 153 29 Lappmarken
406 1453 104 27 ställning
532 1456 24 18 är
578 1454 126 26 visserligen
722 1454 86 26 mycket
823 1452 85 27 bebjer-

80 1482 110 26 tansvärd,
216 1482 39 22 och
281 1488 66 20 gerna
370 1482 52 26 säge
444 1488 50 15 man
511 1484 32 19 att
559 1482 237 22 kommunikationerna
811 1481 98 26 deruppe

80 1510 70 22 blefve
165 1511 132 27 upphjelpta,
313 1516 49 16 men
378 1510 28 21 dä
420 1516 49 15 man
484 1510 111 27 betänker,
613 1512 32 20 att
655 1511 37 21 det
703 1512 24 20 är
738 1516 26 16 en
772 1509 137 28 jemförelse-

80 1540 32 21 vis
130 1540 50 21 kort
204 1540 30 20 tid
256 1539 23 21 af
300 1539 53 25 äret,
377 1538 89 27 ungefär
487 1540 32 20 tre
530 1539 104 21 mänader
649 1546 26 14 en
691 1539 105 25 landsväg
811 1538 39 21 der
864 1537 45 21 kan

80 1568 119 27 begagnas,
216 1574 63 15 anser
292 1568 37 26 jag
344 1568 38 20 det
392 1573 51 15 vara
453 1567 51 21 bäst
514 1570 33 19 att
557 1567 86 22 förorda
654 1566 255 23 utskottsbetänkandet.
