1086 1723
406 123 10 18 1
433 129 19 18 p.
468 123 81 19 Helmik.
830 122 27 20 87

58 186 60 23 brott
137 187 59 21 såväl
214 186 7 22 i
236 193 47 15 som
298 189 60 20 utom
374 186 103 26 embetet,
494 188 24 19 är
533 185 168 22 förnärvarande
715 185 7 22 i
736 185 37 28 lag
787 185 101 22 bestämd

58 216 34 21 till
107 216 77 21 endast
200 216 27 20 14
242 216 72 27 dagar,
330 215 86 22 hvilken
431 214 108 22 fatalietid
555 217 25 18 är
594 214 26 21 så
634 214 51 21 kort
700 216 32 19 att
743 214 37 21 det
790 213 45 22 ofta
844 219 44 21 nog

58 247 25 19 är
98 244 87 22 absolut
200 244 96 27 omöjligt
311 246 33 19 att
359 244 73 20 kunna
447 243 100 26 begagna
561 243 34 26 sig
611 243 66 26 deraf,
695 243 28 21 då
739 243 148 22 kommunika-

58 273 73 22 tionen
151 273 78 22 mellan
248 267 70 27 Åland
338 272 39 22 och
398 272 132 21 fastalandet
549 272 43 21 kan
608 278 52 15 vara
676 271 98 22 afbruten
790 271 32 22 för
838 271 50 22 hela

60 303 27 20 14
107 301 74 28 dagar.
211 301 32 22 En
258 301 161 26 nödvändighet
434 307 51 15 vore
502 300 85 22 således
604 302 33 19 att
651 300 135 22 fatalietiden
800 301 8 21 i
824 301 64 21 dessa

58 330 38 22 fall
111 331 65 21 alltså
190 330 122 27 förlängdes
329 330 30 21 till
376 331 26 20 45
420 329 74 27 dagar.

129 361 40 20 4:0.
198 359 68 22 Tiden
287 358 33 22 för
338 358 122 22 hemstälda
481 357 54 22 måls
555 357 134 22 insändande
709 357 33 22 till
761 357 88 23 Hofrätt
864 359 24 20 är

59 387 34 22 för
115 388 131 22 närvarande
270 388 77 21 endast
367 389 27 19 30
415 387 73 27 dagar.
520 386 28 21 Af
567 386 54 26 skäl,
637 393 47 14 som
700 386 108 22 ofvanföre
824 387 64 21 fram-

59 417 81 25 hållits,
160 423 51 16 vore
230 416 118 21 önskvärdt
362 417 33 20 att
410 416 60 21 tiden
486 415 7 22 i
509 415 64 22 dessa
588 415 37 22 fall
640 415 34 21 för
688 409 80 28 Ålands
785 415 103 27 domsaga

59 446 135 21 utsträcktes
210 445 32 21 till
257 447 27 19 45
300 445 73 26 dagar.

129 474 34 21 Då
178 475 60 20 detta
253 473 160 26 önskningsmål
429 479 35 15 om
481 473 155 21 utsträckande
652 472 22 21 af
687 471 133 23 fatalietiden
831 472 57 21 inom

59 497 82 28 Ålands
157 503 102 26 domsaga
274 503 47 21 icke
336 503 42 20 kan
394 501 70 22 skada
480 502 76 26 någon,
573 507 49 16 men
638 501 98 22 däremot
750 503 25 20 är
784 501 32 22 till
828 502 61 26 nytta

60 531 35 22 för
117 532 139 21 rättsökande
278 533 74 26 parter
374 531 28 26 på
426 530 26 22 de
476 525 111 26 Åländska
609 531 73 25 öarna,
703 530 39 21 och
758 537 26 15 en
799 530 53 27 följd
867 528 23 23 af

60 559 151 28 förändringen
231 567 51 14 vore
302 562 32 19 att
353 559 166 27 lagskipoingen
539 559 57 21 inom
613 559 70 21 denna
699 559 102 27 domsaga
817 558 71 22 kunde

60 589 73 21 bättre
148 589 132 21 handhafvas
296 588 39 22 och
351 589 20 20 vi
388 589 31 20 uti
432 589 49 20 vårt
491 588 107 21 isolerade
609 587 50 27 läge
670 588 122 26 därigenom
803 588 86 21 komma

61 617 8 22 i
88 618 126 27 åtnjutande
234 617 24 22 af
276 618 26 21 de
322 617 113 26 förmåner,
457 623 46 15 som
519 617 57 21 fasta
591 617 86 21 landets
692 617 128 21 innevånare
834 616 7 21 i
857 615 31 22 af-

61 647 80 21 seende
161 647 14 21 å
193 646 137 22 rättsvården
350 645 47 22 från
416 646 167 21 urminnestider
603 645 43 21 fått
666 645 88 28 åtnjuta,
772 645 66 26 vågar
850 644 39 27 jag

61 675 86 22 anhålla
165 677 33 20 att
213 675 134 22 hedervärda
362 674 165 22 Bondeståndet
542 675 48 20 ville
605 673 76 22 förena
697 674 32 27 sig
744 674 48 21 med
808 673 32 22 uti
855 675 33 19 att

198 704 39 21 hos
257 704 63 21 Hans
339 703 121 28 Kejserliga
481 703 105 26 Majestät
600 703 9 21 i
623 703 169 27 underdånighet
803 702 86 27 petitio-

130 739 51 15 nera
196 740 33 14 om
245 735 31 19 att
290 732 63 21 Hans
368 731 120 28 Kejserliga
503 731 105 28 Majestät
622 731 47 22 ville
684 731 44 22 låta
742 731 96 22 utarbeta
853 730 37 22 och

130 761 92 22 härnäst
244 761 202 22 sammanträdande
471 760 93 22 Ständer
578 761 109 27 förelägga
702 762 28 20 ett
737 759 152 29 tilläggsstad-

129 790 69 27 gande
214 790 31 22 till
259 790 124 22 hithörande
398 790 89 26 lagrum,
502 790 27 20 så
543 790 45 21 vidt
603 790 34 21 det
651 791 59 19 rörer
723 789 79 21 Åland.

130 818 142 28 Helsingfors,
289 819 40 21 den
345 820 26 20 26
387 818 91 22 Januari
496 820 61 20 1888.

612 846 23 22 C.
653 846 26 22 G.
695 846 125 28 Rosenberg.

131 876 66 27 Sääty
219 877 70 26 päätti
306 876 64 21 ilman
392 876 144 21 keskustelua
557 875 100 22 lähettää
677 875 131 22 anomuksen
824 874 65 23 Laki-

62 905 158 22 valiokuntaan.

131 968 110 21 Esitettiin
262 968 145 21 edusmiesten
427 967 87 22 Hoikan
527 967 24 28 ja
565 967 126 22 Pääkkösen
708 967 182 27 sisäänjättämät,

62 996 51 22 näin
127 997 105 21 kuuluvat
246 997 137 21 anomukset:

278 1042 119 22 Arvoisalle
412 1042 263 28 Talonpoikaissäädylle!

131 1077 68 22 Viime
215 1077 153 26 valtiopäivillä
382 1077 28 21 oli
420 1077 90 21 minulla
520 1077 80 21 kunnia
608 1077 72 27 jättää
690 1076 112 22 arvoisalle
812 1075 79 22 Talon-

63 1105 181 28 poikaissäädylle
264 1106 210 27 anomus-esityksen
491 1106 177 21 ulosottokaaren
683 1105 19 22 V
717 1105 64 22 luvun
797 1106 95 19 muutta-

62 1134 90 21 misesta
175 1135 68 21 siihen
266 1137 99 24 suntaan,
388 1137 46 18 että
453 1135 126 21 velalliselle
600 1134 150 21 eroitettaisiin
766 1133 126 22 semmoista

63 1165 95 24 tavaraa,
179 1163 47 27 jota
249 1163 43 21 hän
315 1163 140 22 tärkeemmin
479 1164 103 21 tarvitsee
605 1163 68 22 sadan
693 1163 88 21 markan
798 1163 93 25 arvosta,

65 1197 69 16 ennen
156 1191 51 22 kuin
231 1192 160 21 ulosmittausta
413 1192 108 21 voitaisiin
545 1192 71 21 tehdä.
647 1191 76 22 Silloin
742 1191 24 27 jo
786 1191 107 26 säädyssä

64 1220 153 21 tunnustettiin
240 1221 91 21 melkein
352 1221 101 26 yleiseen,
476 1223 46 19 että
542 1221 108 21 voimassa
669 1221 61 21 oleva
750 1219 142 22 ulosottolaki

63 1249 149 21 tavattomalla
233 1249 155 22 ankaruudella
406 1250 72 27 jättää
494 1249 85 27 köyhän
591 1249 114 22 velallisen
721 1249 107 21 olemassa
843 1248 50 21 olon

63 1277 114 22 kokonaan
198 1277 99 28 velkojan
320 1278 152 26 mielivaltaan,
495 1278 67 27 jonka
584 1278 77 21 vuoksi
677 1276 216 27 anomus-esitykseni

63 1306 122 21 lähetettiin
194 1306 213 27 Lakivaliokuntaan,
415 1307 67 26 jonne
491 1313 24 15 se
524 1307 131 21 kumminkin
666 1307 102 27 esitysten
776 1305 117 28 paljouden

62 1335 24 28 ja
101 1335 48 27 ajan
165 1335 110 27 vähyyden
292 1335 59 22 takia
363 1335 32 27 jäi
405 1335 163 22 valiokunnalta
579 1335 127 22 mietintönä
717 1335 174 21 valmistumatta.

133 1364 44 27 Nyt
196 1363 106 22 kuluneen
322 1364 86 21 kolmen
428 1364 86 21 vuoden
536 1364 62 27 ajalla
613 1364 49 21 olen
678 1364 84 21 tarkoin
778 1363 115 21 koettanut

63 1392 101 22 kiinittää
174 1392 131 22 huomiotani
316 1393 166 27 kysymyksessä
493 1393 75 21 olevan
577 1393 43 21 lain
629 1393 113 21 kovuuden
750 1390 143 24 seurauksiin.

64 1421 67 21 Tästä
152 1428 27 14 on
196 1422 160 21 vakuutukseni
371 1422 81 26 käynyt
467 1422 93 21 vieläkin
576 1422 141 27 lujemmaksi,
734 1423 44 20 että
794 1420 100 22 ilmeinen

64 1452 90 25 vääryys
175 1450 106 26 tapahtuu
300 1450 85 27 köyhää
404 1450 136 21 kansalaista
559 1450 94 21 kohtaan
674 1450 54 21 siinä
744 1452 46 19 että
804 1448 90 22 häneltä

64 1478 180 22 alosmittauksen
260 1479 76 21 kautta
351 1479 105 27 myydään
472 1479 74 27 pienet
561 1479 138 21 rihkamansa
713 1479 133 21 katsomatta
856 1477 37 21 sii-

64 1506 49 26 hen,
134 1507 64 27 josko
221 1507 63 21 velka
306 1507 49 21 sillä
378 1507 58 21 tulee
459 1508 136 21 maksetuksi
609 1508 46 20 tahi
671 1508 26 20 ei.
728 1507 73 27 Senpä
816 1505 77 23 vuoksi

64 1535 93 22 vieläkin
173 1535 47 22 olen
236 1538 74 19 tämän
325 1535 61 22 asian
402 1536 117 27 rohjennut
535 1539 59 19 ottaa
609 1536 146 22 esitelläkseni
771 1534 121 27 uudelleen,
