1089 1745
391 129 25 19 14
431 136 19 18 p.
465 127 81 20 Helmik.
825 129 40 20 335

70 191 67 27 några
151 191 22 22 få
187 197 109 22 personer,
313 191 45 23 ofta
374 198 26 15 en
415 191 97 23 handfull
534 191 130 27 menniskor,
680 191 72 22 hvilka
767 192 128 21 intresserat

70 221 33 26 sig
113 219 34 23 för
161 219 79 23 folkets
255 221 64 22 bästa
334 221 41 22 och
391 220 32 23 för
438 221 84 22 skolors
538 221 123 21 inrättande
671 221 7 20 i
688 221 135 26 kommunen,
832 220 63 22 hafva

70 249 47 22 dels
133 255 77 20 genom
233 249 148 28 öfvertalning,
404 249 45 22 dels
472 255 77 22 genom
565 249 157 28 röstmajoritet
742 249 24 22 så
782 250 52 27 godt
848 255 46 16 som

69 278 87 27 tvungit
171 278 175 22 motständarene
362 279 33 20 att
412 278 51 28 följa
478 279 55 26 med,
550 278 39 22 och
605 278 91 21 inrättat
712 278 26 21 de
754 278 78 27 skolor,
848 284 46 15 som

69 313 29 15 nu
115 306 74 23 finnas.
216 307 96 22 Emellan
328 308 61 21 detta
404 309 44 20 sätt
464 307 40 22 och
521 307 37 22 det
574 307 115 26 skoltväng
704 307 40 21 här
758 313 28 15 nu
802 307 92 28 päyrkas

70 337 25 20 är
110 335 113 23 skilnaden
238 336 7 21 i
261 336 74 27 sjelfva
350 336 76 22 verket
448 336 48 21 icke
518 338 52 19 stor.
602 335 46 22 Och
663 335 33 22 för
719 335 64 27 öfrigt
796 336 63 22 hafva
874 336 19 22 vi

67 364 24 27 ju
107 364 55 22 ifrän
179 365 26 22 de
220 364 90 22 främsta
325 366 68 21 stater
409 365 7 21 i
431 365 87 27 Europa
540 365 79 21 talrika
635 365 96 26 exempel
746 365 34 26 pä,
797 367 33 19 att
844 371 50 16 man

68 393 117 28 ingalunda
199 394 40 21 bör
253 393 44 22 låta
312 393 33 28 sig
360 393 124 22 afskräckas
501 393 22 22 af
534 394 61 21 ordet
606 393 150 28 ,,skoltväng',
768 395 22 26 ty
802 394 49 21 dess
862 394 31 21 in-

68 421 90 23 förande
174 423 39 21 har
228 422 56 21 visat
299 422 32 27 sig
347 422 63 22 hafva
426 423 26 21 de
468 424 57 20 mest
540 422 178 26 välsignelserika
736 422 82 27 följder.
848 423 46 21 Här

68 450 40 22 har
123 457 26 15 en
171 451 52 21 ärad
246 451 73 25 talare,
342 451 207 27 landtdagsmannen
572 450 130 28 Päivärinta,
718 450 28 28 pä
762 452 32 20 ett
808 451 86 27 mycket

68 480 100 26 vältaligt
183 481 46 20 sätt
243 481 66 26 yttrat
324 480 33 27 sig
376 480 3 21 i
395 486 81 16 samma
490 480 61 26 anda,
567 480 7 21 i
590 479 85 22 hvilken
692 480 56 21 mina
764 479 80 27 äsigter
859 479 33 27 gä.

67 508 43 27 Jag
125 508 39 22 ber
179 510 33 20 att
226 508 87 22 ständet
328 508 56 22 dock
399 509 67 21 mätte
482 508 56 23 fästa
552 515 26 15 en
593 508 44 22 viss
653 508 82 28 hänsyn
750 508 36 22 vid
800 508 93 22 uttalan-

69 536 42 22 den
127 537 82 22 sädana
225 544 45 15 som
285 538 60 26 hans,
361 539 22 26 ty
400 538 26 22 de
441 538 54 26 visa,
511 539 33 20 att
559 538 69 21 denna
646 537 61 27 fräga
723 537 55 22 dock
793 539 24 19 är
832 536 22 22 af
868 537 24 21 sä

69 566 113 22 allvarsam
197 568 35 20 art
247 566 40 22 och
303 566 32 22 till
351 566 40 22 den
408 566 53 28 grad
477 566 73 28 vigtig,
567 568 33 20 att
615 566 76 22 remiss
707 566 33 21 till
750 566 84 22 utskott
844 566 48 22 icke

68 594 40 22 bör
123 594 110 28 förvägras
257 595 128 25 densamma,
402 596 62 21 desto
488 596 82 21 mindre
586 595 28 21 dä
630 595 88 21 ständet
732 595 68 21 under
816 595 26 22 de
858 601 34 15 se-

67 625 63 20 naste
147 624 104 27 dagarnas
266 624 84 27 förlopp
367 624 84 22 skickat
474 624 32 22 till
528 624 87 22 utskott
630 624 109 26 ätskilliga
754 624 116 27 petitioner
884 624 7 21 i

67 652 86 28 mycket
168 652 82 22 mindre
265 653 80 27 vigtiga
361 654 93 21 ärenden
468 653 40 22 och
526 652 23 22 af
562 652 86 28 mycket
658 652 170 28 tvifvelaktigare
838 652 52 22 halt.

136 681 113 23 Edusmies
265 682 125 27 Landgren:
419 682 59 22 Minä
500 682 82 22 kuulun
605 682 77 21 niitten
698 682 117 27 joukkoon,
829 682 63 27 jotka

67 710 58 22 eivät
139 710 66 22 tahdo
221 710 66 22 tehdä
302 710 149 22 kansakoulun
466 710 155 28 perustamista
636 710 146 28 pakolliseksi.
807 710 85 22 Vaikka

67 745 27 15 on
111 739 53 22 ollut
180 739 75 28 aikoja,
269 740 75 27 jolloin
360 740 62 21 olisin
437 740 86 27 pitänyt
538 740 154 26 koulupakkoa
708 741 124 23 suotavana,
843 739 48 21 kat-

67 774 39 15 son
121 770 38 26 nyt
173 768 113 22 kuitenkin
301 769 111 27 vapauden
435 768 117 22 tällaisissa
575 768 92 22 asioissa
684 768 74 22 olevan
773 768 52 22 mitä
840 774 50 16 suu-

65 796 112 23 rimmasta
193 799 91 20 arvosta.
315 797 46 22 Sitä
377 797 71 27 paitsi,
465 798 35 27 jos
523 797 135 27 pakollisesti
680 797 87 28 täytyisi
788 798 102 26 perustaa

65 825 96 28 kouluja,
177 826 73 27 pitäisi
272 826 66 21 niihin
360 827 60 27 myös
442 826 135 27 pakollisesti
598 826 140 27 oppilaitakin
752 826 100 26 hankkia,
866 826 24 27 ja

66 856 59 19 tämä
140 856 90 20 sentään
246 854 66 22 kävisi
335 855 146 27 käytännössä
500 855 64 22 kovin
580 855 117 21 vaikeaksi.
728 855 97 27 Hylkään
841 861 48 15 sen-

65 883 80 22 tähden
161 883 236 22 anomus-ehdotukset.

134 912 215 27 Landtdagsmannen
365 912 133 27 Rosenberg:
527 912 34 21 Dä
577 912 37 21 det
636 911 40 23 här
698 912 63 21 talats
782 918 32 15 om
831 911 57 22 skol-

65 940 73 27 tväng,
155 941 24 21 sä
193 941 40 21 ber
245 941 37 27 jag
297 943 32 20 att
349 941 22 22 fä
385 941 57 22 fästa
464 941 191 28 uppmärksamhet
671 941 40 26 vid,
727 943 32 19 att
772 941 37 27 jag
824 941 6 21 i
845 941 43 21 min

65 969 92 27 petition
171 969 115 28 ingalunda
303 969 64 22 afsett
386 969 112 22 införande
513 969 23 23 af
549 970 66 27 nägot
631 969 79 22 sädant
725 970 69 27 tväng,
812 976 46 15 som
873 971 14 20 t.

66 1004 31 15 ex.
113 998 7 21 i
135 998 48 21 värt
198 999 117 26 grannland
330 998 88 28 Sverige
440 999 66 21 redan
530 1001 53 19 nära
606 1000 32 20 ett
657 998 54 22 halft
726 999 59 22 sekel
800 998 86 22 funnits.

65 1027 38 21 Ett
118 1027 77 22 sädant
211 1027 112 28 skoltväng
339 1034 63 15 anser
414 1027 38 28 jag
467 1027 48 22 icke
530 1034 52 15 vara
596 1028 28 27 pä
640 1027 32 22 sin
688 1027 56 28 plats
758 1027 130 22 ätminstone

65 1055 6 22 i
89 1055 26 22 de
130 1062 64 15 norra
208 1057 63 21 länen
287 1056 22 21 af
322 1056 48 22 värt
385 1057 55 26 land,
457 1056 69 22 ehuru
542 1057 40 21 den
598 1057 100 26 möjligen
714 1063 50 15 vore
780 1056 86 27 lämplig
881 1056 7 21 i

65 1085 114 27 sydvestra
194 1085 87 22 delarna
296 1085 22 22 af
330 1085 79 22 landet.
440 1085 10 21 I
465 1086 43 21 min
524 1085 90 27 petition
632 1087 23 20 är
671 1086 37 22 det
722 1085 47 22 icke
783 1084 60 28 fråga
854 1090 34 16 om

65 1114 118 27 nägonting
198 1116 65 20 annat
278 1116 26 20 än
320 1116 32 20 att
368 1115 22 21 ät
406 1114 26 22 de
455 1114 132 26 kommuner,
605 1120 45 16 som
672 1116 36 20 äro
724 1114 32 22 för
771 1114 117 22 medellösa

64 1142 33 22 för
108 1144 32 20 att
154 1143 73 21 kunna
243 1143 79 22 inrätta
337 1143 33 27 sig
386 1150 25 15 en
427 1142 114 28 folkskola,
553 1143 68 22 mätte
637 1143 93 22 tilldelas
746 1150 26 15 en
786 1143 51 21 liten
854 1142 34 22 del

64 1170 23 22 af
101 1172 26 21 de
142 1172 128 27 rikedomar,
286 1178 46 16 som
354 1172 110 22 användas
481 1174 15 20 t.
513 1178 31 16 ex.
560 1172 28 27 pä
606 1172 222 28 fängelsebyggnader
847 1171 40 22 och

64 1200 67 21 andra
145 1200 130 22 millionhus.
304 1200 28 22 Af
347 1207 53 21 egen
424 1200 123 22 erfarenhet
561 1202 37 21 vet
613 1201 38 27 jag
667 1202 33 21 att
714 1201 6 21 i
736 1201 76 27 mänga
827 1200 60 22 kom-

63 1235 82 21 muner,
161 1229 6 21 i
183 1229 71 22 hvilka
270 1230 37 21 det
321 1231 62 20 stora
405 1229 93 22 flertalet
520 1231 90 20 motsatt
628 1230 34 27 sig
677 1230 127 21 folkskolors
820 1230 68 20 inrät-

63 1258 72 32 tande,
151 1258 76 21 skolan
243 1258 61 26 dock,
321 1258 65 22 sedan
403 1258 41 22 den
465 1259 86 32 engäng
563 1258 90 22 kommit
668 1259 32 21 till
716 1258 63 22 ständ
796 1258 39 22 och
850 1264 36 15 va-

63 1286 29 22 rit
106 1286 7 22 i
129 1286 138 22 verksamhet
281 1276 66 37 några
363 1287 29 26 år,
408 1287 111 22 tillvunnit
534 1287 33 27 sig
583 1288 78 25 elever,
678 1288 39 21 och
731 1288 36 27 jag
783 1288 45 21 tror
839 1286 47 22 der-

63 1314 52 27 före,
132 1317 33 20 att
180 1315 37 22 det
231 1315 48 22 icke
294 1317 24 20 är
333 1317 33 20 att
381 1315 79 27 befara,
477 1318 33 19 att
533 1316 26 21 de
579 1322 41 21 nya
642 1316 106 27 skolorna,
766 1322 33 15 om
816 1315 26 22 de
857 1315 31 21 in-

62 1328 104 48 rättades,
183 1344 69 22 skulle
267 1344 92 22 behöfva
381 1344 43 21 lida
443 1333 57 33 brist
514 1344 28 27 på
558 1344 77 23 elever.
666 1345 62 21 Hvad
744 1345 46 21 åter
805 1343 82 22 beträf-

62 1371 33 23 far
110 1361 205 39 landtdagsmannen
331 1373 112 22 Suutarlas
466 1373 120 27 påstående
607 1375 33 20 att
654 1380 48 15 man
718 1373 7 22 i
740 1373 147 22 folkskolorna

61 1401 49 22 icke
124 1401 32 22 lär
172 1401 33 28 sig
219 1402 19 21 A
253 1402 17 21 B
287 1401 23 27 C,
327 1402 24 21 så
365 1402 40 21 ber
425 1402 38 27 jag
486 1404 33 19 att
541 1402 71 21 såsom
635 1403 43 20 min
699 1402 56 27 åsigt
770 1402 21 21 få
806 1400 80 27 anföra,

63 1432 33 19 att
111 1431 36 20 det
163 1432 24 19 är
199 1431 47 26 just
261 1431 7 21 i
283 1431 26 21 de
332 1430 67 27 högre
422 1430 157 23 förberedande
601 1431 154 27 folkskolorna,
776 1437 45 15 som
837 1436 49 15 man

61 1458 52 22 bäst
128 1459 40 22 och
183 1459 72 22 bättre
271 1461 26 19 än
313 1459 6 21 i
335 1459 170 22 ambulatoriska
522 1459 72 22 skolor
609 1459 42 22 kan
666 1459 95 22 inhemta
777 1459 26 22 de
818 1458 69 21 första

61 1488 121 26 grunderna
197 1488 7 21 i
219 1488 90 26 läsning,
326 1487 39 22 och
383 1487 149 23 erfarenheten
548 1488 39 21 har
603 1489 66 21 också
684 1489 56 21 visat
754 1486 132 27 nödvändig-

61 1515 64 22 heten
142 1516 22 21 af
178 1523 25 15 en
219 1517 67 21 sådan
301 1517 125 26 anordning.
456 1517 44 22 Det
515 1517 39 21 har
567 1517 24 27 ju
608 1517 66 22 också
688 1516 69 23 blifvit
773 1523 25 15 en
814 1515 72 27 praxis

61 1545 34 21 att
109 1545 70 22 lärare
194 1545 69 28 ålagts
279 1547 33 20 att
327 1544 46 23 före
388 1545 163 22 läseterminens
568 1546 75 27 början
659 1546 57 21 hålla
727 1552 25 15 en
764 1544 122 23 småbarns-
