1089 1900
232 139 40 21 182
545 140 12 20 7
572 147 21 19 p.
608 142 80 21 Helmik.

201 204 147 22 införskrifver
363 204 51 28 rysk
428 204 40 22 säd
483 204 41 22 och
539 204 56 22 låter
608 204 83 23 ritorka
702 204 132 26 densamma,
844 203 138 29 hvarigenom
992 204 37 22 det

200 233 42 22 blir
257 233 89 22 alldeles
362 234 96 27 omöjligt
474 235 33 20 att
521 233 64 28 skilja
599 234 42 21 den
656 233 47 22 från
719 233 43 22 den
777 232 70 22 finska
863 233 73 22 säden.
966 232 63 23 Hvad

200 262 48 21 åter
264 261 38 22 det
316 261 108 28 beträffar,
440 263 34 20 att
488 268 49 15 man
553 262 70 21 skulle
639 262 79 27 ålägga
733 261 154 28 bryggerierna
902 263 32 20 att
947 261 33 23 för
990 262 39 21 sitt

200 289 66 23 behof
280 291 98 21 använda
399 290 139 22 uteslutande
557 290 67 22 finskt
638 291 60 25 korn,
715 291 25 21 så
756 292 47 20 tror
818 290 38 27 jag
871 292 33 20 att
919 297 27 15 en
961 291 67 21 sådan

200 319 136 26 bestämning
359 319 69 22 blefve
450 319 33 22 för
505 319 152 28 bryggerierna
678 321 81 26 ytterst
778 319 68 26 odiös,
862 319 66 22 redan
944 319 28 28 på
987 319 41 22 den

199 347 77 27 grund,
292 349 33 20 att
339 347 8 22 i
362 348 47 21 vårt
424 348 50 21 land
489 349 131 26 produceras
636 348 83 27 ganska
733 348 50 21 litet
799 348 59 21 korn.
884 348 43 21 Det
940 350 24 19 är
974 349 54 20 visst

200 376 89 27 möjligt,
306 378 33 19 att
358 377 152 27 bryggerierna
525 377 72 22 kunde
617 377 46 21 från
679 378 50 25 eget
744 376 53 22 land
815 377 173 26 sammanbringa
1003 377 25 21 så

199 405 87 27 mycket
307 405 60 27 korn,
391 412 47 15 som
458 405 28 22 de
504 405 64 22 hafva
589 405 68 22 behof
670 405 26 27 af,
713 412 50 15 men
779 405 29 21 då
822 405 78 22 kornet
913 405 70 22 blefve
999 405 29 27 på

200 433 62 22 detta
277 435 45 20 sätt
336 434 143 27 hopsamladt,
496 434 37 22 det
547 441 41 15 ena
603 435 85 21 tiotalet
703 436 80 19 tunnor
799 434 99 26 härifrån,
913 434 37 22 det
960 433 68 22 andra

200 462 100 27 derifrån,
316 463 25 21 så
356 463 55 27 finge
422 463 151 28 bryggerierna
584 463 124 27 derigenom
719 469 26 16 en
757 463 86 27 mycket
854 463 105 21 olikartad
969 469 58 20 vara,

200 497 46 16 som
262 498 50 15 vore
327 492 81 21 mindre
424 492 87 27 lämplig
526 492 33 21 till
574 491 157 22 ölfabrikation.
758 491 58 22 Från
831 491 109 28 Tyskland
954 491 74 22 kunna

200 520 153 27 bryggerierna
376 521 96 22 deremot
493 521 131 27 inreqvirera
647 521 49 21 hela
716 521 150 26 skeppslaster
881 521 60 24 korn,
958 520 69 21 som
1015 516 16 36 i

200 549 52 28 följd
268 549 23 21 af
304 549 66 22 bland
386 552 64 19 annat
464 549 174 27 klimatologiska
653 549 150 22 förhållanden
819 549 39 22 allt
874 549 85 26 igenom
971 551 24 20 är
1006 549 25 21 af

200 584 82 15 samma
298 578 95 27 gvalitet.
423 579 42 26 Jag
480 578 35 21 vill
531 579 56 21 dock
602 579 47 21 icke
668 580 105 19 motsätta
788 578 44 27 mig
846 578 130 27 petitionens
992 584 34 15 re-

201 607 51 21 miss
268 607 33 20 till
316 607 92 27 utskott,
432 607 68 22 ehuru
513 607 38 28 jag
569 607 67 22 redan
656 607 29 27 pä
699 607 93 21 förhand
807 609 24 19 är
845 606 124 28 öfvertygad
985 613 41 19 om,

201 637 33 20 att
241 636 109 22 utskottet
360 636 47 22 icke
415 636 78 22 förmär
503 636 46 21 lösa
559 635 74 28 frägan
644 636 7 21 i
660 636 37 22 det
707 636 56 27 syfte
774 636 168 27 petitionärerne
951 635 74 22 önska.

270 664 217 27 Landtdagsmannen
509 664 108 28 Hedberg:
647 665 32 21 De
695 665 66 21 ärade
780 665 168 27 petitionärerne
964 663 63 22 hafva

202 693 123 26 naturligen
341 693 46 22 haft
402 694 32 21 till
449 693 98 28 syftemäl
563 696 32 19 att
605 700 78 20 genom
695 694 26 21 de
732 693 123 27 föreslagna
867 693 128 26 ätgärderna
1006 692 22 22 fä

202 721 68 27 priset
284 722 28 27 pä
328 722 97 21 inhemsk
448 722 96 27 spanmäl
560 721 101 28 förhöjdt.
692 722 41 21 Om
754 722 61 21 detta
830 728 50 15 vore
896 721 88 28 möjligt,
1001 722 25 21 sä

200 756 52 16 vore
268 751 36 20 det
319 751 35 21 väl
368 751 39 21 allt
422 751 47 21 skäl
484 753 33 19 att
530 751 93 25 försöka,
636 753 22 25 ty
669 757 35 15 om
717 750 68 22 ocksä
797 750 152 22 brännerierna
958 750 69 21 skulle

200 779 86 21 komma
302 781 32 20 att
349 779 72 22 betala
444 786 58 15 mera
517 779 32 22 för
565 780 38 21 sitt
619 779 104 27 material,
747 779 26 21 sä
788 785 50 16 vore
855 779 60 22 detta
930 779 32 21 för
978 779 48 21 dem

200 807 108 27 likgiltigt,
324 810 22 25 ty
363 808 26 21 de
404 808 73 21 kunde
497 808 23 27 ju
537 808 27 21 dä
579 808 68 27 nägot
668 808 51 27 höja
733 808 70 27 priset
817 808 28 27 pä
860 808 95 21 bränvin.
985 807 42 27 Jag

200 836 39 21 ber
255 836 55 22 dock
326 839 33 19 att
374 837 21 21 fä
417 836 75 23 anföra
507 837 66 27 nägra
595 837 124 21 statistiska
741 836 77 26 siffror,
834 837 72 20 hvilka
921 838 53 25 göra
989 836 37 21 det

200 865 82 26 troligt,
299 867 38 24 att,
354 871 34 16 om
411 865 67 22 ocksä
499 865 179 28 petitionärernas
702 865 132 27 önskningar
852 865 120 27 uppfyldes,
989 865 38 22 det

200 893 24 22 af
238 893 47 22 dem
302 893 89 22 afsedda
407 894 122 21 ändamälet
544 894 55 22 dock
619 895 48 21 icke
683 894 90 21 dermed
789 894 69 21 skulle
873 894 80 21 vinnas.
984 893 42 27 Jag

200 922 39 21 ber
254 923 69 21 tillika
338 929 35 15 om
388 923 82 26 ursäkt,
493 925 32 19 att
537 923 38 27 jag
597 923 109 22 använder
722 922 71 23 siffror
815 922 32 22 för
863 922 47 22 året
927 924 61 25 1880,
1004 924 22 25 ty

199 951 37 26 jag
252 951 39 21 har
313 951 47 22 icke
383 952 67 27 nägra
466 958 74 15 senare
563 952 32 21 till
617 952 49 21 mitt
688 951 133 27 förfogande,
838 951 41 22 och
894 951 7 21 i
916 951 36 22 det
966 953 60 19 stora

200 979 51 22 hela
264 979 113 22 förändrar
389 980 25 27 ju
430 980 61 21 detta
504 981 49 21 icke
569 981 72 20 saken.
673 980 49 21 Med
739 980 67 21 dessa
821 979 69 22 sifiror
905 979 48 22 från
968 981 56 20 1880

200 1008 39 22 ber
252 1008 38 27 jag
305 1010 33 20 att
352 1008 22 22 fä
386 1009 92 27 jemföra
493 1009 278 27 bränvinstillverkningens
788 1008 122 22 nuvarande
919 1008 105 22 tillständ.

220 1043 10 14 r
254 1039 55 19 1887
332 1037 139 22 tillverkades
491 1039 113 24 2,100,000
627 1038 83 21 kannor
733 1037 96 22 bränvin.
861 1037 32 21 En
909 1037 53 22 hvar
978 1043 47 15 som

200 1065 69 27 ligger
283 1066 67 26 nägot
365 1066 49 22 inne
429 1067 6 20 i
452 1067 63 20 dessa
529 1066 154 26 förhällanden,
699 1066 40 21 har
755 1066 56 21 dock
827 1066 57 21 klart
898 1065 32 22 för
941 1066 39 27 sig,
993 1068 33 19 att

201 1094 68 22 under
286 1097 54 19 1888
355 1095 48 22 icke
425 1095 96 21 kommer
536 1097 32 19 att
583 1095 110 21 tillverkas
709 1095 25 21 sä
757 1095 86 27 mycket
858 1095 95 21 bränvin.
982 1094 43 27 Jag

199 1125 93 25 antager
306 1125 33 20 att
363 1125 112 25 1,800,000
497 1124 83 21 kannor
595 1126 24 19 är
635 1123 36 22 det
693 1124 78 26 högsta
786 1123 93 28 möjliga,
896 1129 46 15 som
958 1123 68 21 under

200 1153 56 20 1888
271 1151 97 22 kommer
391 1154 33 19 att
438 1153 100 20 brännas.
568 1152 43 22 För
633 1152 139 27 tillverkning
795 1152 22 21 af
830 1152 65 21 dessa
911 1153 113 25 1,800,000

199 1180 83 21 kannor
303 1180 103 22 behöfves
422 1181 6 21 i
444 1181 64 21 rundt
523 1181 30 21 tal
577 1183 76 24 60,000
669 1183 79 19 tunnor
764 1181 103 26 spanmäl.
898 1180 34 21 Nu
948 1186 38 16 var
1001 1180 24 21 är

201 1210 54 20 1880
272 1209 93 21 skörden
381 1209 28 27 pä
424 1210 38 26 räg
478 1211 113 24 2,447,000
605 1212 78 18 tunnor
698 1209 40 21 och
750 1209 29 27 pä
790 1209 52 21 korn
856 1210 110 25 1,079,000
975 1210 49 21 tun-

199 1242 45 21 nor,
260 1237 84 21 hvilket
358 1238 140 21 tillsammans
514 1240 64 24 utgör
593 1240 114 24 3,526,000
723 1240 86 19 tunnor.
832 1237 28 21 Af
874 1238 60 21 detta
946 1238 78 26 belopp

199 1267 78 25 utgöra
301 1266 65 22 dessa
388 1269 78 23 60,000
489 1269 78 19 tunnor
589 1267 78 21 endast
682 1266 48 28 29/,.
761 1267 110 26 Importen
891 1266 21 21 af
927 1266 98 27 spanmäl

199 1295 101 27 utgjorde
314 1295 34 22 för
364 1295 60 22 detta
440 1295 24 22 är
480 1297 90 24 109,000
586 1297 79 20 tunnor
680 1296 41 21 och
737 1296 115 25 4,500,000
868 1295 42 21 Lö.
934 1295 25 21 D.
975 1301 48 15 v.s.

199 1325 79 24 60,000
294 1325 85 24 tunnor,
396 1330 45 15 som
457 1323 101 23 behöfves
574 1323 33 22 för
622 1324 274 26 bränvinstillverkningen,
912 1323 70 22 skulle
990 1325 34 19 ut-

198 1353 53 25 göra
274 1352 78 22 endast
376 1353 55 26 15%
454 1352 22 22 af
496 1353 112 26 importen.
639 1353 42 21 Det
703 1355 24 19 är
747 1353 49 21 icke
818 1352 107 27 tänkbart,
942 1353 33 20 att
990 1357 34 16 om

198 1380 65 21 dessa
279 1383 77 23 60,000
380 1383 78 20 tunnor
480 1381 68 22 mäste
570 1381 113 27 uppköpas
705 1381 58 22 inom
786 1381 80 25 landet,
890 1381 47 21 dei
953 1380 71 27 nägon

198 1410 118 21 nämnvärd
332 1410 52 26 grad
400 1410 70 21 skulle
488 1409 68 22 förmå
571 1410 50 27 höja
643 1410 68 27 priset
726 1409 29 28 pä
770 1409 99 22 inhemsk
884 1409 45 27 säd,
945 1411 22 25 ty
976 1409 48 21 der-

197 1437 33 22 till
239 1439 78 25 utgöra
326 1439 26 21 de
361 1445 26 15 en
399 1438 72 22 alltför
483 1439 60 26 ringa
552 1438 34 22 del
595 1438 22 21 af
628 1438 271 27 spanmälsproduktionen
910 1437 40 22 och
960 1443 63 21 span-

197 1467 170 27 mälsimporten.
395 1467 49 21 Men
458 1473 33 16 om
504 1473 48 15 man
564 1467 48 22 icke
620 1468 75 21 vinner
708 1467 38 22 det
754 1467 98 27 äsyftade
861 1466 129 26 ändamälet,
999 1467 25 20 sä

196 1494 34 22 fär
239 1501 49 16 man
305 1495 56 22 dock
376 1495 46 22 helt
432 1496 74 21 säkert
516 1496 7 21 i
534 1496 69 26 dagen
614 1495 117 28 nägonting
743 1498 66 19 annat
819 1496 72 21 säsom
901 1495 93 21 resultat
1004 1495 22 22 af

197 1523 65 22 dessa
271 1524 108 27 ätgärder,
386 1525 40 21 och
433 1524 37 22 det
478 1526 29 19 är:
517 1524 249 27 lagöfverträdelser
726 1519 35 37 och
775 1524 143 21 trakasserier
925 1523 7 22 i
939 1524 84 27 mängd.

196 1551 42 28 Jag
250 1553 42 21 kan
302 1553 48 22 icke
360 1553 112 22 föreställa
483 1553 48 27 mig,
545 1555 33 20 att
588 1553 121 22 kontrollen
721 1553 60 22 öfver
793 1552 156 23 efterlefnaden
959 1552 23 22 af
991 1555 33 20 ett
