1089 1731
385 119 25 19 14
425 126 19 17 p.
460 118 81 20 Helmik.
819 118 41 21 323

132 183 114 23 Edusmies
262 183 97 23 Alastalo
375 183 99 22 kannatti
489 182 133 27 anomuksia,
633 182 157 22 huomauttaen
803 182 87 22 erittäin

63 212 57 26 siitä,
137 214 46 20 että
198 212 48 22 olisi
267 213 42 21 sitä
333 214 111 20 enemmän
467 214 62 26 syytä
550 213 104 26 perustaa
675 210 215 29 maanviljelyskoulu

62 241 170 27 Itä-Karjalaan,
248 241 43 21 kun
307 242 146 21 vakuutetaan
476 242 83 20 kansan
583 240 62 22 siellä
668 240 75 22 olevan
763 240 44 22 niin
824 239 66 23 alhai-

63 270 55 22 sella
133 270 108 27 kannalla,
258 270 90 22 etteivät
370 270 119 22 sekäläiset
511 276 53 16 osaa
587 269 52 23 edes
662 269 132 22 kunnollista
809 269 81 27 lapiota

63 298 74 23 tehdä.

132 333 115 23 Päätös:

131 368 214 28 Julki-äänestyksen
374 368 77 22 kautta
474 368 66 27 Sääty
570 367 115 22 valtavalla
713 369 78 20 äänten
822 374 69 16 enem-

63 397 95 51 rs
180 397 77 23 lähetti
280 397 175 27 puheen-alaiset
478 396 128 23 anomukset
625 396 102 22 Yleiseen
746 396 144 22 valitusvalio-

79 428 87 20 untaan.

132 524 89 22 Kokous
237 524 83 28 päättyi
335 524 44 22 k:lo
394 525 40 27 2,35
447 525 16 27 j.
481 531 41 21 p.p.

283 725 98 24 Samana
397 725 96 29 päivänä
509 725 44 24 k:lo
568 726 14 23 6
597 725 17 29 j.
630 731 41 23 p.p.

132 783 111 22 Esitettiin
259 783 146 22 edusmiesten
420 783 145 28 Rosenbergin
577 783 24 28 ja
613 783 98 22 Vähälän
727 783 101 28 tekemät,
840 783 49 22 näin

63 812 106 22 kuuluvat
184 812 232 23 anomusehdotukset:

265 882 40 22 Till
321 883 36 21 det
372 882 137 23 hedervärda
523 881 170 23 Bondeständet.

132 934 70 22 Bland
218 935 26 21 de
259 935 77 27 mänga
351 934 78 28 frägor,
445 941 47 16 som
507 935 123 26 föreläggas
646 933 86 22 landets
749 933 87 22 ständer
848 932 40 22 och

64 963 72 21 hvilka
151 962 72 28 frågor
238 963 6 22 i
260 963 117 23 allmänhet
391 964 64 22 hafva
470 964 33 21 till
519 963 100 28 syftemål
642 963 86 22 landets
747 962 86 27 andliga
848 961 41 22 och

63 991 120 22 materiella
205 993 130 26 utveckling,
356 993 62 22 torde
438 993 22 21 få
479 999 34 16 om
529 999 38 16 ens
583 992 71 27 någon
670 998 51 16 vara
736 991 23 22 af
773 991 40 22 den
829 991 61 26 bety-

65 1020 66 26 delse,
157 1021 124 27 isynnerhet
305 1021 33 22 för
352 1021 173 28 Bondeståndet,
542 1027 45 16 som
604 1021 75 27 frågan
695 1027 35 15 om
745 1019 145 23 folkskolevä-

64 1049 79 22 sendet
156 1050 28 27 på
200 1050 80 21 landet.

132 1078 39 22 Att
186 1078 107 23 härintills
317 1086 26 15 en
365 1079 42 27 god
430 1079 82 28 början,
528 1085 49 16 men
598 1079 67 21 också
681 1078 76 22 endast
773 1084 25 15 en
813 1077 77 27 början

64 1109 23 19 är
103 1107 62 27 gjord
181 1107 33 22 till
228 1107 170 28 förverkligande
414 1108 22 22 af
449 1108 170 27 andemeningen
635 1107 32 22 uti
684 1109 54 20 1866
754 1107 35 21 års
804 1106 26 21 N.
846 1105 43 22 för-

64 1136 90 26 ordning
170 1142 33 16 om
220 1143 26 15 en
262 1137 78 21 allmän
355 1136 142 28 folkbildning
512 1137 7 21 i
529 1137 91 22 Finland
635 1136 95 27 framgår
744 1135 65 22 bland
826 1136 65 20 annat

64 1164 66 26 deraf,
142 1166 33 20 att
189 1165 96 28 omkring
300 1165 112 23 hundrade
427 1166 127 22 kommuner
569 1168 57 19 ännu
640 1165 46 22 helt
696 1165 40 22 och
747 1164 67 22 hållet
823 1163 68 22 sakna

63 1192 108 23 folkskola
186 1196 56 19 samt
257 1196 32 20 att
305 1195 27 22 de
348 1195 72 21 skolor
435 1201 48 16 som
498 1197 37 20 äro
551 1195 7 21 i
574 1194 138 22 verksamhet
727 1195 36 20 äro
779 1193 7 22 i
802 1193 88 21 allmän-

63 1221 38 22 het
115 1221 26 22 så
155 1222 49 22 litet
227 1223 96 28 besökta,
340 1225 33 20 att
387 1223 56 22 blott
459 1230 27 15 en
501 1224 62 27 ringa
579 1223 34 22 del
629 1223 22 21 af
669 1223 53 21 barn
737 1223 7 21 i
759 1221 131 26 skolåldern,

64 1250 53 23 eller
139 1251 79 22 endast
240 1252 97 27 omkring
360 1251 41 29 6!/>
421 1254 92 25 procent
535 1255 37 19 äro
588 1252 7 21 i
611 1251 126 28 åtnjutande
760 1251 22 22 af
801 1251 41 21 den
858 1249 34 22 för

63 1279 74 28 hvarje
153 1280 112 22 menniska
281 1281 24 21 så
321 1281 135 27 nödvändiga
472 1281 87 27 andliga
574 1280 134 28 uppfostran,
720 1286 45 16 som
782 1281 39 26 gör
831 1278 61 22 lifvet

64 1308 40 22 och
119 1308 93 28 kampen
227 1309 33 22 för
279 1309 99 22 tillvaron
401 1310 128 27 drägligare,
546 1310 53 21 eller
613 1309 50 22 med
679 1309 66 22 andra
761 1308 45 25 ord,
823 1309 69 20 sätter

63 1337 70 21 henne
137 1333 15 38 i
171 1337 85 22 tillfälle
279 1338 32 21 till
334 1339 78 21 lättare
435 1338 179 28 sjelfförsörjning
637 1338 41 22 och
697 1338 92 22 sålunda
805 1337 88 21 säkrast

64 1366 95 27 skyddar
174 1366 70 22 henne
259 1368 45 20 mot
318 1366 112 23 frestelser
445 1367 41 22 och
503 1367 66 22 brott.

134 1394 99 22 Orsaken
248 1395 33 21 till
297 1396 61 21 detta
373 1396 131 22 nedslående
519 1396 135 22 förhållande
670 1397 24 20 är
710 1395 45 22 dels
772 1394 121 28 liknöjdbet

65 1423 39 21 och
127 1423 140 27 okunnighet,
291 1424 46 22 dels
360 1425 40 21 den
424 1426 61 20 stora
506 1424 121 28 fattigdom,
645 1430 46 16 som
711 1426 24 20 är
749 1423 96 22 rådande
860 1422 33 21 uti

65 1451 77 27 många
158 1452 60 22 delar
233 1452 24 22 af
270 1452 47 22 vårt
332 1453 57 27 glest
410 1454 101 21 bebodda
532 1453 50 22 land
603 1453 40 22 och
658 1459 46 15 som
720 1454 38 26 gör
774 1452 37 22 det
826 1450 66 27 svårt,

61 1480 24 32 ja
100 1480 67 22 oftast
182 1481 97 27 omöjligt
293 1481 33 22 för
346 1481 135 23 föräldrarna
504 1484 33 20 att
551 1482 28 28 på
595 1482 26 22 de
637 1482 63 26 långa
715 1483 94 25 vägarna
824 1479 70 22 sända

65 1514 46 16 sina
126 1509 53 22 barn
195 1510 32 21 till
243 1510 27 22 de
285 1510 56 22 fasta
357 1510 107 22 skolorna.
497 1511 46 21 Och
565 1510 134 23 beträffande
718 1510 27 22 de
759 1510 133 25 kommuner,

64 1543 46 15 som
133 1540 57 20 ännu
213 1539 68 22 sakna
303 1539 74 22 skolor
399 1540 62 22 torde
485 1540 93 22 orsaken
597 1540 44 21 lika
657 1539 44 22 ofta
716 1545 50 16 vara
781 1537 112 23 bristande
