1089 1745
403 129 25 20 14
443 136 18 17 p.
477 128 81 20 Helmik.
831 129 41 20 297

72 192 127 23 Stockholm
221 192 41 22 och
277 187 54 28 Åbo.
362 193 33 21 Då
418 193 121 22 emellertid
563 193 60 22 detta
646 193 79 22 härads
749 193 152 28 innebyggare,

72 221 73 22 hvilka
165 227 77 21 genom
265 222 26 21 de
306 222 7 21 i
328 221 43 28 hög
394 222 54 26 grad
471 221 86 28 tryckta
579 221 253 28 sjöfartsförhållandena
854 221 47 22 lidit

73 250 64 21 svåra
151 249 107 26 förluster,
275 257 88 15 numera
378 249 69 23 blifvit
469 250 118 22 hänvisade
611 252 78 20 nästan
711 251 139 22 uteslutande
869 250 33 21 till

73 279 140 22 landtbruket
228 279 40 21 och
283 279 224 26 ladugårdsskötseln,
524 279 49 22 dem
589 279 26 21 de
631 279 62 22 äfven
715 279 71 28 börjat
806 281 32 20 att
853 279 50 21 med

74 309 71 20 större
159 307 93 22 intresse
268 307 95 25 omfatta,
381 308 68 21 sakna
471 307 74 27 hvarje
565 307 112 28 möjlighet
693 308 31 21 till
741 309 70 27 någon
827 307 75 23 afsätt-

73 337 52 27 ning
139 336 46 23 från
200 336 122 22 November
337 336 31 21 till
385 336 42 27 Maj
445 337 42 21 och
502 336 86 22 således
604 337 48 21 icke
668 336 73 22 kunna
756 337 66 22 tänka
836 337 29 28 på
875 343 27 16 en

74 365 102 27 tidsenlig
191 365 209 27 mejerihandtering,
417 368 22 25 ty
455 371 50 16 man
521 365 42 22 kan
579 365 18 27 ej
608 365 7 21 i
626 365 39 22 vår
675 365 32 22 tid
721 365 50 22 täfla
782 366 28 27 på
821 365 83 23 verlds-

74 395 132 22 marknaden
221 393 49 22 med
287 393 128 28 exempelvis
432 393 55 22 haflt
503 394 35 21 års
554 393 104 28 gammalt
673 395 64 20 smör.

143 422 128 22 Fastlandet
285 422 39 21 har
339 423 31 21 uti
387 423 40 21 den
443 423 50 21 med
517 423 127 21 statsmedel
668 422 142 22 åstadkomna
825 423 78 21 vinter-

75 450 304 28 ångbåtskommunikationen
401 451 80 22 mellan
497 451 76 26 Hangö
589 451 41 22 och
647 450 126 23 Stockholm
791 451 90 21 kommit
896 451 6 21 i

75 480 127 27 åtnjutande
217 479 22 22 af
253 486 26 14 en
295 482 46 19 stor
356 479 40 22 och
412 480 35 22 väl
467 479 92 28 behöflig
579 480 84 21 lättnad
679 480 32 22 för
726 480 125 27 isynnerhet
865 479 39 21 vår

74 508 205 28 mejerihandtering
295 508 40 22 och
349 508 100 22 industri.
473 509 33 21 En
523 508 57 28 dylik
595 509 6 21 i
617 509 84 21 mindre
717 508 60 22 skala
793 508 111 22 anordnad

74 537 255 22 vinterkommunikation
350 539 23 19 är
393 539 32 20 ett
447 536 106 23 lifsvilkor
573 536 33 23 för
621 532 76 31 Åland,
713 544 47 16 som
780 537 33 23 för
828 539 76 20 närva-

75 566 67 22 rande
157 566 48 22 icke
221 568 51 24 äger
287 566 111 27 möjlighet
413 566 33 21 till
461 566 120 27 afsättning
597 566 21 21 af
632 566 47 22 sina
694 566 125 27 produkter.
842 566 62 21 Fast-

75 595 75 21 landet
164 595 40 21 har
219 595 46 21 sina
287 594 84 22 städers
393 596 55 26 torg,
465 596 40 21 der
519 595 153 22 landtmannen
688 595 6 21 i
711 595 111 22 behofvets
839 594 66 22 stund

75 624 44 22 kan
134 623 32 21 till
182 624 117 26 penningar
314 623 112 22 förvandla
441 624 49 21 sina
505 624 127 26 ladugärds-
649 624 40 21 och
705 624 199 28 mejeriprodukter,

76 652 82 22 hvilket
173 652 33 22 för
221 652 126 27 äländingen
364 654 25 19 är
404 658 26 16 en
447 652 133 28 omöjlighet.

146 681 50 21 Med
212 687 25 15 en
253 680 67 22 sädan
337 681 186 22 kommunikation
543 681 72 22 kunde
632 680 61 23 äfven
709 683 49 25 post
774 681 39 22 och
829 687 75 21 passa-

77 716 76 20 gerare
168 709 111 22 befordras
303 710 40 21 och
359 710 126 27 derigenom
501 710 27 22 de
545 710 106 21 äländska
673 712 144 25 postrotarne,
834 710 72 21 hvilka

76 744 29 16 nu
121 739 7 21 i
143 738 47 22 sina
205 738 110 26 bräckliga
331 739 71 27 öppna
417 739 116 27 postbätar
548 739 79 27 kämpa
641 739 18 27 ej
677 738 67 22 sällan
759 738 33 22 för
802 738 61 22 lifvet
873 738 33 21 för

76 768 89 26 postens
188 766 166 22 framskaffande
376 767 69 22 under
461 768 42 21 den
527 767 53 22 allra
599 768 82 21 största
697 767 61 22 delen
774 767 23 22 af
811 767 47 22 året
874 767 31 21 in-

78 796 85 26 dragas.

146 824 73 27 Ingen,
231 830 46 16 som
293 824 18 27 ej
329 824 48 27 sjelf
392 824 70 22 under
477 824 141 22 menförestid
635 824 70 28 ätföljt
719 826 98 26 postrota
828 824 78 22 mellan

78 847 69 27 Äland
163 853 40 21 och
220 852 147 22 Grisslehamn
382 853 53 22 eller
469 854 34 25 Åbo,
519 854 43 21 kan
577 853 112 22 föreställa
703 854 34 26 sig
753 853 26 21 de
795 853 111 22 vedermö-

78 881 40 22 dor
133 887 46 16 som
195 881 74 22 dervid
284 881 77 22 utstäs.
392 881 51 22 Men
467 882 28 21 dä
518 881 195 28 postinrättningen
737 883 24 20 är
775 888 26 15 en
817 882 89 21 statsin-

78 910 107 26 stitution,
202 910 25 21 sä
241 910 40 22 bör
297 910 41 21 den
361 910 58 27 sörja
440 910 34 22 för
498 911 50 21 dess
571 910 116 22 befordran
705 911 28 27 pä
748 913 32 19 ett
795 910 113 26 tidsenligt

78 940 45 20 sätt
138 939 40 21 och
193 939 48 21 icke
256 939 27 27 pä
299 939 38 22 det
359 939 142 27 antigverade
517 941 51 24 sätt,
592 945 47 16 som
659 946 28 15 nu
703 939 32 22 till
752 946 26 15 en
794 939 43 22 viss
854 938 54 27 grad

79 969 24 20 är
117 967 149 26 förhällandet,
283 967 40 22 och
345 967 83 22 hvilket
450 968 93 27 troligen
564 970 24 19 är
603 970 85 19 ensamt
704 968 91 22 stäende
810 967 32 22 uti
858 967 50 22 hela

79 996 42 21 den
136 996 135 22 civilicerade
288 996 93 22 verlden.

147 1025 42 26 Jag
204 1025 81 21 tilläter
300 1025 43 27 mig
358 1025 85 22 derföre
459 1027 33 20 att
508 1025 39 22 hos
565 1025 36 22 det
620 1025 136 22 hedervärda
771 1024 136 23 Bondestän-

81 1053 37 22 det
133 1054 110 21 vördsamt
259 1053 85 22 anhälla
359 1059 34 16 om
417 1053 114 23 aflätande
546 1054 33 21 till
594 1054 59 21 Hans
668 1054 121 27 Kejserliga
805 1053 103 27 Majestät

81 1081 23 23 af
118 1088 26 16 en
160 1083 133 27 underdänig
307 1083 91 27 petition
415 1083 86 22 derom:

252 1124 31 20 att
306 1123 27 27 af
346 1123 123 21 statsmedel
492 1125 28 19 ett
544 1123 120 27 tillräckligt
686 1123 116 21 understöd
824 1122 85 27 beviljas

184 1152 99 26 antingen
298 1151 81 22 enskild
390 1158 81 20 person
487 1152 48 21 eller
551 1152 159 27 ängbätsbolag,
727 1159 44 14 som
787 1151 66 22 skulle
866 1152 43 25 för-

183 1180 64 22 binda
261 1180 33 27 sig
315 1182 32 20 att
368 1180 68 22 under
459 1180 200 22 vintermånaderna
682 1180 124 22 underhålla
820 1180 90 27 regulier

184 1208 62 27 trafik
262 1208 31 22 till
315 1209 140 26 befordrande
472 1210 28 26 af
506 1212 58 24 post,
579 1209 54 27 gods
649 1209 37 22 och
704 1216 141 20 passagerare
867 1208 43 21 icke

184 1237 51 21 blott
257 1237 48 21 med
325 1238 58 26 fasta
408 1238 97 21 Finland
525 1238 36 22 och
580 1231 75 28 Åland
669 1240 52 20 utan
736 1238 63 27 äfven
815 1237 37 22 och
862 1237 48 26 huf-

184 1266 145 27 vudsakligast
343 1266 76 22 mellan
429 1260 76 28 Åland
520 1267 36 21 och
573 1266 90 28 Sverige,
681 1266 100 22 eventuelt
792 1266 119 22 Stockholm

184 1294 47 21 eller
245 1294 62 27 Harg
317 1295 186 27 jernvägsstation
517 1296 37 20 vid
569 1295 154 22 Grisslehamn.

149 1339 142 28 Helsingfors,
308 1341 41 21 den
365 1342 24 20 31
407 1340 93 22 Januari
517 1343 60 19 1888.

631 1386 21 22 C.
671 1386 26 22 G.
713 1387 127 26 Rosenberg.

150 1466 152 22 Edusmiesten
317 1466 112 21 Avellanin
442 1467 25 27 ja
482 1467 130 22 Forsmanin
627 1468 121 27 pyynnöstä
763 1465 81 29 pantiin
861 1471 51 16 ano-

81 1494 86 22 mukset
182 1495 100 27 pöydälle
298 1495 46 22 ensi
359 1495 120 22 istuntoon.
