1089 1731
227 122 42 20 320
542 124 27 20 14
584 130 19 18 p.
619 124 81 18 Helmik,

199 187 86 27 mening
308 189 33 20 att
363 187 22 22 få
407 187 42 22 den
464 188 7 21 i
487 188 120 27 petitionen
630 187 98 27 åsyftade
743 186 78 22 skolan
836 186 120 23 till:stånd.
985 187 44 22 Det

198 215 101 23 förvånar
314 215 50 28 mig,
381 217 33 20 att
428 216 7 21 i
450 216 85 23 landets
557 216 139 23 bondeständ
718 217 72 20 röster
812 215 52 28 höja
886 216 34 26 sig
942 217 45 20 mot
1002 222 26 15 en

196 245 192 27 jordbruksskolas
403 245 130 27 inrättande,
550 245 29 22 dä
592 245 121 28 petitionen
729 244 120 27 uppträder
863 245 49 21 med
928 245 25 21 sä
967 245 61 27 blyg-

198 279 83 16 samma
300 273 94 28 anspråk
416 279 47 16 som
479 275 77 21 denna.
586 274 28 21 Vi
628 273 64 22 hafva
707 273 40 22 här
761 273 8 21 i
784 275 32 20 ett
831 279 39 21 par
885 273 67 27 dagar
966 273 63 22 hållit

198 302 29 27 pä
241 304 33 19 att
290 302 111 22 diskutera
416 309 34 15 om
470 303 103 27 ätgärder
587 303 34 22 för
636 302 38 22 vär
689 302 165 27 modernärings
870 302 159 27 upphjelpande

199 331 41 21 och
255 331 38 21 det
314 331 40 21 har
375 331 135 28 framhällits,
526 333 33 20 att
574 337 27 16 en
617 331 24 22 sä
657 332 46 20 stor
719 331 35 22 del
770 330 23 22 af
810 330 70 23 folket
893 331 63 21 idkar
968 331 60 27 jord-

198 359 62 27 bruk,
276 360 33 21 att
324 359 61 22 detta
399 360 7 21 i
422 361 75 27 sjelfva
510 361 77 21 verket
610 360 43 21 kan
674 359 69 22 kallas
759 359 85 22 landets
865 359 162 28 hufvudnäring.

198 388 43 22 För
256 388 121 22 inlärandet
392 388 23 22 af
428 390 70 21 denna
512 389 166 26 hufvudnäring,
689 388 34 22 för
738 388 53 22 vära
803 388 224 27 jordbruksläroverk,

198 417 40 22 har
253 423 48 15 man
324 417 48 22 icke
393 420 72 20 ansett
487 419 33 25 sig
542 418 74 21 kunna
639 417 53 22 offra
714 423 47 15 mer
784 419 25 19 än
836 419 91 25 186,000
947 417 42 21 mk.
1006 416 24 22 af

199 445 66 22 dessa
280 445 60 28 afgär
355 448 77 24 99,000
447 447 44 22 mk.
506 447 33 22 för
554 446 105 22 Mustiala
674 445 41 22 och
731 445 129 28 Kronoborg
881 446 40 21 och
936 446 92 21 ätersto-

199 475 42 21 den
259 475 33 21 till
307 475 26 21 de
349 475 82 22 mindre
447 476 108 21 skolorna.
586 475 36 21 Nu
637 475 36 21 vill
688 481 50 15 man
753 476 107 20 motsätta
874 475 34 26 sig
922 475 104 21 inrättan-

199 503 38 22 det
252 503 23 22 af
289 509 26 16 en
331 504 68 21 sädan
414 505 59 27 billig
483 504 131 26 institution,
625 504 64 21 hvars
705 503 151 22 beskaffenhet
869 503 38 28 jag
922 503 47 22 icke
979 505 49 20 när-

199 538 59 16 mare
274 532 57 22 velat
346 533 126 26 bestämma,
487 539 48 16 men
551 539 48 15 som
613 533 45 20 lika
673 538 67 21 gerna
755 532 43 21 kan
813 532 67 21 varda
895 531 133 23 modellfarm

199 567 47 15 som
266 561 59 27 lägre
338 561 175 27 jordbrukskola.
542 562 43 26 Jag
601 563 46 20 tror
662 561 56 26 icke,
735 562 34 20 att
785 561 61 21 detta
861 561 108 21 motstånd
985 561 43 21 kan

199 596 52 15 vara
265 590 96 26 allmänt,
374 591 39 21 och
429 591 67 27 vägar
507 590 73 22 derför
595 589 114 22 hemställa
725 589 34 22 till
769 589 101 22 Finlands
885 589 142 27 bondeständ,

199 620 33 19 att
247 618 38 22 det
308 619 68 21 mätte
392 621 51 26 taga
467 620 40 21 den
530 620 84 26 hänsyn
636 619 32 21 till
691 618 164 27 ifrägavarande
879 619 97 26 petition,
995 620 33 19 att

200 647 124 22 densamma
346 648 123 22 remitteras
491 648 32 21 till
540 648 92 26 utskott,
649 647 40 22 och
712 647 98 22 kommer
834 647 40 22 den
890 647 84 27 engäng
989 647 38 26 dit,

200 675 25 22 sä
243 675 56 22 skall
321 677 108 22 utskottet
451 677 46 22 helt
512 677 55 22 visst
582 677 73 21 kunna
678 675 75 27 afgöra
769 681 36 16 om
827 675 145 28 inrättningen
987 676 41 21 bör

199 703 66 23 blifva
281 711 26 15 en
322 705 191 22 landtbruksskola
528 705 53 22 eller
595 704 141 22 modellfarm.
760 705 48 21 Mot
820 705 208 26 landtdagsmannen

200 733 109 22 Grönroos
324 734 37 21 vill
373 734 38 27 jag
427 735 108 25 anmärka,
551 735 34 20 att
597 734 38 27 jag
650 733 119 27 ingalunda
784 735 55 25 sagt,
856 735 32 19 att
904 733 124 22 karelarena

199 767 52 17 vore
266 768 59 21 apor,
341 763 43 21 lika
399 763 48 22 litet
463 769 46 16 som
523 763 44 22 min
583 768 115 21 sagesman
715 764 50 24 sagt
781 762 68 21 detta.
871 761 42 28 Jag
924 762 38 21 har
972 762 56 21 blott

199 791 78 22 citerat
293 793 32 20 ett
338 791 103 22 utalande
456 792 7 21 i
479 792 120 21 skämtsam
614 791 53 21 form
683 790 24 22 af
721 797 26 15 en
763 802 28 3 —
806 791 104 22 karelare.

269 820 115 21 Edusmies
400 821 107 21 Niemelä:
521 820 95 22 Kaikille
630 819 237 28 Talonpoikaissäädyn
880 819 103 28 jäsenille
1000 825 28 16 on

198 848 71 27 tietty,
285 848 81 22 kuinka
381 849 72 28 paljon
468 849 126 22 kelvollisen
616 848 169 27 maanviljelijän
808 848 114 21 esimerkki
938 848 88 27 paikka-

199 877 102 21 kunnalla
315 877 118 22 vaikuttaa.
463 878 115 21 Varsinkin
592 877 35 27 jos
643 877 42 21 hän
707 877 198 27 parannuksistaan
922 883 38 15 saa
975 876 52 27 hyö-

199 907 42 25 tyä,
258 908 115 19 seuraavat
389 907 66 21 toiset
469 907 70 21 hänen
555 906 166 26 esimerkkiään,
735 905 120 28 järjestäen
871 905 156 27 maanviljelys-

199 935 52 20 tään
266 940 87 16 samaan
369 937 86 26 tapaan.
485 935 38 22 Jos
541 937 37 25 nyt
601 935 168 27 kysymyksessä
792 934 86 21 olevilla
893 934 133 27 paikkakun-

198 962 51 22 nilla
265 963 20 21 ei
301 963 33 22 ole
350 964 107 21 olemassa
472 964 94 21 tällaisia
581 963 165 27 mallikelpoisia
761 963 74 27 taloja,
847 965 50 19 ovat
912 963 61 21 esillä
983 963 44 21 ole-

198 993 37 20 vat
249 992 128 22 anomukset
392 993 77 27 tehdyt
484 995 90 24 tarpeen
589 992 180 25 vaatimuksesta,
783 992 24 26 ja
823 991 57 22 minä
894 991 78 21 katson
984 991 42 22 ole-

197 1026 41 15 van
253 1021 129 27 paikallaan,
398 1023 46 20 että
458 1022 72 21 näihin
546 1021 165 28 paikkakuntiin
726 1020 174 27 perustettaisiin
911 1020 53 27 joku
975 1019 52 22 mal-

197 1048 68 27 litalo,
283 1049 29 21 tai
328 1051 46 20 että
394 1050 111 27 jollekulle
527 1049 133 28 yksityiselle
683 1049 140 21 annettaisiin
839 1049 137 21 valtiolainaa
996 1048 43 22 tai

197 1083 95 16 suoraan
308 1079 139 26 valtio-apua,
466 1079 57 27 jotta
541 1079 43 21 hän
600 1078 55 21 voisi
677 1077 87 22 talonsa
787 1077 76 22 laittaa
886 1077 140 22 semmoiseen

199 1105 104 27 kuntoon,
321 1109 46 19 että
382 1113 24 16 se
421 1108 48 21 olisi
489 1107 118 22 esikuvana
629 1106 150 22 lähiseudulle.
809 1106 115 21 Kannatan
939 1106 88 21 sentäh-

197 1135 42 21 den
255 1137 128 20 anomusten
398 1136 148 21 lähettämistä
561 1135 160 22 valiokuntaan.

266 1164 115 22 Edusmies
397 1165 125 22 Meurman:
548 1164 70 27 Hyvin
632 1164 103 27 joutavaa
750 1163 72 22 lienee
837 1163 135 22 keskustella
987 1163 39 21 mi-

197 1197 44 15 nun
264 1192 283 27 johdonmukaisuudestani
572 1193 31 21 tai
626 1192 242 28 johdonmukaisuuden
893 1194 132 25 puutteesta,

197 1222 71 23 mutta
290 1221 73 22 minun
385 1224 74 26 täytyy
473 1222 112 22 kuitenkin
601 1222 113 26 ilmoittaa,
730 1223 48 19 että
796 1221 44 21 kun
856 1220 96 22 ehdoitin
967 1221 60 21 näitä

197 1249 98 21 edellisiä
311 1251 126 21 anomuksia
453 1252 156 26 maakaupasta
624 1249 164 23 lähetettäviksi
803 1249 159 27 valiokuntaan,
981 1250 45 21 niin

197 1278 58 21 minä
270 1280 60 25 myös
346 1280 79 21 annoin
447 1280 69 22 siihen
539 1281 55 25 syyt.
625 1279 58 21 Minä
698 1278 84 26 sanoin,
797 1280 46 19 että
858 1278 82 27 yleinen
956 1280 70 25 tyyty-

196 1308 130 26 mättömyys
350 1314 27 15 on
398 1308 107 22 olemassa
526 1308 72 21 näistä
620 1307 114 27 suhteista,
755 1307 56 27 joita
834 1309 73 19 nämät
929 1312 98 16 anomus-

197 1335 133 22 ehdotukset
345 1336 112 28 koskevat,
472 1338 47 27 jota
533 1339 90 19 vastaan
639 1336 20 22 ei
675 1336 34 22 ole
725 1336 107 21 suinkaan
842 1335 86 21 millään
938 1337 89 19 muotoa

197 1363 104 25 tiedossa,
317 1366 47 20 että
379 1365 88 22 hallitus
483 1366 48 21 olisi
545 1367 115 25 myöntyvä
671 1365 52 21 niitä
733 1364 148 27 korjaamaan.
904 1364 55 21 Näin
970 1364 56 21 ollen

197 1398 28 15 on
241 1392 37 22 siis
294 1393 61 21 aivan
373 1394 78 26 oikein,
468 1396 45 20 että
535 1396 62 24 sääty
613 1395 65 20 antaa
700 1395 67 20 ääntä
787 1393 24 27 ja
833 1393 131 21 kannatusta
979 1392 47 22 sille

196 1420 97 27 yleiselle
309 1423 242 27 tyytymättömyydelle,
565 1423 48 26 jota
629 1422 18 22 ei
663 1422 108 22 ainakaan
793 1422 83 21 tiedetä
896 1421 130 21 hallituksen

197 1449 116 23 huomioon
329 1451 108 21 tulleeksi.
469 1452 48 21 Kun
533 1451 56 21 minä
605 1453 47 19 taas
668 1452 116 20 vastustan
799 1450 62 22 esillä
876 1450 82 21 olevain
974 1456 52 15 ano-

196 1480 87 20 musten
305 1479 150 22 lähettämistä
471 1480 160 26 valiokuntaan,
654 1480 44 20 niin
713 1486 24 15 se
761 1479 107 27 tapahtuu
888 1478 48 22 sillä
951 1484 75 22 perus-

197 1507 100 26 tuksella,
314 1510 47 19 että
376 1508 59 22 minä
449 1509 73 21 luulen
538 1509 60 21 näitä
613 1508 88 28 kouluja
717 1508 95 21 toimeen
823 1509 103 20 saatavan
936 1507 91 22 muulla-

195 1535 37 21 kin
247 1536 60 22 lailla
322 1536 53 22 kuin
398 1538 98 28 säätyjen
519 1537 154 22 anomuksella.
703 1536 117 22 Edusmies
836 1536 123 27 Hedbergin
974 1536 52 22 mie-
