1089 1745
395 111 25 19 11
436 117 20 19 p.
472 111 82 19 Helmik.
827 111 41 20 231

67 187 28 4 —
111 175 26 22 sä
151 175 70 22 mäste
234 181 50 16 man
298 175 111 27 verkligen
428 174 64 27 fräga
511 174 44 27 sig:
581 173 57 22 hvad
653 174 74 22 kunna
741 175 22 21 vi
778 175 120 27 producera

67 204 56 22 efter
140 205 26 20 10
182 203 13 22 a
211 205 25 20 15
253 203 37 22 är?
304 216 28 3 —
347 203 43 27 Jag
404 203 59 21 skall
486 203 94 26 försöka,
596 202 26 22 sä
643 203 88 28 mycket
742 203 39 28 jag
796 203 37 22 det
846 203 52 26 kan,

65 234 37 20 att
116 232 50 21 med
181 238 81 15 samma
277 232 76 27 siffror,
369 238 47 15 som
431 232 211 27 landtdagsmannen
657 232 103 22 Duncker
775 231 101 26 användt,
890 231 8 22 i

68 261 27 22 de
120 261 155 26 väsentligaste
304 261 60 21 delar
391 260 134 28 vederlägga
553 260 85 22 honom.
678 261 220 27 Landtdagsmannen

69 289 102 22 Duncker
186 289 39 22 har
240 289 76 26 anfört,
332 291 33 20 att
380 289 20 22 vi
415 289 66 22 hafva
497 291 78 25 57,450
584 289 151 27 jordbrukare,
751 296 47 15 som
815 295 40 21 ega
872 290 26 20 10

68 318 33 21 till
117 320 28 20 50
161 318 103 21 tunnland
284 318 111 21 bebrukad
412 317 59 28 jord,
488 318 41 21 och
547 319 83 25 10,276,
647 323 46 16 som
709 324 40 21 ega
765 319 28 21 50
807 318 33 22 till
856 319 42 20 200

68 347 112 22 tunnland.
210 347 89 22 Säledes
315 347 143 21 tillsammans
475 348 78 25 67,726
566 347 122 27 jordegare,
705 353 46 15 som
768 354 40 21 ega
824 349 26 20 10
865 346 33 23 till

69 377 42 20 200
127 375 104 22 tunnland
246 375 63 22 odlad
322 375 56 27 jord.
408 376 45 21 Det
469 377 25 20 är
507 375 47 28 just
577 375 64 21 dessa
661 375 124 27 jordegare,
802 383 46 15 som
863 377 35 20 ut-

66 406 56 26 göra
137 405 99 21 Finlands
255 404 89 21 bönder.
374 404 75 27 Enligt
466 404 27 21 de
513 403 70 22 siffror
602 404 209 27 landtdagsmannen
825 405 73 21 Dunc-

68 433 40 22 ker
123 433 109 26 framlade,
248 432 68 22 finnes
337 433 37 21 det
394 433 76 21 vidare
487 434 78 25 42,592
583 433 151 27 jordbrukare,
750 439 47 16 som
815 439 40 21 ega
868 435 30 26 10

69 462 105 21 tunnland
190 461 40 22 och
246 461 116 26 derunder;
378 462 65 21 dessa
459 463 39 20 äro
515 461 46 22 dels
577 464 94 24 torpare,
689 461 46 22 dels
750 462 88 21 bönder.
864 462 34 21 An

68 491 75 21 vidare
155 490 69 22 finnes
240 490 37 22 det
292 492 77 25 66,704
386 494 102 25 torpare
498 491 40 21 och
562 491 67 20 andra
649 490 158 27 jordarbetare,
824 490 74 22 hvilka

69 519 48 22 icke
134 525 40 21 ega
187 519 55 27 jord.
266 519 48 22 Men
326 519 28 27 pä
364 519 74 22 hvems
450 519 71 22 nacke
537 521 23 19 är
576 519 43 25 det,
627 525 47 15 som
686 519 63 22 dessa
763 519 134 22 sistnämnda

69 547 71 22 lefva?
168 548 51 21 Just
234 548 28 27 pä
285 549 63 20 dessa
368 549 78 25 67,726
467 548 136 27 jordegares,
621 554 46 15 som
686 547 64 22 hafva
768 550 25 19 10
809 548 31 21 till
856 549 42 20 200

69 577 105 21 tunnland
187 577 55 27 jord.
266 577 44 21 Det
324 578 25 19 är
362 577 46 26 just
424 577 68 20 dessa
507 578 78 25 67,726
598 576 123 27 jordegare,
737 583 47 15 som
799 577 32 21 till
842 578 56 20 stör-

70 608 35 19 sta
121 605 61 22 delen
198 605 120 28 producera
333 605 42 22 den
391 605 106 28 spanmäl,
515 611 46 16 som
576 607 125 25 exporteras
717 605 48 22 frän
780 605 80 26 landet,
875 607 23 26 ty

69 634 49 22 icke
133 633 68 23 förmä
216 634 27 21 de
260 636 61 24 1,108
337 640 16 15 s.
368 634 22 21 k.
406 637 62 18 stora
489 634 123 27 jordegare,
633 640 47 15 som
703 634 114 27 disponera
840 634 59 22 öfver

69 669 46 16 mer
131 665 27 19 än
174 665 41 19 200
235 663 109 25 tunnland,
361 664 33 20 att
409 663 7 20 i
432 663 73 26 nägon
527 663 119 21 nämnvärd
668 663 52 26 grad
743 663 50 27 höja
813 665 85 25 export-

70 691 81 26 siffran,
172 691 125 28 isynnerhet
320 692 90 21 emedan
426 698 28 15 en
470 692 49 21 icke
541 692 110 27 obetydlig
667 692 35 21 del
717 691 24 22 af
755 692 63 21 deras
834 698 65 21 span-

70 721 43 20 mäl
135 721 62 26 ätgär
212 720 33 21 till
265 720 109 27 utfodring
389 719 23 22 af
431 720 98 22 kreatur.
559 720 44 21 Det
619 723 23 18 är
658 722 32 20 ett
705 721 89 21 allmänt
809 721 90 21 talesätt

69 749 41 21 hos
125 749 166 26 frihandlarene,
303 751 33 19 att
346 755 48 15 man
412 755 79 20 genom
505 749 121 27 importtull
641 749 70 22 skulle
727 749 85 28 fördyra
822 749 78 21 brödet

69 777 34 22 för
118 778 41 21 den
174 778 84 26 fattige,
275 778 19 21 d.
306 784 18 15 v.
336 784 18 15 s.
374 778 3 21 i
392 777 92 22 främsta
504 779 92 20 rummet
616 777 33 22 för
669 778 64 21 dessa
749 780 77 25 66,704
839 777 59 28 jord-

69 806 107 22 arbetare.
205 807 51 21 Men
278 806 71 21 såsom
369 806 54 21 hvar
439 806 42 22 och
498 813 26 15 en
544 807 89 26 känner,
649 807 53 26 utgå
719 806 180 27 jordbruksarbe-

71 837 73 19 tarnes
160 835 61 22 löner
237 835 32 21 till
285 837 82 20 största
383 835 63 22 delen
462 835 8 21 i
486 835 104 27 spanmål,
607 835 42 22 och
669 835 84 22 derföre
769 836 77 21 verkar
862 835 38 21 det

71 864 110 26 ingenting
196 864 7 20 i
219 864 45 25 sak,
281 870 33 15 om
338 864 195 26 spanmålstunnan
555 864 34 21 för
604 865 49 20 dem
667 864 74 21 kostar
756 864 67 26 några
837 864 63 21 mark

70 898 60 15 mera
145 892 53 22 eller
212 892 89 22 mindre.
331 892 63 22 Hvad
416 892 211 22 industriarbetarne
649 892 108 27 beträffar,
775 892 24 22 så
819 894 24 20 är
862 892 36 22 det

71 921 90 27 möjligt,
178 922 32 20 att
226 921 176 27 spanmålstullen
425 921 76 22 kunde
521 920 86 28 fördyra
622 921 78 21 brödet
715 920 32 22 för
763 922 55 21 dem.
848 921 50 21 Men

71 951 24 20 är
111 949 37 22 det
163 950 28 21 då
206 950 42 21 den
263 949 99 28 fattigare
378 950 123 27 arbetaren,
519 956 45 15 som
579 950 35 21 får
628 950 73 21 betala
717 950 70 21 denna
801 949 97 28 prisskil-

71 978 59 22 nad?
159 979 125 26 Ingalunda,
301 981 53 19 utan
370 979 68 26 enligt
451 979 45 21 min
511 979 65 21 tanke
591 979 189 22 industriidkaren.

139 1007 47 21 Här
208 1007 39 22 har
270 1007 65 22 också
357 1007 138 27 framhållits,
513 1009 32 20 att
560 1014 26 15 en
601 1008 40 21 tull
657 1008 28 27 på
707 1007 98 28 spanmål
827 1007 72 22 skulle

70 1035 77 22 föröka
168 1036 153 27 emigrationen
343 1036 47 21 från
410 1036 83 21 landet.
523 1037 126 21 Emellertid
664 1037 67 26 pågår
746 1037 70 21 denna
832 1036 67 21 redan

71 1071 30 14 nu
115 1064 8 21 i
138 1064 25 21 så
178 1067 46 19 stor
238 1065 67 26 skala,
322 1067 32 19 att
374 1071 51 15 man
447 1065 60 21 förut
529 1065 53 26 icke,
605 1065 129 22 åtminstone
754 1065 28 27 på
801 1065 41 21 den
858 1066 40 25 ort,

71 1093 39 21 der
122 1093 38 27 jag
176 1095 24 20 är
216 1093 79 26 bosatt,
311 1093 39 22 har
374 1095 44 20 sett
441 1094 52 21 dess
509 1093 49 22 like.
589 1094 49 21 Men
655 1093 98 22 hvarföre
769 1096 24 19 är
809 1093 90 26 emigra-

71 1122 74 21 tionen
161 1122 24 21 så
200 1123 61 20 stor?
290 1122 34 26 Jo,
342 1122 72 21 derför
437 1124 35 20 att
495 1123 33 26 de,
545 1129 46 15 som
606 1129 51 15 vore
673 1123 7 20 i
696 1122 83 22 tillfälle
795 1124 32 19 att
842 1121 58 28 gifva

71 1150 76 22 arbete
162 1151 41 21 och
218 1151 124 27 penningar,
359 1151 69 22 under
451 1152 135 21 närvarande
607 1151 149 22 förbållanden
776 1151 48 21 icke
840 1157 60 15 mera

71 1179 73 21 kunna
159 1179 44 22 det.
234 1180 40 21 Till
288 1179 53 28 följd
356 1179 22 22 af
391 1186 29 15 nu
436 1180 96 21 varande
554 1180 148 22 förhållanden
717 1180 42 21 blir
773 1180 85 21 bonden
874 1179 26 22 så

71 1207 119 22 strandsatt
206 1208 41 21 och
263 1209 105 26 utarmad,
385 1210 33 19 att
433 1208 45 22 han
501 1209 48 21 icke
564 1209 74 26 längre
653 1209 42 21 kan
711 1209 57 27 gifva
783 1208 67 27 något
865 1214 35 15 ar-

70 1235 58 23 bete.
159 1236 45 21 Och
228 1237 32 21 till
283 1237 73 21 hvems
379 1237 71 22 fördel
474 1237 52 22 sker
548 1237 39 22 allt
603 1238 74 21 detta?
705 1238 34 27 Ja,
756 1238 37 21 det
808 1237 41 21 kan
862 1237 38 27 jag

69 1265 137 26 sannerligen
221 1265 47 22 icke
283 1265 75 22 förstå.

139 1293 45 21 Här
206 1294 40 21 har
268 1295 66 21 också
356 1296 133 23 omnämnts,
510 1296 33 20 att
566 1295 37 21 det
626 1295 69 21 skulle
711 1301 51 15 vara
777 1295 42 21 den
834 1293 66 28 ryska

70 1322 87 22 rubelns
173 1322 50 27 låga
237 1322 58 27 kurs,
305 1329 46 15 som
366 1323 132 27 nedtrycker
513 1323 68 27 priset
595 1324 28 26 på
638 1323 51 21 våra
703 1323 125 27 produkter.
850 1322 50 22 Men

70 1350 49 22 icke
135 1353 24 19 är
177 1352 37 20 det
236 1352 78 21 endast
334 1351 221 27 spanmålsimporten
577 1352 59 22 öfver
652 1352 33 21 S:t
698 1352 139 25 Petersburg,
854 1356 47 16 som

70 1379 168 22 öfversvämmar
253 1386 42 15 oss.
326 1380 40 21 Till
386 1380 54 27 följd
457 1380 23 22 af
502 1380 215 28 kursförhållandena
740 1381 107 21 inhemtas
864 1380 38 21 det

71 1408 62 21 äfven
156 1410 60 20 stora
238 1409 81 26 partier
342 1409 99 27 spanmål
466 1409 103 27 sjövägen
591 1409 47 21 från
654 1409 247 27 Östersjöprovinserna.

71 1436 47 22 Och
141 1436 56 22 hvad
220 1437 70 22 denna
312 1438 52 20 kurs
387 1437 112 27 beträffar,
521 1438 25 21 så
565 1438 63 21 hafva
643 1438 20 21 vi
679 1438 54 26 icke,
749 1440 51 25 tror
808 1437 44 27 jag,
869 1438 33 20 att

71 1464 99 23 förvänta
184 1466 67 27 något
274 1466 100 27 stigande
397 1466 69 27 deraf,
483 1468 52 20 utan
553 1472 89 16 snarare
657 1468 99 20 tvärtom.
785 1466 64 21 Ännu
865 1465 37 21 vill

69 1493 38 27 jag
122 1494 85 27 påpeka
222 1495 42 21 den
280 1495 198 26 omständigbeten,
489 1497 34 19 att
538 1495 61 22 skola
610 1495 20 22 vi
646 1496 83 26 engång
744 1494 109 27 uppträda
867 1494 35 21 så-

70 1528 47 15 som
131 1522 137 28 frihandlare,
284 1523 25 21 sä
324 1523 35 21 må
374 1524 20 21 vi
411 1523 28 22 då
455 1525 54 26 göra
524 1524 37 21 det
575 1524 28 27 pä
619 1524 42 21 alla
677 1524 108 21 områden.
808 1522 94 22 Hvarför
