1100 1748
245 102 28 20 88
497 102 201 23 Talonpoikaissääty
711 103 51 17 1899.

215 170 76 23 klaras
310 171 52 22 eller
380 170 124 28 upphäfvas
523 173 78 21 endast
619 172 28 28 på
665 172 163 27 framställning
843 172 26 22 af
881 172 107 28 Kejsaren
1002 171 41 22 och

216 199 138 22 Storfursten
376 202 56 20 samt
454 202 49 20 med
525 201 44 22 alla
587 201 52 28 fyra
657 201 104 22 ståndens
776 201 69 22 bifall.
876 201 71 22 Dessa
962 200 78 28 gamla,

215 229 191 26 regentbesvurna
420 230 261 28 grundlagsstadganden
695 231 42 21 har
752 236 50 16 man
812 231 60 20 velat
883 230 70 21 rubba
963 235 76 22 genom

215 257 82 27 nådiga
317 257 125 22 manifestet
461 258 26 22 af
503 259 42 21 den
562 260 25 20 15
604 259 99 22 februari
714 259 71 28 jämte
801 259 26 21 de
843 259 119 21 detsamma
978 257 63 23 åtföl-

213 286 68 27 jande
296 287 215 27 grundstadganden,
527 288 77 21 hvilka
619 289 58 21 dock
692 289 18 27 ej
728 294 43 21 ega
785 287 63 22 kraft
863 287 25 22 af
900 288 37 27 lag
947 288 39 21 hos
997 293 43 21 oss,

216 314 29 21 då
260 315 27 21 de
299 315 25 28 ju
339 315 124 22 tillkommit
477 318 53 19 utan
545 318 132 20 ständernas
692 317 141 21 medvärkan.
864 316 89 27 Därför,
969 323 34 14 om
1018 316 22 21 vi

215 343 53 28 ingå
290 343 29 28 på
341 350 27 15 en
386 345 73 27 saklig
477 345 133 28 behandling
626 345 25 22 af
663 345 192 28 propositionerna
871 351 34 16 om
920 345 121 27 utjämning

216 371 26 22 af
259 373 43 21 den
319 373 120 22 finansiella
459 374 39 21 och
517 375 124 26 personella
657 375 228 26 värnepliktstungan,
901 373 75 22 hvilka
990 380 50 20 pro-

215 401 122 27 positioner
359 401 120 23 förklarats
501 403 72 22 såsom
595 404 188 27 angelägenheter
797 403 94 21 rörande
911 403 49 21 hela
975 403 64 26 riket,

217 430 40 21 och
276 431 27 20 de
322 431 40 21 där
377 431 54 22 böra
449 431 89 28 afgöras
557 432 70 27 enligt
642 431 127 22 manifestet
785 432 40 21 och
841 432 198 27 grundstadgarna,

215 458 8 22 i
239 459 41 21 och
295 460 48 20 med
359 460 120 21 detsamma
495 461 87 21 kränka
596 461 23 21 vi
631 461 55 21 våra
696 461 142 27 grundlagar,
851 460 39 22 vår
900 460 138 21 konstitutio-

215 487 59 22 nella
296 489 51 26 rätt,
372 489 39 21 och
433 489 120 22 medvärka
575 489 35 22 till
633 491 33 20 att
687 489 127 22 manifestet
833 489 35 21 får
882 488 61 22 kraft
959 488 24 22 af
995 489 42 27 lag.

215 516 58 21 Lika
290 517 49 21 litet
359 523 64 16 anser
438 519 41 26 jag
497 520 33 19 att
545 519 27 21 de
587 525 36 15 oss
639 518 116 27 förelagda
770 518 269 27 värnepliktspropositio-

215 551 69 16 nerna
306 545 54 22 böra
382 547 73 21 kunna
473 549 110 26 upptagas
598 547 34 22 till
647 547 140 27 behandling,
804 547 90 21 emedan
910 546 65 22 äfven
990 547 48 21 med

216 575 48 20 dem
284 575 125 27 otvetydigt
426 576 58 21 skall
501 576 87 21 komma
607 577 34 20 att
659 575 96 22 förfaras
775 575 69 28 enligt
859 575 125 22 manifestet
999 576 40 21 och

215 604 230 27 grundstadgandena.
480 605 68 21 Detta
570 605 49 21 mitt
641 605 121 26 påstående
785 605 98 26 grundar
905 605 34 26 sig
961 604 77 22 främst

215 631 70 28 därpå
305 634 34 20 att
353 633 8 21 i
375 633 114 27 ingressen
506 633 34 22 till
559 633 305 28 värnepliktspropositionen
881 635 71 26 säges,
968 635 34 20 att
1016 633 26 22 af

215 661 120 21 ständerna
351 664 92 19 emotses
459 662 119 28 utlåtande,
590 663 8 21 i
608 663 59 21 hvad
678 662 49 22 mån
743 663 41 21 den
796 661 107 28 påtänkta
914 663 124 26 omgestalt-

214 689 82 27 ningen
312 689 25 22 af
349 690 188 23 militärväsendet
554 691 8 22 i
581 691 93 22 Finland
693 693 25 20 är
733 692 42 21 här
790 691 113 27 praktiskt
917 691 121 27 genomför-

214 717 47 28 bar,
277 719 124 27 hvarjämte
420 721 92 26 antydes
530 722 33 19 att
579 721 119 20 ständerna
713 720 110 21 behandla
839 720 70 21 denna
924 719 64 28 fråga
1002 726 36 15 en-

215 747 51 21 dast
280 747 8 22 i
304 748 111 27 egenskap
433 748 26 21 af
476 748 147 28 rådgifvande
638 749 135 27 församling.
805 748 82 22 Vidare
903 748 97 27 framgår
1015 748 25 22 af

215 776 27 21 de
265 776 191 27 propositionerna
478 777 122 28 åtföljande
622 777 168 28 handlingarna,
810 779 34 20 att
861 777 61 22 vissa
939 777 97 28 myndig-

214 804 63 21 heter
292 805 8 21 i
314 805 172 28 Kejsaredömet,
502 807 107 21 särskildt
624 807 68 26 ryska
707 806 169 27 rikskonseljen,
892 807 96 21 kommer
1003 808 34 20 att

214 833 145 22 tillerkännas
375 836 45 20 rätt
435 836 34 20 att
483 835 98 27 granska
595 836 131 21 ständernas
742 835 120 22 utlåtande.

284 861 13 29 8
313 863 12 20 2
341 862 26 22 af
380 864 26 21 de
423 864 41 21 den
480 865 25 19 15
521 863 99 23 februari
634 864 169 28 promulgerade
815 864 227 27 grundstadgandena

214 890 115 22 äfvensom
344 892 42 21 den
401 892 92 22 komites
508 893 117 27 protokoll,
637 900 47 14 som
694 892 106 28 uppgjort
811 892 108 28 förslaget
929 893 32 21 till
973 894 64 20 dessa

214 920 217 28 grundstadganden,
449 923 104 25 upplyser
576 928 35 16 oss
631 928 40 21 om,
690 923 34 20 att
742 921 115 28 möjlighet
871 921 68 21 finnes
955 921 33 22 för
1004 923 35 20 att

213 948 170 28 lagstiftningen
399 950 111 27 angående
525 950 51 22 vårt
591 950 180 22 militärväsende
784 950 45 21 kan
839 950 144 22 underkastas
995 951 42 21 den

213 976 8 22 i
237 977 64 21 dessa
316 979 137 26 stadganden
469 978 89 28 angifna
574 979 121 27 ordningen
710 979 36 21 för
761 978 117 22 stiftandet
887 978 26 22 af
920 979 116 27 rikslagar.

213 1005 52 22 Men
289 1012 34 16 om
342 1006 22 22 vi
382 1007 7 21 i
408 1008 37 20 det
462 1008 87 27 längsta
564 1008 73 22 tviflat
652 1008 29 26 på
696 1008 73 21 denna
783 1007 120 27 möjlighet,
920 1014 34 15 om
968 1008 23 21 vi
1006 1008 32 21 alt

213 1033 138 23 fortfarande
366 1036 101 28 hoppats,
479 1038 32 20 att
526 1038 42 20 den
579 1043 44 21 nya
633 1036 206 27 värnepliktslagen
849 1036 57 22 skall
916 1036 121 22 framträda

213 1062 8 22 i
243 1064 180 28 grundlagsenlig
446 1065 98 27 ordning,
563 1065 26 21 så
606 1065 69 22 hafva
689 1066 23 21 vi
727 1065 81 22 svikits
823 1064 8 22 i
845 1064 55 22 våra
915 1065 63 21 bästa
994 1065 43 22 för-

212 1091 141 28 hoppningar
371 1099 78 21 genom
467 1095 33 20 att
518 1095 27 20 de
566 1100 35 16 oss
617 1094 115 27 förelagda
747 1094 192 26 propositionerna
955 1100 33 15 om
1002 1096 34 20 ut-

210 1120 119 26 jämnande
345 1120 25 22 af
383 1122 42 21 den
439 1122 113 22 finansiela
568 1123 41 21 och
623 1123 117 27 personela
755 1122 223 27 värnepliktstungan
992 1122 43 22 för-

212 1148 86 23 klarats
320 1150 64 22 skola
405 1151 118 21 behandlas
547 1151 71 27 enligt
640 1151 127 22 manifestet
790 1150 25 22 af
833 1152 41 21 den
891 1152 26 20 15
933 1150 102 23 februari.

212 1177 70 22 Detta
299 1178 98 28 framgår
415 1180 124 27 otvetydigt
557 1180 64 22 såväl
636 1180 27 21 af
675 1180 166 26 propositionen
857 1186 34 16 om
906 1180 42 21 den
962 1186 74 20 perso-

212 1206 51 22 nela
278 1208 227 28 värnepliktstungan,
524 1215 47 15 som
587 1208 60 22 afser
662 1209 94 27 ändring
772 1208 25 22 af
811 1207 12 30 $
839 1209 11 20 7
866 1208 8 22 i
889 1208 145 27 värneplikts-

211 1235 73 28 lagen,
299 1242 47 15 som
362 1236 26 22 af
400 1238 112 26 uttrycket
526 1237 8 22 i
549 1237 171 28 propositionen,
737 1239 40 26 att,
789 1237 28 22 dä
828 1238 71 21 denna
909 1237 64 28 fräga
984 1244 52 21 eger

212 1264 141 28 oskiljaktigt
368 1266 104 21 samband
488 1267 47 20 med
551 1266 212 27 värnepliktslagen,
779 1266 40 21 har
834 1266 62 21 Hans
912 1266 124 27 Kejserliga

211 1292 107 28 Majestät
335 1294 96 27 behagat
449 1295 110 21 anbefalla
577 1297 33 19 att
625 1296 126 20 densamma
766 1295 58 21 skall
838 1295 119 21 behandlas
972 1295 7 21 i
994 1296 42 21 den

212 1321 94 28 ordning
324 1329 46 15 som
393 1323 100 27 angifves
515 1323 8 22 i
545 1324 226 27 grundstadgandena
789 1323 26 22 af
832 1324 41 21 den
890 1325 25 19 15
932 1323 102 22 februari.

212 1349 47 22 Och
275 1350 28 21 dä
317 1351 23 21 vi
356 1351 57 22 altså
428 1351 19 28 ej
463 1352 72 21 känna
550 1352 35 21 till
599 1352 73 27 någon
687 1359 72 15 annan
771 1352 94 27 ordning
875 1351 34 22 för
919 1352 116 22 stiftandet

211 1378 26 21 af
249 1379 38 27 lag
303 1379 25 22 af
340 1386 30 15 nu
384 1379 170 28 ifrägavarande
565 1381 48 27 slag
624 1383 29 19 än
663 1382 42 20 den
716 1381 7 21 i
733 1381 56 21 vära
800 1381 138 27 grundlagar
948 1383 87 25 strängt

211 1407 92 27 angifna
325 1409 41 21 och
389 1409 27 21 dä
438 1410 41 21 den
501 1410 68 27 ryska
588 1409 278 28 själfbeherskaremakten
884 1410 19 27 ej
920 1410 43 21 kan
977 1410 59 27 gälla

211 1435 35 22 för
268 1436 37 27 lag
324 1437 8 20 i
351 1437 100 27 Finland,
471 1444 63 15 anser
546 1439 41 27 jag
602 1440 34 19 att
650 1438 193 27 propositionerna
858 1439 19 27 ej
893 1439 74 21 kunna
981 1445 54 20 upp-

210 1465 66 26 tagas
291 1465 34 21 till
339 1465 138 29 behandling.
