1100 1745
312 104 98 18 Tiistaina
421 104 22 17 23
456 103 45 23 p:nä
513 103 126 18 toukokuuta.
832 104 27 20 89

132 173 45 27 Jag
191 174 41 21 har
247 173 57 27 tagit
318 173 45 26 mig
374 172 95 22 friheten
479 172 117 22 framhålla
607 173 71 21 denna
688 173 43 21 min
743 173 65 27 åsikt,
821 173 67 21 ehuru

63 203 59 22 mina
136 201 189 28 meningsfränder
340 201 44 22 fått
400 208 26 15 en
441 202 86 26 ganska
541 203 78 26 sträng
629 201 83 27 skrapa
722 201 25 22 af
755 201 134 22 kommunal-

64 231 64 22 rådet
142 231 119 27 Meurman,
280 231 90 21 hvilken
389 230 83 27 skrapa
492 231 57 21 dock
564 230 49 21 icke
628 231 64 20 torde
706 230 69 22 hafva
790 230 59 22 varit
864 229 25 22 så

63 260 39 22 illa
116 261 64 20 ment.

133 287 114 23 Edusmies
263 287 102 28 Flygare:
381 287 106 22 Finlands
503 288 90 21 ständer
607 287 69 22 hafva
690 287 29 27 på
734 287 121 28 befallning
866 286 23 22 af

64 317 62 22 Hans
141 317 111 27 Majestät,
268 317 85 20 landets
369 315 129 28 Storfurste,
514 315 75 22 blifvit
603 316 187 21 sammankallade
805 317 34 21 till
853 323 35 14 ur-

64 345 54 22 tima
132 346 106 26 landtdag
253 345 34 22 för
303 347 34 19 att
352 344 87 27 afgifva
454 346 104 26 yttrande
574 345 13 21 å
602 345 42 21 den
659 344 83 27 nådiga
757 345 131 27 propositio-

64 381 43 15 nen
123 374 33 21 till
171 381 29 20 ny
215 373 181 28 värnepligtslag,
412 380 47 15 som
474 374 123 21 utarbetats
613 373 36 22 för
665 374 60 21 detta
740 373 57 22 land.

133 403 45 27 Jag
195 403 41 21 har
254 402 49 22 från
324 403 147 26 landtdagens
493 403 84 27 början,
597 403 69 21 ehuru
689 402 49 21 icke
760 402 128 22 bevandrad

64 432 100 21 hvarken
178 431 8 22 i
198 431 84 28 juridik
297 431 53 21 eller
365 431 148 27 statsrättslig
526 431 130 27 vetenskap,
668 431 59 21 varit
738 430 25 21 af
771 427 42 25 den
824 430 63 27 åsigt,

66 461 32 20 att
122 461 117 20 ständerna
261 459 48 22 icke
331 459 76 22 kunna
428 459 109 22 behandla
556 459 172 28 ifrågavarande
743 459 146 27 värnepligts-

65 489 167 26 propositioner,
249 489 89 20 emedan
354 489 27 21 de
397 488 127 22 tillkommit
538 488 29 27 på
583 490 32 19 ett
629 490 52 24 sätt,
697 494 47 15 som
759 488 46 21 står
815 489 8 21 i
833 487 55 22 strid

65 518 48 21 med
127 518 84 21 landets
227 517 151 27 konstitution,
395 516 114 23 äfvensom
520 519 33 19 att
564 518 26 20 de
601 517 49 21 icke
660 517 99 21 tillstälts
770 517 119 21 ständerna

65 546 7 21 i
88 546 179 27 grundlagsenlig
283 545 99 28 ordning.

135 575 71 21 Sedan
225 575 40 27 jag
288 581 28 15 nu
339 574 88 21 erhållit
445 575 36 21 del
499 574 26 22 af
537 575 170 26 Lagutskottets
722 575 119 26 utmärkta,
857 574 32 21 alt

65 603 86 28 igenom
173 604 118 27 belysande
313 603 141 22 betänkande
476 603 33 22 uti
532 604 71 21 denna
621 603 35 22 för
672 603 50 22 vårt
737 603 51 21 land
803 603 25 21 så
843 602 45 22 lifs-

65 631 87 28 vigtiga
174 632 69 27 fråga,
266 633 41 20 har
327 632 40 27 jag
385 632 34 21 till
438 631 55 22 fullo
509 633 84 20 stärkts
609 632 7 21 i
631 632 45 21 min
691 631 149 28 öfvertygelse
855 633 34 20 att

65 662 119 21 ständerna
202 661 49 22 icke
265 661 54 21 böra
334 661 109 21 behandla
457 661 62 22 detta
535 662 80 20 ärende
631 661 33 21 uti
680 661 41 21 den
737 660 56 22 form
809 661 36 20 det
859 666 30 15 nu

65 689 126 28 föreligger.

135 718 34 21 Då
184 719 41 27 jag
243 718 96 27 begärde
356 719 69 26 ordet,
440 725 42 14 var
498 719 37 20 det
550 718 19 27 ej
587 718 93 22 allenast
695 718 44 21 min
753 718 88 27 mening
856 719 34 20 att

65 747 90 22 härmed
170 747 102 22 markera
287 747 42 21 min
345 747 60 27 åsigt
419 747 8 21 i
443 748 72 20 denna
529 747 71 27 fråga,
616 748 53 21 utan
681 747 41 22 ock
732 748 33 20 att
775 747 50 21 litet
836 747 54 20 orda

66 782 34 15 om
115 776 55 21 huru
186 775 164 22 förhållandena
365 776 71 21 skulle
451 776 87 21 komma
553 777 33 20 att
602 776 96 27 gestalta
711 775 34 28 sig
760 775 8 22 i
779 775 50 22 vårt
839 775 51 22 land

66 811 35 14 om
116 805 22 21 vi
154 804 87 22 afstodo
257 804 49 22 från
320 804 41 22 vår
376 805 153 26 konstitution,
545 806 58 20 samt
617 804 24 22 af
650 804 43 22 fem
703 805 118 20 monarker
831 805 58 20 stad-

66 833 86 22 fästade
169 834 39 21 och
223 833 110 22 besvurna
348 833 142 27 grundlagar.
514 833 35 22 Då
558 840 29 15 nu
597 833 52 22 flere
660 834 70 21 talare
741 834 68 20 redan
819 834 71 26 yttrat

66 861 34 28 sig
115 862 138 27 härutinnan,
269 868 53 15 vore
337 863 33 19 ett
384 863 143 25 upprepande
543 861 25 22 af
579 868 83 15 samma
677 862 80 21 tankar
772 861 97 27 onödigt,
882 861 8 21 i

66 891 119 26 synnerhet
207 897 46 15 som
273 890 39 28 jag
334 892 25 20 är
383 890 25 22 af
427 896 84 16 samma
529 890 58 28 åsigt
605 897 46 15 som
667 890 92 22 uttalats
775 890 25 22 af
813 891 77 21 herrar

66 919 88 21 Eklund
173 920 39 21 och
232 919 92 21 Starcke
340 920 40 20 och
396 920 39 20 ber
447 919 41 27 jag
504 919 23 21 få
542 919 77 22 förena
634 919 45 27 mig
693 920 8 21 i
716 920 136 26 antagandet
867 918 25 22 af

66 948 42 21 den
124 948 25 21 af
161 948 27 21 hr
203 948 87 21 Eklund
306 948 127 27 föreslagna
447 948 115 22 klämmen.

135 977 114 21 Edusmies
265 976 117 23 Stenroth:
398 977 45 27 Jag
459 977 40 21 ber
513 976 29 28 på
558 978 26 20 de
599 978 103 26 grunder,
714 983 46 15 som
771 976 84 22 anförts
867 976 26 21 af

65 1005 39 21 hrr
119 1005 88 22 Eklund
222 1006 41 21 och
279 1006 99 25 Starcke,
396 1008 32 18 att
444 1005 23 22 få
481 1005 86 27 påyrka
577 1005 152 28 föreliggande
739 1005 150 21 betänkandes

66 1033 143 23 förkastande
233 1034 40 22 och
295 1034 89 22 förenar
404 1034 44 27 mig
468 1040 34 16 om
519 1035 36 21 det
570 1034 185 28 tillvägagående,
771 1040 47 16 som
833 1033 56 22 före-

66 1062 77 28 slagits
160 1062 25 22 af
197 1064 26 20 hr
238 1063 93 21 Eklund.

135 1091 114 22 Edusmies
266 1091 52 23 Näs:
341 1091 35 21 Då
394 1091 73 27 någon
486 1092 70 21 talare
576 1091 63 22 såväl
658 1098 29 15 nu
702 1098 46 15 som
763 1092 69 20 under
847 1090 43 22 för-

66 1119 128 28 middagens
209 1120 87 27 plenum
311 1121 81 21 uttalat
407 1120 34 27 sig
457 1120 36 22 för
507 1121 124 21 värnandet
647 1120 25 22 af
685 1120 55 21 våra
755 1120 135 27 grundlagar

66 1148 42 22 och
130 1149 109 21 derunder
261 1149 78 21 citerat
361 1149 122 21 historiska
505 1150 133 26 aktstycken
653 1148 26 22 af
691 1149 61 21 äldre
767 1149 40 21 och
822 1154 69 21 nyare

66 1178 58 24 data,
138 1177 87 22 hvilkas
241 1178 102 27 samtliga
358 1178 106 21 innebörd
480 1178 137 21 tillförsäkra
628 1184 35 15 oss
675 1184 26 15 en
711 1178 29 26 på
751 1178 64 21 dessa
825 1184 65 20 grun-

66 1206 40 21 der
127 1206 102 22 hvilande
251 1206 110 22 autonomi
384 1207 40 21 och
447 1206 141 28 följaktligen
610 1206 108 28 rättighet
733 1208 33 20 att
781 1206 8 21 i
803 1205 88 23 samråd

66 1235 49 21 med
130 1236 119 20 monarken
265 1235 62 22 stifta
342 1236 44 26 lag,
403 1235 24 21 så
443 1242 66 14 anser
522 1235 39 27 jag
577 1236 38 20 det
630 1242 55 15 vara
700 1234 141 28 öfverflödigt
857 1236 34 20 att

66 1263 56 27 ånyo
139 1270 98 20 upprepa
253 1264 125 27 detsamma,
394 1264 59 21 hälst
466 1264 41 27 jag
522 1264 71 27 hyllar
608 1270 83 15 samma
706 1264 63 27 åsigt.
794 1264 44 21 För
849 1264 41 20 den

66 1292 57 21 skull
138 1292 132 21 inskränker
282 1292 40 27 jag
337 1292 45 27 mig
397 1292 56 21 blott
469 1293 34 20 till
518 1292 102 27 följande.
647 1292 35 21 Då
696 1293 100 21 hvarken
812 1292 27 21 de
853 1291 37 22 nå-

66 1320 52 27 diga
136 1321 190 26 propositionerna
344 1321 8 21 i
372 1320 65 28 fråga
456 1321 42 21 och
512 1321 49 21 icke
577 1327 38 15 ens
631 1321 81 27 nådiga
727 1320 126 22 manifestet
868 1319 25 22 af

66 1349 42 21 den
124 1350 25 19 15
166 1349 97 22 februari
283 1349 197 22 öfverensstämma
496 1351 47 20 med
559 1349 55 22 våra
629 1350 140 27 grundlagar,
786 1349 25 22 så
827 1355 64 15 anser

63 1378 40 27 jag
123 1377 44 28 mig
181 1378 50 21 icke
246 1379 73 20 kunna
335 1379 90 26 deltaga
439 1378 8 21 i
462 1378 74 27 någon
551 1378 147 27 detaljdebatt
713 1378 112 27 angående
842 1378 26 20 de
883 1377 8 21 i

65 1407 110 21 utskottet
190 1406 35 22 för
241 1407 123 21 ändamålet
379 1407 116 21 tillkomna
510 1407 175 27 betänkandena,
696 1409 53 19 utan
764 1405 127 23 framhåller

66 1435 76 21 därför
160 1436 37 21 det
212 1436 119 21 ständerna
345 1435 53 22 ville
412 1435 51 27 ingå
479 1437 49 20 med
543 1436 98 27 begäran
657 1437 37 20 det
709 1436 61 21 Hans
785 1435 106 28 Majestät

65 1464 86 21 täcktes
171 1464 8 21 i
197 1464 68 21 nåder
284 1463 135 23 öfverlemna
437 1464 34 21 till
486 1465 256 21 nästsammanträdande
757 1465 91 20 ständer
863 1469 27 16 en

64 1492 30 27 på
109 1493 179 27 grundlagsenlig
304 1495 43 24 väg
363 1493 136 21 tillkommen
513 1493 137 27 proposition
666 1493 7 21 i
688 1493 71 21 denna
769 1493 47 27 sak,
826 1493 64 21 hvar-
